{
    "2023-03-31": {
        "Tax Effect Of Unusual Items": NaN,
        "Tax Rate For Calcs": NaN,
        "Normalized EBITDA": NaN,
        "Total Unusual Items": NaN,
        "Total Unusual Items Excluding Goodwill": NaN,
        "Net Income From Continuing Operation Net Minority Interest": NaN,
        "Reconciled Depreciation": NaN,
        "Reconciled Cost Of Revenue": NaN,
        "EBITDA": NaN,
        "EBIT": NaN,
        "Net Interest Income": NaN,
        "Interest Income": 1822000.0,
        "Normalized Income": NaN,
        "Net Income From Continuing And Discontinued Operation": NaN,
        "Total Expenses": NaN,
        "Total Operating Income As Reported": NaN,
        "Diluted Average Shares": NaN,
        "Basic Average Shares": NaN,
        "Diluted EPS": NaN,
        "Basic EPS": NaN,
        "Diluted NI Availto Com Stockholders": NaN,
        "Net Income Common Stockholders": NaN,
        "Net Income": NaN,
        "Net Income Including Noncontrolling Interests": NaN,
        "Net Income Continuous Operations": NaN,
        "Tax Provision": NaN,
        "Pretax Income": NaN,
        "Other Income Expense": NaN,
        "Other Non Operating Income Expenses": NaN,
        "Gain On Sale Of Security": NaN,
        "Net Non Operating Interest Income Expense": NaN,
        "Total Other Finance Cost": -1822000.0,
        "Interest Income Non Operating": 1822000.0,
        "Operating Income": NaN,
        "Operating Expense": NaN,
        "Research And Development": NaN,
        "Selling General And Administration": NaN,
        "Selling And Marketing Expense": NaN,
        "General And Administrative Expense": NaN,
        "Other Gand A": NaN,
        "Gross Profit": NaN,
        "Cost Of Revenue": NaN,
        "Total Revenue": NaN,
        "Operating Revenue": NaN
    },
    "2022-12-31": {
        "Tax Effect Of Unusual Items": NaN,
        "Tax Rate For Calcs": NaN,
        "Normalized EBITDA": NaN,
        "Total Unusual Items": NaN,
        "Total Unusual Items Excluding Goodwill": NaN,
        "Net Income From Continuing Operation Net Minority Interest": NaN,
        "Reconciled Depreciation": NaN,
        "Reconciled Cost Of Revenue": NaN,
        "EBITDA": NaN,
        "EBIT": NaN,
        "Net Interest Income": NaN,
        "Interest Income": NaN,
        "Normalized Income": NaN,
        "Net Income From Continuing And Discontinued Operation": NaN,
        "Total Expenses": NaN,
        "Total Operating Income As Reported": NaN,
        "Diluted Average Shares": NaN,
        "Basic Average Shares": NaN,
        "Diluted EPS": NaN,
        "Basic EPS": NaN,
        "Diluted NI Availto Com Stockholders": NaN,
        "Net Income Common Stockholders": NaN,
        "Net Income": NaN,
        "Net Income Including Noncontrolling Interests": NaN,
        "Net Income Continuous Operations": NaN,
        "Tax Provision": NaN,
        "Pretax Income": NaN,
        "Other Income Expense": NaN,
        "Other Non Operating Income Expenses": NaN,
        "Gain On Sale Of Security": NaN,
        "Net Non Operating Interest Income Expense": NaN,
        "Total Other Finance Cost": -1514000.0,
        "Interest Income Non Operating": NaN,
        "Operating Income": NaN,
        "Operating Expense": NaN,
        "Research And Development": NaN,
        "Selling General And Administration": NaN,
        "Selling And Marketing Expense": NaN,
        "General And Administrative Expense": NaN,
        "Other Gand A": NaN,
        "Gross Profit": NaN,
        "Cost Of Revenue": NaN,
        "Total Revenue": NaN,
        "Operating Revenue": NaN
    },
    "2022-09-30": {
        "Tax Effect Of Unusual Items": -391736.0,
        "Tax Rate For Calcs": 0.184,
        "Normalized EBITDA": 16918000.0,
        "Total Unusual Items": -2129000.0,
        "Total Unusual Items Excluding Goodwill": -2129000.0,
        "Net Income From Continuing Operation Net Minority Interest": 10262000.0,
        "Reconciled Depreciation": 1084000.0,
        "Reconciled Cost Of Revenue": 15584000.0,
        "EBITDA": 14789000.0,
        "EBIT": 13705000.0,
        "Net Interest Income": 897000.0,
        "Interest Income": NaN,
        "Normalized Income": 11999264.0,
        "Net Income From Continuing And Discontinued Operation": 10262000.0,
        "Total Expenses": 62341000.0,
        "Total Operating Income As Reported": 13705000.0,
        "Diluted Average Shares": 49549000.0,
        "Basic Average Shares": 48102000.0,
        "Diluted EPS": 0.21,
        "Basic EPS": 0.21,
        "Diluted NI Availto Com Stockholders": 10262000.0,
        "Net Income Common Stockholders": 10262000.0,
        "Net Income": 10262000.0,
        "Net Income Including Noncontrolling Interests": 10262000.0,
        "Net Income Continuous Operations": 10262000.0,
        "Tax Provision": 2315000.0,
        "Pretax Income": 12577000.0,
        "Other Income Expense": -2025000.0,
        "Other Non Operating Income Expenses": 104000.0,
        "Gain On Sale Of Security": -2129000.0,
        "Net Non Operating Interest Income Expense": 897000.0,
        "Total Other Finance Cost": -897000.0,
        "Interest Income Non Operating": NaN,
        "Operating Income": 13705000.0,
        "Operating Expense": 46757000.0,
        "Research And Development": 9616000.0,
        "Selling General And Administration": 37141000.0,
        "Selling And Marketing Expense": 23130000.0,
        "General And Administrative Expense": 14011000.0,
        "Other Gand A": 14011000.0,
        "Gross Profit": 60462000.0,
        "Cost Of Revenue": 15584000.0,
        "Total Revenue": 76046000.0,
        "Operating Revenue": 76046000.0
    },
    "2022-06-30": {
        "Tax Effect Of Unusual Items": -292020.0,
        "Tax Rate For Calcs": 0.157,
        "Normalized EBITDA": 19917000.0,
        "Total Unusual Items": -1860000.0,
        "Total Unusual Items Excluding Goodwill": -1860000.0,
        "Net Income From Continuing Operation Net Minority Interest": 13038000.0,
        "Reconciled Depreciation": 1037000.0,
        "Reconciled Cost Of Revenue": 17229000.0,
        "EBITDA": 18057000.0,
        "EBIT": 17020000.0,
        "Net Interest Income": 43000.0,
        "Interest Income": NaN,
        "Normalized Income": 14605980.0,
        "Net Income From Continuing And Discontinued Operation": 13038000.0,
        "Total Expenses": 64081000.0,
        "Total Operating Income As Reported": 17020000.0,
        "Diluted Average Shares": 49223000.0,
        "Basic Average Shares": 47889000.0,
        "Diluted EPS": 0.26,
        "Basic EPS": 0.27,
        "Diluted NI Availto Com Stockholders": 13038000.0,
        "Net Income Common Stockholders": 13038000.0,
        "Net Income": 13038000.0,
        "Net Income Including Noncontrolling Interests": 13038000.0,
        "Net Income Continuous Operations": 13038000.0,
        "Tax Provision": 2431000.0,
        "Pretax Income": 15469000.0,
        "Other Income Expense": -1594000.0,
        "Other Non Operating Income Expenses": 266000.0,
        "Gain On Sale Of Security": -1860000.0,
        "Net Non Operating Interest Income Expense": 43000.0,
        "Total Other Finance Cost": -43000.0,
        "Interest Income Non Operating": NaN,
        "Operating Income": 17020000.0,
        "Operating Expense": 46852000.0,
        "Research And Development": 8636000.0,
        "Selling General And Administration": 38216000.0,
        "Selling And Marketing Expense": 24233000.0,
        "General And Administrative Expense": 13983000.0,
        "Other Gand A": 13983000.0,
        "Gross Profit": 63872000.0,
        "Cost Of Revenue": 17229000.0,
        "Total Revenue": 81101000.0,
        "Operating Revenue": 81101000.0
    },
    "2023-06-30": {
        "Tax Effect Of Unusual Items": NaN,
        "Tax Rate For Calcs": NaN,
        "Normalized EBITDA": NaN,
        "Total Unusual Items": NaN,
        "Total Unusual Items Excluding Goodwill": NaN,
        "Net Income From Continuing Operation Net Minority Interest": NaN,
        "Reconciled Depreciation": NaN,
        "Reconciled Cost Of Revenue": NaN,
        "EBITDA": NaN,
        "EBIT": NaN,
        "Net Interest Income": NaN,
        "Interest Income": 1775000.0,
        "Normalized Income": NaN,
        "Net Income From Continuing And Discontinued Operation": NaN,
        "Total Expenses": NaN,
        "Total Operating Income As Reported": NaN,
        "Diluted Average Shares": NaN,
        "Basic Average Shares": NaN,
        "Diluted EPS": NaN,
        "Basic EPS": NaN,
        "Diluted NI Availto Com Stockholders": NaN,
        "Net Income Common Stockholders": NaN,
        "Net Income": NaN,
        "Net Income Including Noncontrolling Interests": NaN,
        "Net Income Continuous Operations": NaN,
        "Tax Provision": NaN,
        "Pretax Income": NaN,
        "Other Income Expense": NaN,
        "Other Non Operating Income Expenses": NaN,
        "Gain On Sale Of Security": NaN,
        "Net Non Operating Interest Income Expense": NaN,
        "Total Other Finance Cost": -1775000.0,
        "Interest Income Non Operating": 1775000.0,
        "Operating Income": NaN,
        "Operating Expense": NaN,
        "Research And Development": NaN,
        "Selling General And Administration": NaN,
        "Selling And Marketing Expense": NaN,
        "General And Administrative Expense": NaN,
        "Other Gand A": NaN,
        "Gross Profit": NaN,
        "Cost Of Revenue": NaN,
        "Total Revenue": NaN,
        "Operating Revenue": NaN
    },
    "2022-03-31": {
        "Diluted EPS": 0.19,
        "Total Revenue": 63,
        "Gross Profit": 49,
        "Operating Income": 12,
        "EBIT": 13,
        "Net Income": 10
    },
    "2021-12-31": {
        "Diluted EPS": 0.11,
        "Total Revenue": 59,
        "Gross Profit": 45,
        "Operating Income": 7,
        "EBIT": 8,
        "Net Income": 5
    },
    "2021-09-30": {
        "Diluted EPS": 0.12,
        "Total Revenue": 58,
        "Gross Profit": 45,
        "Operating Income": 8,
        "EBIT": 9,
        "Net Income": 6
    },
    "2021-06-30": {
        "Diluted EPS": 0.17,
        "Total Revenue": 62,
        "Gross Profit": 49,
        "Operating Income": 11,
        "EBIT": 12,
        "Net Income": 9
    },
    "2021-03-31": {
        "Diluted EPS": 0.1,
        "Total Revenue": 51,
        "Gross Profit": 39,
        "Operating Income": 7,
        "EBIT": 8,
        "Net Income": 5
    },
    "2020-12-31": {
        "Diluted EPS": 0.07,
        "Total Revenue": 46,
        "Gross Profit": 34,
        "Operating Income": 4,
        "EBIT": 5,
        "Net Income": 3
    },
    "2020-09-30": {
        "Diluted EPS": 0.08,
        "Total Revenue": 47,
        "Gross Profit": 35,
        "Operating Income": 5,
        "EBIT": 6,
        "Net Income": 4
    },
    "2020-06-30": {
        "Diluted EPS": -0.03,
        "Total Revenue": 35,
        "Gross Profit": 24,
        "Operating Income": -1,
        "EBIT": 0,
        "Net Income": -1
    },
    "2020-03-31": {
        "Diluted EPS": -0.0,
        "Total Revenue": 35,
        "Gross Profit": 25,
        "Operating Income": -1,
        "EBIT": 0,
        "Net Income": 0
    },
    "2019-12-31": {
        "Diluted EPS": 0.14,
        "Total Revenue": 39,
        "Gross Profit": 29,
        "Operating Income": 2,
        "EBIT": 3,
        "Net Income": 6
    },
    "2019-09-30": {
        "Diluted EPS": 0.05,
        "Total Revenue": 39,
        "Gross Profit": 29,
        "Operating Income": 3,
        "EBIT": 4,
        "Net Income": 2
    },
    "2019-06-30": {
        "Diluted EPS": 0.08,
        "Total Revenue": 40,
        "Gross Profit": 30,
        "Operating Income": 5,
        "EBIT": 5,
        "Net Income": 4
    },
    "2019-03-31": {
        "Diluted EPS": 0.03,
        "Total Revenue": 33,
        "Gross Profit": 24,
        "Operating Income": 2,
        "EBIT": 3,
        "Net Income": 1
    },
    "2018-12-31": {
        "Diluted EPS": 0.03,
        "Total Revenue": 31,
        "Gross Profit": 23,
        "Operating Income": 1,
        "EBIT": 2,
        "Net Income": 1
    },
    "2018-09-30": {
        "Diluted EPS": 0.03,
        "Total Revenue": 32,
        "Gross Profit": 24,
        "Operating Income": 2,
        "EBIT": 2,
        "Net Income": 1
    },
    "2018-06-30": {
        "Diluted EPS": 0.04,
        "Total Revenue": 34,
        "Gross Profit": 25,
        "Operating Income": 3,
        "EBIT": 4,
        "Net Income": 2
    },
    "2018-03-31": {
        "Diluted EPS": 0.01,
        "Total Revenue": 27,
        "Gross Profit": 19,
        "Operating Income": 1,
        "EBIT": 1,
        "Net Income": 1
    },
    "2017-12-31": {
        "Diluted EPS": -0.01,
        "Total Revenue": 25,
        "Gross Profit": 17,
        "Operating Income": -1,
        "EBIT": 0,
        "Net Income": 0
    },
    "2017-09-30": {
        "Diluted EPS": 0.03,
        "Total Revenue": 23,
        "Gross Profit": 17,
        "Operating Income": 1,
        "EBIT": 2,
        "Net Income": 1
    },
    "2017-06-30": {
        "Diluted EPS": -0.02,
        "Total Revenue": 22,
        "Gross Profit": 15,
        "Operating Income": -1,
        "EBIT": 0,
        "Net Income": -1
    },
    "2017-03-31": {
        "Diluted EPS": -0.05,
        "Total Revenue": 20,
        "Gross Profit": 15,
        "Operating Income": -2,
        "EBIT": -1,
        "Net Income": -2
    },
    "2016-12-31": {
        "Diluted EPS": -0.01,
        "Total Revenue": 22,
        "Gross Profit": 16,
        "Operating Income": 1,
        "EBIT": 2,
        "Net Income": 0
    },
    "2016-09-30": {
        "Diluted EPS": -0.04,
        "Total Revenue": 20,
        "Gross Profit": 15,
        "Operating Income": -2,
        "EBIT": -1,
        "Net Income": -2
    },
    "2016-06-30": {
        "Diluted EPS": -0.05,
        "Total Revenue": 21,
        "Gross Profit": 15,
        "Operating Income": -2,
        "EBIT": -1,
        "Net Income": -2
    },
    "2016-03-31": {
        "Diluted EPS": -0.2,
        "Total Revenue": 19,
        "Gross Profit": 13,
        "Operating Income": -10,
        "EBIT": -9,
        "Net Income": -8
    },
    "2015-12-31": {
        "Diluted EPS": -0.03,
        "Total Revenue": 21,
        "Gross Profit": 15,
        "Operating Income": 0,
        "EBIT": 1,
        "Net Income": -1
    },
    "2015-09-30": {
        "Diluted EPS": -0.04,
        "Total Revenue": 19,
        "Gross Profit": 13,
        "Operating Income": -2,
        "EBIT": -1,
        "Net Income": -2
    },
    "2015-06-30": {
        "Diluted EPS": -0.04,
        "Total Revenue": 19,
        "Gross Profit": 12,
        "Operating Income": -2,
        "EBIT": -1,
        "Net Income": -2
    },
    "2015-03-31": {
        "Diluted EPS": -0.06,
        "Total Revenue": 19,
        "Gross Profit": 13,
        "Operating Income": -2,
        "EBIT": -1,
        "Net Income": -2
    },
    "2014-12-31": {
        "Diluted EPS": -0.06,
        "Total Revenue": 17,
        "Gross Profit": 9,
        "Operating Income": -4,
        "EBIT": -3,
        "Net Income": -3
    },
    "2014-09-30": {
        "Diluted EPS": -0.07,
        "Total Revenue": 18,
        "Gross Profit": 12,
        "Operating Income": -2,
        "EBIT": -1,
        "Net Income": -3
    },
    "2014-06-30": {
        "Diluted EPS": -0.05,
        "Total Revenue": 20,
        "Gross Profit": 14,
        "Operating Income": -1,
        "EBIT": -1,
        "Net Income": -2
    },
    "2014-03-31": {
        "Diluted EPS": -0.04,
        "Total Revenue": 20,
        "Gross Profit": 14,
        "Operating Income": -1,
        "EBIT": -1,
        "Net Income": -1
    },
    "2013-12-31": {
        "Diluted EPS": -0.02,
        "Total Revenue": 19,
        "Gross Profit": 13,
        "Operating Income": -1,
        "EBIT": -1,
        "Net Income": -1
    },
    "2013-09-30": {
        "Diluted EPS": 0.01,
        "Total Revenue": 17,
        "Gross Profit": 12,
        "Operating Income": 0,
        "EBIT": 1,
        "Net Income": 1
    },
    "2013-06-30": {
        "Diluted EPS": 0.01,
        "Total Revenue": 18,
        "Gross Profit": 13,
        "Operating Income": 1,
        "EBIT": 1,
        "Net Income": 0
    },
    "2013-03-31": {
        "Diluted EPS": 0.01,
        "Total Revenue": 18,
        "Gross Profit": 13,
        "Operating Income": 1,
        "EBIT": 2,
        "Net Income": 0
    },
    "2012-12-31": {
        "Diluted EPS": -0.05,
        "Total Revenue": 16,
        "Gross Profit": 11,
        "Operating Income": -1,
        "EBIT": -1,
        "Net Income": -1
    },
    "2012-09-30": {
        "Diluted EPS": 0.0,
        "Total Revenue": 16,
        "Gross Profit": 11,
        "Operating Income": 0,
        "EBIT": 0,
        "Net Income": 0
    },
    "2012-06-30": {
        "Diluted EPS": -0.01,
        "Total Revenue": 16,
        "Gross Profit": 11,
        "Operating Income": 0,
        "EBIT": 0,
        "Net Income": 0
    },
    "2012-03-31": {
        "Diluted EPS": 0.01,
        "Total Revenue": 16,
        "Gross Profit": 11,
        "Operating Income": 0,
        "EBIT": 1,
        "Net Income": 0
    },
    "2011-12-31": {
        "Diluted EPS": 0.01,
        "Total Revenue": 16,
        "Gross Profit": 11,
        "Operating Income": 1,
        "EBIT": 1,
        "Net Income": 0
    },
    "2011-09-30": {
        "Diluted EPS": 0.0,
        "Total Revenue": 15,
        "Gross Profit": 10,
        "Operating Income": 1,
        "EBIT": 1,
        "Net Income": 0
    },
    "2011-06-30": {
        "Diluted EPS": 0.02,
        "Total Revenue": 16,
        "Gross Profit": 11,
        "Operating Income": 1,
        "EBIT": 2,
        "Net Income": 1
    },
    "2011-03-31": {
        "Diluted EPS": 0.01,
        "Total Revenue": 15,
        "Gross Profit": 10,
        "Operating Income": 0,
        "EBIT": 1,
        "Net Income": 0
    },
    "2010-12-31": {
        "Diluted EPS": -0.02,
        "Total Revenue": 14,
        "Gross Profit": 9,
        "Operating Income": -1,
        "EBIT": 0,
        "Net Income": -1
    },
    "2010-09-30": {
        "Diluted EPS": -0.03,
        "Total Revenue": 13,
        "Gross Profit": 8,
        "Operating Income": -1,
        "EBIT": -1,
        "Net Income": -1
    },
    "2010-06-30": {
        "Diluted EPS": -0.05,
        "Total Revenue": 14,
        "Gross Profit": 9,
        "Operating Income": -1,
        "EBIT": 0,
        "Net Income": -2
    },
    "2010-03-31": {
        "Diluted EPS": 0.1,
        "Total Revenue": 14,
        "Gross Profit": 9,
        "Operating Income": 0,
        "EBIT": 1,
        "Net Income": 4
    },
    "2009-12-31": {
        "Diluted EPS": -0.03,
        "Total Revenue": 13,
        "Gross Profit": 8,
        "Operating Income": -1,
        "EBIT": 1,
        "Net Income": -1
    },
    "2009-09-30": {
        "Diluted EPS": -0.06,
        "Total Revenue": 12,
        "Gross Profit": 8,
        "Operating Income": -1,
        "EBIT": 0,
        "Net Income": -2
    },
    "2009-06-30": {
        "Diluted EPS": -0.04,
        "Total Revenue": 13,
        "Gross Profit": 8,
        "Operating Income": -1,
        "EBIT": 0,
        "Net Income": -1
    },
    "2009-03-31": {
        "Diluted EPS": -0.06,
        "Total Revenue": 12,
        "Gross Profit": 8,
        "Operating Income": -2,
        "EBIT": -1,
        "Net Income": -2
    },
    "2023-09-30": {
        "Tax Effect Of Unusual Items": NaN,
        "Tax Rate For Calcs": NaN,
        "Normalized EBITDA": NaN,
        "Total Unusual Items": NaN,
        "Total Unusual Items Excluding Goodwill": NaN,
        "Net Income From Continuing Operation Net Minority Interest": NaN,
        "Reconciled Depreciation": NaN,
        "Reconciled Cost Of Revenue": NaN,
        "EBITDA": NaN,
        "EBIT": NaN,
        "Net Interest Income": NaN,
        "Interest Income": NaN,
        "Normalized Income": NaN,
        "Net Income From Continuing And Discontinued Operation": NaN,
        "Total Expenses": NaN,
        "Total Operating Income As Reported": NaN,
        "Diluted Average Shares": 49370000.0,
        "Basic Average Shares": 48613000.0,
        "Diluted EPS": 0.1,
        "Basic EPS": 0.1,
        "Diluted NI Availto Com Stockholders": NaN,
        "Net Income Common Stockholders": NaN,
        "Net Income": NaN,
        "Net Income Including Noncontrolling Interests": NaN,
        "Net Income Continuous Operations": NaN,
        "Tax Provision": NaN,
        "Pretax Income": NaN,
        "Other Income Expense": NaN,
        "Other Non Operating Income Expenses": NaN,
        "Gain On Sale Of Security": NaN,
        "Net Non Operating Interest Income Expense": NaN,
        "Total Other Finance Cost": -1690000.0,
        "Interest Income Non Operating": NaN,
        "Operating Income": NaN,
        "Operating Expense": NaN,
        "Research And Development": NaN,
        "Selling General And Administration": NaN,
        "Selling And Marketing Expense": NaN,
        "General And Administrative Expense": NaN,
        "Other Gand A": NaN,
        "Gross Profit": NaN,
        "Cost Of Revenue": NaN,
        "Total Revenue": NaN,
        "Operating Revenue": NaN
    },
    "2023-12-31": {
        "Tax Effect Of Unusual Items": 279510.0,
        "Tax Rate For Calcs": 0.21,
        "Normalized EBITDA": 10286000.0,
        "Total Unusual Items": 1331000.0,
        "Total Unusual Items Excluding Goodwill": 1331000.0,
        "Net Income From Continuing Operation Net Minority Interest": 7756000.0,
        "Reconciled Depreciation": 1212000.0,
        "Reconciled Cost Of Revenue": 15548000.0,
        "EBITDA": 11617000.0,
        "EBIT": 10405000.0,
        "Net Interest Income": 1699000.0,
        "Interest Income": NaN,
        "Normalized Income": 6704510.0,
        "Net Income From Continuing And Discontinued Operation": 7756000.0,
        "Total Expenses": 65868000.0,
        "Total Operating Income As Reported": 10405000.0,
        "Diluted Average Shares": 49242000.0,
        "Basic Average Shares": 48815000.0,
        "Diluted EPS": 0.16,
        "Basic EPS": 0.16,
        "Diluted NI Availto Com Stockholders": 7756000.0,
        "Net Income Common Stockholders": 7756000.0,
        "Net Income": 7756000.0,
        "Net Income Including Noncontrolling Interests": 7756000.0,
        "Net Income Continuous Operations": 7756000.0,
        "Tax Provision": 5983000.0,
        "Pretax Income": 13739000.0,
        "Other Income Expense": 1635000.0,
        "Other Non Operating Income Expenses": 304000.0,
        "Gain On Sale Of Security": 1331000.0,
        "Net Non Operating Interest Income Expense": 1699000.0,
        "Total Other Finance Cost": -1699000.0,
        "Interest Income Non Operating": NaN,
        "Operating Income": 10405000.0,
        "Operating Expense": 50320000.0,
        "Research And Development": 10866000.0,
        "Selling General And Administration": 39454000.0,
        "Selling And Marketing Expense": 22596000.0,
        "General And Administrative Expense": 16858000.0,
        "Other Gand A": 16858000.0,
        "Gross Profit": 60725000.0,
        "Cost Of Revenue": 15548000.0,
        "Total Revenue": 76273000.0,
        "Operating Revenue": 76273000.0
    },
    "2024-03-31": {
        "Tax Effect Of Unusual Items": -482370.0,
        "Tax Rate For Calcs": 0.21,
        "Normalized EBITDA": 1253000.0,
        "Total Unusual Items": -2297000.0,
        "Total Unusual Items Excluding Goodwill": -2297000.0,
        "Net Income From Continuing Operation Net Minority Interest": -3339000.0,
        "Reconciled Depreciation": 1237000.0,
        "Reconciled Cost Of Revenue": 16321000.0,
        "EBITDA": -1044000.0,
        "EBIT": -2281000.0,
        "Net Interest Income": 1529000.0,
        "Interest Income": 1529000.0,
        "Normalized Income": -1524370.0,
        "Net Income From Continuing And Discontinued Operation": -3339000.0,
        "Total Expenses": 79637000.0,
        "Total Operating Income As Reported": -2281000.0,
        "Diluted Average Shares": 48907000.0,
        "Basic Average Shares": 48907000.0,
        "Diluted EPS": -0.07,
        "Basic EPS": -0.07,
        "Diluted NI Availto Com Stockholders": -3339000.0,
        "Net Income Common Stockholders": -3339000.0,
        "Net Income": -3339000.0,
        "Net Income Including Noncontrolling Interests": -3339000.0,
        "Net Income Continuous Operations": -3339000.0,
        "Tax Provision": 1128000.0,
        "Pretax Income": -2211000.0,
        "Other Income Expense": -1459000.0,
        "Other Non Operating Income Expenses": 838000.0,
        "Gain On Sale Of Security": -2297000.0,
        "Net Non Operating Interest Income Expense": 1529000.0,
        "Total Other Finance Cost": NaN,
        "Interest Income Non Operating": 1529000.0,
        "Operating Income": -2281000.0,
        "Operating Expense": 63316000.0,
        "Research And Development": 13380000.0,
        "Selling General And Administration": 49936000.0,
        "Selling And Marketing Expense": 26708000.0,
        "General And Administrative Expense": 23228000.0,
        "Other Gand A": 23228000.0,
        "Gross Profit": 61035000.0,
        "Cost Of Revenue": 16321000.0,
        "Total Revenue": 77356000.0,
        "Operating Revenue": 77356000.0
    },
    "2024-06-30": {
        "Tax Effect Of Unusual Items": -872014.0,
        "Tax Rate For Calcs": 0.286,
        "Normalized EBITDA": 16469000.0,
        "Total Unusual Items": -3049000.0,
        "Total Unusual Items Excluding Goodwill": -3049000.0,
        "Net Income From Continuing Operation Net Minority Interest": 7379000.0,
        "Reconciled Depreciation": 1522000.0,
        "Reconciled Cost Of Revenue": 20593000.0,
        "EBITDA": 13420000.0,
        "EBIT": 11898000.0,
        "Net Interest Income": 1422000.0,
        "Interest Income": 1422000.0,
        "Normalized Income": 9555986.0,
        "Net Income From Continuing And Discontinued Operation": 7379000.0,
        "Total Expenses": 87107000.0,
        "Total Operating Income As Reported": 11898000.0,
        "Diluted Average Shares": 49811000.0,
        "Basic Average Shares": 49127000.0,
        "Diluted EPS": 0.15,
        "Basic EPS": 0.15,
        "Diluted NI Availto Com Stockholders": 7379000.0,
        "Net Income Common Stockholders": 7379000.0,
        "Net Income": 7379000.0,
        "Net Income Including Noncontrolling Interests": 7379000.0,
        "Net Income Continuous Operations": 7379000.0,
        "Tax Provision": 2955000.0,
        "Pretax Income": 10334000.0,
        "Other Income Expense": -2986000.0,
        "Other Non Operating Income Expenses": 63000.0,
        "Gain On Sale Of Security": -3049000.0,
        "Net Non Operating Interest Income Expense": 1422000.0,
        "Total Other Finance Cost": NaN,
        "Interest Income Non Operating": 1422000.0,
        "Operating Income": 11898000.0,
        "Operating Expense": 66514000.0,
        "Research And Development": 14054000.0,
        "Selling General And Administration": 52460000.0,
        "Selling And Marketing Expense": 28819000.0,
        "General And Administrative Expense": 23641000.0,
        "Other Gand A": 23641000.0,
        "Gross Profit": 78412000.0,
        "Cost Of Revenue": 20593000.0,
        "Total Revenue": 99005000.0,
        "Operating Revenue": 99005000.0
    },
    "2024-09-30": {
        "Tax Effect Of Unusual Items": 1435302.0,
        "Tax Rate For Calcs": 0.242,
        "Normalized EBITDA": 1508000.0,
        "Total Unusual Items": 5931000.0,
        "Total Unusual Items Excluding Goodwill": 5931000.0,
        "Net Income From Continuing Operation Net Minority Interest": 9980000.0,
        "Reconciled Depreciation": 1757000.0,
        "Reconciled Cost Of Revenue": 20103000.0,
        "EBITDA": 7439000.0,
        "EBIT": 5682000.0,
        "Net Interest Income": 1407000.0,
        "Interest Income": NaN,
        "Normalized Income": 5484302.0,
        "Net Income From Continuing And Discontinued Operation": 9980000.0,
        "Total Expenses": 82908000.0,
        "Total Operating Income As Reported": 5682000.0,
        "Diluted Average Shares": 49731000.0,
        "Basic Average Shares": 49199000.0,
        "Diluted EPS": 0.2,
        "Basic EPS": 0.2,
        "Diluted NI Availto Com Stockholders": 9980000.0,
        "Net Income Common Stockholders": 9980000.0,
        "Net Income": 9980000.0,
        "Net Income Including Noncontrolling Interests": 9980000.0,
        "Net Income Continuous Operations": 9980000.0,
        "Tax Provision": 3179000.0,
        "Pretax Income": 13159000.0,
        "Other Income Expense": 6070000.0,
        "Other Non Operating Income Expenses": 139000.0,
        "Gain On Sale Of Security": 5931000.0,
        "Net Non Operating Interest Income Expense": 1407000.0,
        "Total Other Finance Cost": -1407000.0,
        "Interest Income Non Operating": NaN,
        "Operating Income": 5682000.0,
        "Operating Expense": 62805000.0,
        "Research And Development": 14497000.0,
        "Selling General And Administration": 48308000.0,
        "Selling And Marketing Expense": 26623000.0,
        "General And Administrative Expense": 21685000.0,
        "Other Gand A": 21685000.0,
        "Gross Profit": 68487000.0,
        "Cost Of Revenue": 20103000.0,
        "Total Revenue": 88590000.0,
        "Operating Revenue": 88590000.0
    },
    "2024-12-31": {
        "Tax Effect Of Unusual Items": -894600.0,
        "Tax Rate For Calcs": 0.21,
        "Normalized EBITDA": -21275000.0,
        "Total Unusual Items": -4260000.0,
        "Total Unusual Items Excluding Goodwill": -4260000.0,
        "Net Income From Continuing Operation Net Minority Interest": -34228000.0,
        "Reconciled Depreciation": 2375000.0,
        "Reconciled Cost Of Revenue": 17302000.0,
        "EBITDA": -25535000.0,
        "EBIT": -27910000.0,
        "Net Interest Income": 1553000.0,
        "Interest Income": NaN,
        "Normalized Income": -30862600.0,
        "Net Income From Continuing And Discontinued Operation": -34228000.0,
        "Total Expenses": 76860000.0,
        "Total Operating Income As Reported": -27910000.0,
        "Diluted Average Shares": NaN,
        "Basic Average Shares": NaN,
        "Diluted EPS": NaN,
        "Basic EPS": NaN,
        "Diluted NI Availto Com Stockholders": -34228000.0,
        "Net Income Common Stockholders": -34228000.0,
        "Net Income": -34228000.0,
        "Net Income Including Noncontrolling Interests": -34228000.0,
        "Net Income Continuous Operations": -34228000.0,
        "Tax Provision": 3894000.0,
        "Pretax Income": -30334000.0,
        "Other Income Expense": -3977000.0,
        "Other Non Operating Income Expenses": 283000.0,
        "Gain On Sale Of Security": -4260000.0,
        "Net Non Operating Interest Income Expense": 1553000.0,
        "Total Other Finance Cost": NaN,
        "Interest Income Non Operating": NaN,
        "Operating Income": -27910000.0,
        "Operating Expense": 59558000.0,
        "Research And Development": 12042000.0,
        "Selling General And Administration": 47516000.0,
        "Selling And Marketing Expense": 26172000.0,
        "General And Administrative Expense": 21344000.0,
        "Other Gand A": 21344000.0,
        "Gross Profit": 31648000.0,
        "Cost Of Revenue": 17302000.0,
        "Total Revenue": 48950000.0,
        "Operating Revenue": 48950000.0
    }
}