{
    "2023-06-30": {
        "Tax Effect Of Unusual Items": 0.0,
        "Tax Rate For Calcs": 0.25,
        "Net Income From Continuing Operation Net Minority Interest": 15815000.0,
        "Reconciled Depreciation": 15528000.0,
        "EBIT": 30049000.0,
        "Net Interest Income": -4875000.0,
        "Interest Expense": 4875000.0,
        "Normalized Income": 15815000.0,
        "Net Income From Continuing And Discontinued Operation": 15815000.0,
        "Total Expenses": 523980000.0,
        "Diluted Average Shares": 27444000.0,
        "Basic Average Shares": 27266830.0,
        "Diluted EPS": 0.58,
        "Basic EPS": 0.580009,
        "Diluted NI Availto Com Stockholders": 15815000.0,
        "Net Income Common Stockholders": 15815000.0,
        "Net Income": 15815000.0,
        "Minority Interests": -3967000.0,
        "Net Income Including Noncontrolling Interests": 19782000.0,
        "Net Income Continuous Operations": 19782000.0,
        "Tax Provision": 5392000.0,
        "Pretax Income": 25174000.0,
        "Other Income Expense": 71387000.0,
        "Net Non Operating Interest Income Expense": -4875000.0,
        "Interest Expense Non Operating": 4875000.0,
        "Other Operating Expenses": 129333000.0,
        "Depreciation And Amortization In Income Statement": 15528000.0,
        "Selling General And Administration": 182666000.0,
        "General And Administrative Expense": 182666000.0,
        "Salaries And Wages": 182666000.0,
        "Total Revenue": 549154000.0,
        "Operating Revenue": 549154000.0,
        "Loss Adjustment Expense": 19802000.0,
        "Net Policyholder Benefits And Claims": 19802000.0
    },
    "2023-03-31": {
        "Tax Effect Of Unusual Items": 0.0,
        "Tax Rate For Calcs": 0.38,
        "Net Income From Continuing Operation Net Minority Interest": -8190000.0,
        "Reconciled Depreciation": 14906000.0,
        "EBIT": -5307000.0,
        "Net Interest Income": -4849000.0,
        "Interest Expense": 4849000.0,
        "Normalized Income": -8190000.0,
        "Net Income From Continuing And Discontinued Operation": -8190000.0,
        "Total Expenses": 534461000.0,
        "Diluted Average Shares": 27201000.0,
        "Basic Average Shares": 27201000.0,
        "Diluted EPS": -0.3,
        "Basic EPS": -0.3,
        "Diluted NI Availto Com Stockholders": -8190000.0,
        "Net Income Common Stockholders": -8190000.0,
        "Net Income": -8190000.0,
        "Minority Interests": -2972000.0,
        "Net Income Including Noncontrolling Interests": -5218000.0,
        "Net Income Continuous Operations": -5218000.0,
        "Tax Provision": -4938000.0,
        "Pretax Income": -10156000.0,
        "Other Income Expense": 62592000.0,
        "Net Non Operating Interest Income Expense": -4849000.0,
        "Interest Expense Non Operating": 4849000.0,
        "Other Operating Expenses": 120743000.0,
        "Depreciation And Amortization In Income Statement": 14906000.0,
        "Selling General And Administration": 170551000.0,
        "General And Administrative Expense": 170551000.0,
        "Salaries And Wages": 170551000.0,
        "Total Revenue": 524305000.0,
        "Operating Revenue": 524305000.0,
        "Loss Adjustment Expense": 17674000.0,
        "Net Policyholder Benefits And Claims": 17674000.0
    },
    "2022-12-31": {
        "Tax Effect Of Unusual Items": 0.0,
        "Tax Rate For Calcs": 0.119898,
        "Net Income From Continuing Operation Net Minority Interest": 13314000.0,
        "Reconciled Depreciation": 15075000.0,
        "EBIT": 25683000.0,
        "Net Interest Income": -4932000.0,
        "Interest Expense": 4932000.0,
        "Normalized Income": 13314000.0,
        "Net Income From Continuing And Discontinued Operation": 13314000.0,
        "Total Expenses": 635158000.0,
        "Diluted Average Shares": 27276000.0,
        "Basic Average Shares": 27130412.0,
        "Diluted EPS": 0.49,
        "Basic EPS": 0.490741,
        "Diluted NI Availto Com Stockholders": 13314000.0,
        "Net Income Common Stockholders": 13314000.0,
        "Net Income": 13314000.0,
        "Minority Interests": -4949000.0,
        "Net Income Including Noncontrolling Interests": 18263000.0,
        "Net Income Continuous Operations": 18263000.0,
        "Tax Provision": 2488000.0,
        "Pretax Income": 20751000.0,
        "Other Income Expense": 54698000.0,
        "Net Non Operating Interest Income Expense": -4932000.0,
        "Interest Expense Non Operating": 4932000.0,
        "Other Operating Expenses": 145056000.0,
        "Depreciation And Amortization In Income Statement": 15075000.0,
        "Selling General And Administration": 191715000.0,
        "General And Administrative Expense": 191715000.0,
        "Salaries And Wages": 191715000.0,
        "Total Revenue": 655909000.0,
        "Operating Revenue": 655909000.0
    },
    "2022-09-30": {
        "Tax Effect Of Unusual Items": 0.0,
        "Tax Rate For Calcs": 0.236932,
        "Net Income From Continuing Operation Net Minority Interest": 29434000.0,
        "Reconciled Depreciation": 14067000.0,
        "EBIT": 50064000.0,
        "Net Interest Income": -4553000.0,
        "Interest Expense": 4553000.0,
        "Normalized Income": 29434000.0,
        "Net Income From Continuing And Discontinued Operation": 29434000.0,
        "Total Expenses": 670888000.0,
        "Diluted Average Shares": 27371000.0,
        "Basic Average Shares": 27113000.0,
        "Diluted EPS": 1.08,
        "Basic EPS": 1.09,
        "Diluted NI Availto Com Stockholders": 29434000.0,
        "Net Income Common Stockholders": 29434000.0,
        "Net Income": 29434000.0,
        "Minority Interests": -5294000.0,
        "Net Income Including Noncontrolling Interests": 34728000.0,
        "Net Income Continuous Operations": 34728000.0,
        "Tax Provision": 10783000.0,
        "Pretax Income": 45511000.0,
        "Other Income Expense": 69737000.0,
        "Net Non Operating Interest Income Expense": -4553000.0,
        "Interest Expense Non Operating": 4553000.0,
        "Other Operating Expenses": 151208000.0,
        "Depreciation And Amortization In Income Statement": 14067000.0,
        "Selling General And Administration": 195057000.0,
        "General And Administrative Expense": 195057000.0,
        "Salaries And Wages": 195057000.0,
        "Total Revenue": 716399000.0,
        "Operating Revenue": 716399000.0
    },
    "2022-06-30": {
        "Tax Effect Of Unusual Items": 0.0,
        "Tax Rate For Calcs": 0.229249,
        "Net Income From Continuing Operation Net Minority Interest": 61660000.0,
        "Reconciled Depreciation": 14288000.0,
        "EBIT": 91286000.0,
        "Net Interest Income": -4507000.0,
        "Interest Expense": 4507000.0,
        "Normalized Income": 61660000.0,
        "Net Income From Continuing And Discontinued Operation": 61660000.0,
        "Total Expenses": 757294000.0,
        "Diluted Average Shares": 27293000.0,
        "Basic Average Shares": 27018000.0,
        "Diluted EPS": 2.26,
        "Basic EPS": 2.28,
        "Diluted NI Availto Com Stockholders": 61660000.0,
        "Net Income Common Stockholders": 61660000.0,
        "Net Income": 61660000.0,
        "Minority Interests": -5225000.0,
        "Net Income Including Noncontrolling Interests": 66885000.0,
        "Net Income Continuous Operations": 66885000.0,
        "Tax Provision": 19894000.0,
        "Pretax Income": 86779000.0,
        "Other Income Expense": 88186000.0,
        "Net Non Operating Interest Income Expense": -4507000.0,
        "Interest Expense Non Operating": 4507000.0,
        "Other Operating Expenses": 162008000.0,
        "Depreciation And Amortization In Income Statement": 14288000.0,
        "Selling General And Administration": 210246000.0,
        "General And Administrative Expense": 210246000.0,
        "Salaries And Wages": 210246000.0,
        "Total Revenue": 844073000.0,
        "Operating Revenue": 844073000.0
    },
    "2022-03-31": {
        "Diluted EPS": 2.11,
        "Total Revenue": 853,
        "Gross Profit": 522,
        "Operating Income": 113,
        "EBIT": 128,
        "Net Income": 58
    },
    "2021-12-31": {
        "Diluted EPS": 3.13,
        "Total Revenue": 962,
        "Gross Profit": 597,
        "Operating Income": 151,
        "EBIT": 166,
        "Net Income": 85
    },
    "2021-09-30": {
        "Diluted EPS": 3.26,
        "Total Revenue": 837,
        "Gross Profit": 507,
        "Operating Income": 148,
        "EBIT": 158,
        "Net Income": 89
    },
    "2021-06-30": {
        "Diluted EPS": 3.5,
        "Total Revenue": 819,
        "Gross Profit": 497,
        "Operating Income": 164,
        "EBIT": 171,
        "Net Income": 95
    },
    "2021-03-31": {
        "Diluted EPS": 2.01,
        "Total Revenue": 689,
        "Gross Profit": 405,
        "Operating Income": 103,
        "EBIT": 111,
        "Net Income": 54
    },
    "2020-12-31": {
        "Diluted EPS": 2.35,
        "Total Revenue": 737,
        "Gross Profit": 451,
        "Operating Income": 131,
        "EBIT": 138,
        "Net Income": 60
    },
    "2020-09-30": {
        "Diluted EPS": 2.21,
        "Total Revenue": 596,
        "Gross Profit": 365,
        "Operating Income": 105,
        "EBIT": 112,
        "Net Income": 56
    },
    "2020-06-30": {
        "Diluted EPS": 1.44,
        "Total Revenue": 516,
        "Gross Profit": 287,
        "Operating Income": 71,
        "EBIT": 76,
        "Net Income": 34
    },
    "2020-03-31": {
        "Diluted EPS": 0.22,
        "Total Revenue": 440,
        "Gross Profit": 241,
        "Operating Income": 29,
        "EBIT": 34,
        "Net Income": 5
    },
    "2019-12-31": {
        "Diluted EPS": 0.01,
        "Total Revenue": 510,
        "Gross Profit": 287,
        "Operating Income": 34,
        "EBIT": 40,
        "Net Income": 0
    },
    "2019-09-30": {
        "Diluted EPS": 2.78,
        "Total Revenue": 560,
        "Gross Profit": 351,
        "Operating Income": 113,
        "EBIT": 120,
        "Net Income": 66
    },
    "2019-06-30": {
        "Diluted EPS": 0.81,
        "Total Revenue": 472,
        "Gross Profit": 281,
        "Operating Income": 49,
        "EBIT": 56,
        "Net Income": 19
    },
    "2019-03-31": {
        "Diluted EPS": -0.29,
        "Total Revenue": 399,
        "Gross Profit": 222,
        "Operating Income": 10,
        "EBIT": 17,
        "Net Income": -7
    },
    "2018-12-31": {
        "Diluted EPS": 0.48,
        "Total Revenue": 470,
        "Gross Profit": 267,
        "Operating Income": 33,
        "EBIT": 41,
        "Net Income": 11
    },
    "2018-09-30": {
        "Diluted EPS": 0.74,
        "Total Revenue": 508,
        "Gross Profit": 283,
        "Operating Income": 47,
        "EBIT": 55,
        "Net Income": 18
    },
    "2018-06-30": {
        "Diluted EPS": 0.95,
        "Total Revenue": 493,
        "Gross Profit": 289,
        "Operating Income": 51,
        "EBIT": 58,
        "Net Income": 22
    },
    "2018-03-31": {
        "Diluted EPS": -0.16,
        "Total Revenue": 437,
        "Gross Profit": 242,
        "Operating Income": 17,
        "EBIT": 25,
        "Net Income": -4
    },
    "2017-12-31": {
        "Diluted EPS": 0.64,
        "Total Revenue": 526,
        "Gross Profit": 294,
        "Operating Income": 44,
        "EBIT": 53,
        "Net Income": 15
    },
    "2017-09-30": {
        "Diluted EPS": 0.46,
        "Total Revenue": 502,
        "Gross Profit": 280,
        "Operating Income": 45,
        "EBIT": 53,
        "Net Income": 11
    },
    "2017-06-30": {
        "Diluted EPS": 0.79,
        "Total Revenue": 485,
        "Gross Profit": 293,
        "Operating Income": 58,
        "EBIT": 66,
        "Net Income": 19
    },
    "2017-03-31": {
        "Diluted EPS": 0.17,
        "Total Revenue": 443,
        "Gross Profit": 252,
        "Operating Income": 27,
        "EBIT": 35,
        "Net Income": 4
    },
    "2016-12-31": {
        "Diluted EPS": 0.72,
        "Total Revenue": 526,
        "Gross Profit": 299,
        "Operating Income": 48,
        "EBIT": 58,
        "Net Income": 29
    },
    "2016-09-30": {
        "Diluted EPS": 1.12,
        "Total Revenue": 553,
        "Gross Profit": 322,
        "Operating Income": 66,
        "EBIT": 75,
        "Net Income": 26
    },
    "2016-06-30": {
        "Diluted EPS": 0.49,
        "Total Revenue": 489,
        "Gross Profit": 306,
        "Operating Income": 60,
        "EBIT": 69,
        "Net Income": 12
    },
    "2016-03-31": {
        "Diluted EPS": -0.48,
        "Total Revenue": 438,
        "Gross Profit": 254,
        "Operating Income": 8,
        "EBIT": 18,
        "Net Income": -11
    },
    "2015-12-31": {
        "Diluted EPS": 0.12,
        "Total Revenue": 497,
        "Gross Profit": 295,
        "Operating Income": 31,
        "EBIT": 47,
        "Net Income": 3
    },
    "2015-09-30": {
        "Diluted EPS": -0.58,
        "Total Revenue": 556,
        "Gross Profit": 328,
        "Operating Income": 21,
        "EBIT": 64,
        "Net Income": -13
    },
    "2015-06-30": {
        "Diluted EPS": 0.72,
        "Total Revenue": 532,
        "Gross Profit": 327,
        "Operating Income": 51,
        "EBIT": 58,
        "Net Income": 17
    },
    "2015-03-31": {
        "Diluted EPS": -0.52,
        "Total Revenue": 449,
        "Gross Profit": 273,
        "Operating Income": 15,
        "EBIT": 22,
        "Net Income": -12
    },
    "2014-12-31": {
        "Diluted EPS": 0.54,
        "Total Revenue": 522,
        "Gross Profit": 318,
        "Operating Income": 48,
        "EBIT": 56,
        "Net Income": 12
    },
    "2014-09-30": {
        "Diluted EPS": 0.97,
        "Total Revenue": 508,
        "Gross Profit": 320,
        "Operating Income": 53,
        "EBIT": 60,
        "Net Income": 24
    },
    "2014-06-30": {
        "Diluted EPS": 0.27,
        "Total Revenue": 447,
        "Gross Profit": 276,
        "Operating Income": 31,
        "EBIT": 36,
        "Net Income": 6
    },
    "2014-03-31": {
        "Diluted EPS": -0.54,
        "Total Revenue": 394,
        "Gross Profit": 219,
        "Operating Income": 5,
        "EBIT": 9,
        "Net Income": -12
    },
    "2013-12-31": {
        "Diluted EPS": 0.73,
        "Total Revenue": 450,
        "Gross Profit": 258,
        "Operating Income": 42,
        "EBIT": 47,
        "Net Income": 18
    },
    "2013-09-30": {
        "Diluted EPS": 0.63,
        "Total Revenue": 537,
        "Gross Profit": 287,
        "Operating Income": 63,
        "EBIT": 67,
        "Net Income": 15
    },
    "2013-06-30": {
        "Diluted EPS": 1.09,
        "Total Revenue": 517,
        "Gross Profit": 298,
        "Operating Income": 74,
        "EBIT": 78,
        "Net Income": 27
    },
    "2013-03-31": {
        "Diluted EPS": 0.15,
        "Total Revenue": 424,
        "Gross Profit": 237,
        "Operating Income": 32,
        "EBIT": 36,
        "Net Income": 3
    },
    "2012-12-31": {
        "Diluted EPS": 2.74,
        "Total Revenue": 521,
        "Gross Profit": 293,
        "Operating Income": 64,
        "EBIT": 68,
        "Net Income": 62
    },
    "2012-09-30": {
        "Diluted EPS": 1.45,
        "Total Revenue": 521,
        "Gross Profit": 289,
        "Operating Income": 75,
        "EBIT": 80,
        "Net Income": 35
    },
    "2012-06-30": {
        "Diluted EPS": 1.05,
        "Total Revenue": 484,
        "Gross Profit": 277,
        "Operating Income": 71,
        "EBIT": 75,
        "Net Income": 25
    },
    "2012-03-31": {
        "Diluted EPS": -0.63,
        "Total Revenue": 385,
        "Gross Profit": 222,
        "Operating Income": 25,
        "EBIT": 29,
        "Net Income": -12
    },
    "2011-12-31": {
        "Diluted EPS": 0.17,
        "Total Revenue": 445,
        "Gross Profit": 245,
        "Operating Income": 53,
        "EBIT": 58,
        "Net Income": 2
    },
    "2011-09-30": {
        "Diluted EPS": 0.22,
        "Total Revenue": 419,
        "Gross Profit": 230,
        "Operating Income": 44,
        "EBIT": 49,
        "Net Income": 5
    },
    "2011-06-30": {
        "Diluted EPS": 0.28,
        "Total Revenue": 405,
        "Gross Profit": 228,
        "Operating Income": 42,
        "EBIT": 47,
        "Net Income": 6
    },
    "2011-03-31": {
        "Diluted EPS": -0.55,
        "Total Revenue": 366,
        "Gross Profit": 208,
        "Operating Income": 26,
        "EBIT": 31,
        "Net Income": -10
    },
    "2010-12-31": {
        "Diluted EPS": 0.62,
        "Total Revenue": 449,
        "Gross Profit": 259,
        "Operating Income": 63,
        "EBIT": 67,
        "Net Income": 10
    },
    "2010-09-30": {
        "Diluted EPS": -0.17,
        "Total Revenue": 430,
        "Gross Profit": 228,
        "Operating Income": 39,
        "EBIT": 44,
        "Net Income": -3
    },
    "2010-06-30": {
        "Diluted EPS": 0.45,
        "Total Revenue": 442,
        "Gross Profit": 250,
        "Operating Income": 57,
        "EBIT": 62,
        "Net Income": 9
    },
    "2010-03-31": {
        "Diluted EPS": -1.59,
        "Total Revenue": 351,
        "Gross Profit": 183,
        "Operating Income": -2,
        "EBIT": 4,
        "Net Income": -29
    },
    "2009-12-31": {
        "Diluted EPS": 1.71,
        "Total Revenue": 503,
        "Gross Profit": 254,
        "Operating Income": 53,
        "EBIT": 59,
        "Net Income": 31
    },
    "2009-09-30": {
        "Diluted EPS": -1.3,
        "Total Revenue": 460,
        "Gross Profit": 243,
        "Operating Income": 35,
        "EBIT": 42,
        "Net Income": -24
    },
    "2009-06-30": {
        "Diluted EPS": -1.14,
        "Total Revenue": 431,
        "Gross Profit": 251,
        "Operating Income": 51,
        "EBIT": 58,
        "Net Income": -21
    },
    "2009-03-31": {
        "Diluted EPS": -2.07,
        "Total Revenue": 313,
        "Gross Profit": 176,
        "Operating Income": -13,
        "EBIT": -5,
        "Net Income": -38
    },
    "2023-09-30": {
        "Tax Effect Of Unusual Items": 0.0,
        "Tax Rate For Calcs": 0.39,
        "Net Income From Continuing Operation Net Minority Interest": 13999000.0,
        "Reconciled Depreciation": 16414000.0,
        "EBIT": 32118000.0,
        "Net Interest Income": -5054000.0,
        "Interest Expense": 5054000.0,
        "Normalized Income": 13999000.0,
        "Net Income From Continuing And Discontinued Operation": 13999000.0,
        "Total Expenses": 574650000.0,
        "Diluted Average Shares": 27650000.0,
        "Basic Average Shares": 27355427.0,
        "Diluted EPS": 0.51,
        "Basic EPS": 0.511745,
        "Diluted NI Availto Com Stockholders": 13999000.0,
        "Net Income Common Stockholders": 13999000.0,
        "Net Income": 13999000.0,
        "Minority Interests": -3931000.0,
        "Net Income Including Noncontrolling Interests": 17930000.0,
        "Net Income Continuous Operations": 17930000.0,
        "Tax Provision": 9134000.0,
        "Pretax Income": 27064000.0,
        "Other Income Expense": 68190000.0,
        "Net Non Operating Interest Income Expense": -5054000.0,
        "Interest Expense Non Operating": 5054000.0,
        "Other Operating Expenses": 130455000.0,
        "Depreciation And Amortization In Income Statement": 16414000.0,
        "Selling General And Administration": 181493000.0,
        "General And Administrative Expense": 181493000.0,
        "Salaries And Wages": 181493000.0,
        "Total Revenue": 601714000.0,
        "Operating Revenue": 601714000.0,
        "Loss Adjustment Expense": 22251000.0,
        "Net Policyholder Benefits And Claims": 22251000.0
    },
    "2023-12-31": {
        "Tax Effect Of Unusual Items": 0.0,
        "Tax Rate For Calcs": 0.302199,
        "Net Income From Continuing Operation Net Minority Interest": 8815000.0,
        "Reconciled Depreciation": 15599000.0,
        "EBIT": 23739000.0,
        "Net Interest Income": -4960000.0,
        "Interest Expense": 4960000.0,
        "Normalized Income": 8815000.0,
        "Net Income From Continuing And Discontinued Operation": 8815000.0,
        "Total Expenses": 563390000.0,
        "Diluted Average Shares": 27751000.0,
        "Basic Average Shares": 27370227.0,
        "Diluted EPS": 0.32,
        "Basic EPS": 0.322065,
        "Diluted NI Availto Com Stockholders": 8815000.0,
        "Net Income Common Stockholders": 8815000.0,
        "Net Income": 8815000.0,
        "Minority Interests": -4289000.0,
        "Net Income Including Noncontrolling Interests": 13104000.0,
        "Net Income Continuous Operations": 13104000.0,
        "Tax Provision": 5675000.0,
        "Pretax Income": 18779000.0,
        "Other Income Expense": 61408000.0,
        "Net Non Operating Interest Income Expense": -4960000.0,
        "Interest Expense Non Operating": 4960000.0,
        "Other Operating Expenses": 127171000.0,
        "Depreciation And Amortization In Income Statement": 15599000.0,
        "Selling General And Administration": 178084000.0,
        "General And Administrative Expense": 178084000.0,
        "Salaries And Wages": 178084000.0,
        "Total Revenue": 582169000.0,
        "Operating Revenue": 582169000.0,
        "Loss Adjustment Expense": 20555000.0,
        "Net Policyholder Benefits And Claims": 20555000.0
    },
    "2024-03-31": {
        "Tax Effect Of Unusual Items": 0.0,
        "Tax Rate For Calcs": 0.130982,
        "Net Income From Continuing Operation Net Minority Interest": 3130000.0,
        "Reconciled Depreciation": 15384000.0,
        "EBIT": 12204000.0,
        "Net Interest Income": -5058000.0,
        "Interest Expense": 5058000.0,
        "Normalized Income": 3130000.0,
        "Net Income From Continuing And Discontinued Operation": 3130000.0,
        "Total Expenses": 547169000.0,
        "Diluted Average Shares": 28027000.0,
        "Basic Average Shares": 27580535.0,
        "Diluted EPS": 0.11,
        "Basic EPS": 0.113486,
        "Diluted NI Availto Com Stockholders": 3130000.0,
        "Net Income Common Stockholders": 3130000.0,
        "Net Income": 3130000.0,
        "Minority Interests": -3080000.0,
        "Net Income Including Noncontrolling Interests": 6210000.0,
        "Net Income Continuous Operations": 6210000.0,
        "Tax Provision": 936000.0,
        "Pretax Income": 7146000.0,
        "Other Income Expense": 83016000.0,
        "Net Non Operating Interest Income Expense": -5058000.0,
        "Interest Expense Non Operating": 5058000.0,
        "Other Operating Expenses": 136951000.0,
        "Depreciation And Amortization In Income Statement": 15384000.0,
        "Selling General And Administration": 172417000.0,
        "General And Administrative Expense": 172417000.0,
        "Salaries And Wages": 172417000.0,
        "Total Revenue": 554315000.0,
        "Operating Revenue": 554315000.0,
        "Loss Adjustment Expense": 17383000.0,
        "Net Policyholder Benefits And Claims": 17383000.0
    },
    "2024-06-30": {
        "Tax Effect Of Unusual Items": 0.0,
        "Tax Rate For Calcs": 0.31,
        "Net Income From Continuing Operation Net Minority Interest": 17343000.0,
        "Reconciled Depreciation": 15198000.0,
        "EBIT": 33817000.0,
        "Net Interest Income": -4812000.0,
        "Interest Expense": 4812000.0,
        "Normalized Income": 17343000.0,
        "Net Income From Continuing And Discontinued Operation": 17343000.0,
        "Total Expenses": 573225000.0,
        "Diluted Average Shares": 28013000.0,
        "Basic Average Shares": 27605057.0,
        "Diluted EPS": 0.62,
        "Basic EPS": 0.628254,
        "Diluted NI Availto Com Stockholders": 17343000.0,
        "Net Income Common Stockholders": 17343000.0,
        "Net Income": 17343000.0,
        "Minority Interests": -3722000.0,
        "Net Income Including Noncontrolling Interests": 21065000.0,
        "Net Income Continuous Operations": 21065000.0,
        "Tax Provision": 7940000.0,
        "Pretax Income": 29005000.0,
        "Other Income Expense": 92198000.0,
        "Net Non Operating Interest Income Expense": -4812000.0,
        "Interest Expense Non Operating": 4812000.0,
        "Other Operating Expenses": 152291000.0,
        "Depreciation And Amortization In Income Statement": 15198000.0,
        "Selling General And Administration": 179708000.0,
        "General And Administrative Expense": 179708000.0,
        "Salaries And Wages": 179708000.0,
        "Total Revenue": 602230000.0,
        "Operating Revenue": 602230000.0,
        "Loss Adjustment Expense": 21090000.0,
        "Net Policyholder Benefits And Claims": 21090000.0
    },
    "2024-09-30": {
        "Tax Effect Of Unusual Items": 0.0,
        "Tax Rate For Calcs": 0.23,
        "Net Income From Continuing Operation Net Minority Interest": 30096000.0,
        "Reconciled Depreciation": 15480000.0,
        "EBIT": 47691000.0,
        "Net Interest Income": -4899000.0,
        "Interest Expense": 4899000.0,
        "Normalized Income": 30096000.0,
        "Net Income From Continuing And Discontinued Operation": 30096000.0,
        "Total Expenses": 625149000.0,
        "Diluted Average Shares": 28200000.0,
        "Basic Average Shares": 27713557.0,
        "Diluted EPS": 1.07,
        "Basic EPS": 1.085967,
        "Diluted NI Availto Com Stockholders": 30096000.0,
        "Net Income Common Stockholders": 30096000.0,
        "Net Income": 30096000.0,
        "Minority Interests": -3573000.0,
        "Net Income Including Noncontrolling Interests": 33669000.0,
        "Net Income Continuous Operations": 33669000.0,
        "Tax Provision": 9123000.0,
        "Pretax Income": 42792000.0,
        "Other Income Expense": 96346000.0,
        "Net Non Operating Interest Income Expense": -4899000.0,
        "Interest Expense Non Operating": 4899000.0,
        "Other Operating Expenses": 155646000.0,
        "Depreciation And Amortization In Income Statement": 15480000.0,
        "Selling General And Administration": 193862000.0,
        "General And Administrative Expense": 193862000.0,
        "Salaries And Wages": 193862000.0,
        "Total Revenue": 667941000.0,
        "Operating Revenue": 667941000.0,
        "Loss Adjustment Expense": 21282000.0,
        "Net Policyholder Benefits And Claims": 21282000.0
    },
    "2024-12-31": {
        "Tax Effect Of Unusual Items": 0.0,
        "Tax Rate For Calcs": 0.230604,
        "Net Income From Continuing Operation Net Minority Interest": 22741000.0,
        "Reconciled Depreciation": 15550000.0,
        "EBIT": 40514000.0,
        "Net Interest Income": -5146000.0,
        "Interest Expense": 5146000.0,
        "Normalized Income": 22741000.0,
        "Net Income From Continuing And Discontinued Operation": 22741000.0,
        "Total Expenses": 630564000.0,
        "Diluted Average Shares": 28277000.0,
        "Basic Average Shares": 27763691.0,
        "Diluted EPS": 0.8,
        "Basic EPS": 0.819091,
        "Diluted NI Availto Com Stockholders": 22741000.0,
        "Net Income Common Stockholders": 22741000.0,
        "Net Income": 22741000.0,
        "Minority Interests": -4471000.0,
        "Net Income Including Noncontrolling Interests": 27212000.0,
        "Net Income Continuous Operations": 27212000.0,
        "Tax Provision": 8156000.0,
        "Pretax Income": 35368000.0,
        "Other Income Expense": 86998000.0,
        "Net Non Operating Interest Income Expense": -5146000.0,
        "Interest Expense Non Operating": 5146000.0,
        "Other Operating Expenses": 159069000.0,
        "Depreciation And Amortization In Income Statement": 15550000.0,
        "Selling General And Administration": 199418000.0,
        "General And Administrative Expense": 199418000.0,
        "Salaries And Wages": 199418000.0,
        "Total Revenue": 665932000.0,
        "Operating Revenue": 665932000.0,
        "Loss Adjustment Expense": 20657000.0,
        "Net Policyholder Benefits And Claims": 20657000.0
    },
    "2025-03-31": {
        "Tax Effect Of Unusual Items": 0.0,
        "Tax Rate For Calcs": 0.14,
        "Net Income From Continuing Operation Net Minority Interest": 3077000.0,
        "Reconciled Depreciation": 15322000.0,
        "EBIT": 10861000.0,
        "Net Interest Income": -4961000.0,
        "Interest Expense": 4961000.0,
        "Normalized Income": 3077000.0,
        "Net Income From Continuing And Discontinued Operation": 3077000.0,
        "Total Expenses": 606084000.0,
        "Diluted Average Shares": 28341000.0,
        "Basic Average Shares": 27919281.0,
        "Diluted EPS": 0.11,
        "Basic EPS": 0.110211,
        "Diluted NI Availto Com Stockholders": 3077000.0,
        "Net Income Common Stockholders": 3077000.0,
        "Net Income": 3077000.0,
        "Minority Interests": -2339000.0,
        "Net Income Including Noncontrolling Interests": 5416000.0,
        "Net Income Continuous Operations": 5416000.0,
        "Tax Provision": 484000.0,
        "Pretax Income": 5900000.0,
        "Other Income Expense": 97077000.0,
        "Net Non Operating Interest Income Expense": -4961000.0,
        "Interest Expense Non Operating": 4961000.0,
        "Other Operating Expenses": 160911000.0,
        "Depreciation And Amortization In Income Statement": 15322000.0,
        "Selling General And Administration": 185811000.0,
        "General And Administrative Expense": 185811000.0,
        "Salaries And Wages": 185811000.0,
        "Total Revenue": 611984000.0,
        "Operating Revenue": 611984000.0,
        "Loss Adjustment Expense": 17702000.0,
        "Net Policyholder Benefits And Claims": 17702000.0
    },
    "2025-06-30": {
        "Tax Effect Of Unusual Items": 0.0,
        "Tax Rate For Calcs": 0.26,
        "Net Income From Continuing Operation Net Minority Interest": 31922000.0,
        "Reconciled Depreciation": 15150000.0,
        "EBIT": 51729000.0,
        "Net Interest Income": -4953000.0,
        "Interest Expense": 4953000.0,
        "Normalized Income": 31922000.0,
        "Net Income From Continuing And Discontinued Operation": 31922000.0,
        "Total Expenses": 675405000.0,
        "Diluted Average Shares": 28330000.0,
        "Basic Average Shares": 27939997.0,
        "Diluted EPS": 1.13,
        "Basic EPS": 1.14252,
        "Diluted NI Availto Com Stockholders": 31922000.0,
        "Net Income Common Stockholders": 31922000.0,
        "Net Income": 31922000.0,
        "Minority Interests": -3713000.0,
        "Net Income Including Noncontrolling Interests": 35635000.0,
        "Net Income Continuous Operations": 35635000.0,
        "Tax Provision": 11141000.0,
        "Pretax Income": 46776000.0,
        "Other Income Expense": 112650000.0,
        "Net Non Operating Interest Income Expense": -4953000.0,
        "Interest Expense Non Operating": 4953000.0,
        "Other Operating Expenses": 173527000.0,
        "Depreciation And Amortization In Income Statement": 15150000.0,
        "Selling General And Administration": 208209000.0,
        "General And Administrative Expense": 208209000.0,
        "Salaries And Wages": 208209000.0,
        "Total Revenue": 722181000.0,
        "Operating Revenue": 722181000.0,
        "Loss Adjustment Expense": 21454000.0,
        "Net Policyholder Benefits And Claims": 21454000.0
    },
    "2025-09-30": {
        "Tax Effect Of Unusual Items": 0.0,
        "Tax Rate For Calcs": 0.227,
        "Net Income From Continuing Operation Net Minority Interest": 44259000.0,
        "Reconciled Depreciation": 15391000.0,
        "EBIT": 66070000.0,
        "Net Interest Income": -4898000.0,
        "Interest Expense": 4898000.0,
        "Normalized Income": 44259000.0,
        "Net Income From Continuing And Discontinued Operation": 44259000.0,
        "Total Expenses": 735744000.0,
        "Diluted Average Shares": 28491000.0,
        "Basic Average Shares": 28019626.0,
        "Diluted EPS": 1.55,
        "Basic EPS": 1.579571,
        "Diluted NI Availto Com Stockholders": 44259000.0,
        "Net Income Common Stockholders": 44259000.0,
        "Net Income": 44259000.0,
        "Minority Interests": -3938000.0,
        "Net Income Including Noncontrolling Interests": 48197000.0,
        "Net Income Continuous Operations": 48197000.0,
        "Tax Provision": 12975000.0,
        "Pretax Income": 61172000.0,
        "Other Income Expense": 116607000.0,
        "Net Non Operating Interest Income Expense": -4898000.0,
        "Interest Expense Non Operating": 4898000.0,
        "Other Operating Expenses": 185165000.0,
        "Depreciation And Amortization In Income Statement": 15391000.0,
        "Selling General And Administration": 211221000.0,
        "General And Administrative Expense": 211221000.0,
        "Salaries And Wages": 211221000.0,
        "Total Revenue": 796916000.0,
        "Operating Revenue": 796916000.0,
        "Loss Adjustment Expense": 19546000.0,
        "Net Policyholder Benefits And Claims": 19546000.0
    }
}