{
    "2023-04-30": {
        "Tax Effect Of Unusual Items": NaN,
        "Tax Rate For Calcs": NaN,
        "Normalized EBITDA": NaN,
        "Total Unusual Items": NaN,
        "Total Unusual Items Excluding Goodwill": NaN,
        "Net Income From Continuing Operation Net Minority Interest": NaN,
        "Reconciled Depreciation": NaN,
        "Reconciled Cost Of Revenue": NaN,
        "EBITDA": NaN,
        "EBIT": NaN,
        "Net Interest Income": NaN,
        "Interest Expense": NaN,
        "Interest Income": NaN,
        "Normalized Income": NaN,
        "Net Income From Continuing And Discontinued Operation": NaN,
        "Total Expenses": NaN,
        "Total Operating Income As Reported": NaN,
        "Diluted Average Shares": NaN,
        "Basic Average Shares": NaN,
        "Diluted EPS": NaN,
        "Basic EPS": NaN,
        "Diluted NI Availto Com Stockholders": NaN,
        "Average Dilution Earnings": NaN,
        "Net Income Common Stockholders": NaN,
        "Otherunder Preferred Stock Dividend": NaN,
        "Preferred Stock Dividends": NaN,
        "Net Income": NaN,
        "Net Income Including Noncontrolling Interests": NaN,
        "Net Income Discontinuous Operations": 0.0,
        "Net Income Continuous Operations": NaN,
        "Tax Provision": NaN,
        "Pretax Income": NaN,
        "Other Income Expense": NaN,
        "Other Non Operating Income Expenses": NaN,
        "Special Income Charges": NaN,
        "Gain On Sale Of Security": NaN,
        "Net Non Operating Interest Income Expense": NaN,
        "Interest Expense Non Operating": NaN,
        "Interest Income Non Operating": NaN,
        "Operating Income": NaN,
        "Operating Expense": NaN,
        "Depreciation Amortization Depletion Income Statement": NaN,
        "Depreciation And Amortization In Income Statement": NaN,
        "Amortization": NaN,
        "Amortization Of Intangibles Income Statement": NaN,
        "Selling General And Administration": NaN,
        "Gross Profit": NaN,
        "Cost Of Revenue": NaN,
        "Total Revenue": NaN,
        "Operating Revenue": NaN
    },
    "2023-01-31": {
        "Tax Effect Of Unusual Items": NaN,
        "Tax Rate For Calcs": NaN,
        "Normalized EBITDA": NaN,
        "Total Unusual Items": 0.0,
        "Total Unusual Items Excluding Goodwill": 0.0,
        "Net Income From Continuing Operation Net Minority Interest": NaN,
        "Reconciled Depreciation": NaN,
        "Reconciled Cost Of Revenue": NaN,
        "EBITDA": NaN,
        "EBIT": NaN,
        "Net Interest Income": NaN,
        "Interest Expense": NaN,
        "Interest Income": NaN,
        "Normalized Income": NaN,
        "Net Income From Continuing And Discontinued Operation": NaN,
        "Total Expenses": NaN,
        "Total Operating Income As Reported": NaN,
        "Diluted Average Shares": NaN,
        "Basic Average Shares": NaN,
        "Diluted EPS": NaN,
        "Basic EPS": NaN,
        "Diluted NI Availto Com Stockholders": NaN,
        "Net Income Common Stockholders": NaN,
        "Otherunder Preferred Stock Dividend": 0.0,
        "Preferred Stock Dividends": NaN,
        "Net Income": NaN,
        "Net Income Including Noncontrolling Interests": NaN,
        "Net Income Discontinuous Operations": 0.0,
        "Net Income Continuous Operations": NaN,
        "Tax Provision": NaN,
        "Pretax Income": NaN,
        "Other Income Expense": NaN,
        "Other Non Operating Income Expenses": NaN,
        "Special Income Charges": 0.0,
        "Restructuring And Mergern Acquisition": 0.0,
        "Gain On Sale Of Security": NaN,
        "Net Non Operating Interest Income Expense": NaN,
        "Interest Expense Non Operating": NaN,
        "Interest Income Non Operating": NaN,
        "Operating Income": NaN,
        "Operating Expense": NaN,
        "Depreciation Amortization Depletion Income Statement": NaN,
        "Depreciation And Amortization In Income Statement": NaN,
        "Amortization": NaN,
        "Amortization Of Intangibles Income Statement": NaN,
        "Selling General And Administration": NaN,
        "Gross Profit": NaN,
        "Cost Of Revenue": NaN,
        "Total Revenue": NaN,
        "Operating Revenue": NaN
    },
    "2022-10-31": {
        "Tax Effect Of Unusual Items": NaN,
        "Tax Rate For Calcs": NaN,
        "Normalized EBITDA": NaN,
        "Total Unusual Items": NaN,
        "Total Unusual Items Excluding Goodwill": NaN,
        "Net Income From Continuing Operation Net Minority Interest": NaN,
        "Reconciled Depreciation": NaN,
        "Reconciled Cost Of Revenue": NaN,
        "EBITDA": NaN,
        "EBIT": NaN,
        "Net Interest Income": NaN,
        "Interest Expense": NaN,
        "Interest Income": NaN,
        "Normalized Income": NaN,
        "Net Income From Continuing And Discontinued Operation": NaN,
        "Total Expenses": NaN,
        "Total Operating Income As Reported": NaN,
        "Diluted Average Shares": NaN,
        "Basic Average Shares": NaN,
        "Diluted EPS": NaN,
        "Basic EPS": NaN,
        "Diluted NI Availto Com Stockholders": NaN,
        "Net Income Common Stockholders": NaN,
        "Otherunder Preferred Stock Dividend": 0.0,
        "Preferred Stock Dividends": NaN,
        "Net Income": NaN,
        "Net Income Including Noncontrolling Interests": NaN,
        "Net Income Discontinuous Operations": 0.0,
        "Net Income Continuous Operations": NaN,
        "Tax Provision": NaN,
        "Pretax Income": NaN,
        "Other Income Expense": NaN,
        "Other Non Operating Income Expenses": NaN,
        "Special Income Charges": NaN,
        "Restructuring And Mergern Acquisition": NaN,
        "Gain On Sale Of Security": NaN,
        "Net Non Operating Interest Income Expense": NaN,
        "Interest Expense Non Operating": NaN,
        "Interest Income Non Operating": NaN,
        "Operating Income": NaN,
        "Operating Expense": NaN,
        "Depreciation Amortization Depletion Income Statement": NaN,
        "Depreciation And Amortization In Income Statement": NaN,
        "Amortization": NaN,
        "Amortization Of Intangibles Income Statement": NaN,
        "Selling General And Administration": NaN,
        "Gross Profit": NaN,
        "Cost Of Revenue": NaN,
        "Total Revenue": NaN,
        "Operating Revenue": NaN
    },
    "2022-07-31": {
        "Tax Effect Of Unusual Items": 0.0,
        "Tax Rate For Calcs": 0.21,
        "Normalized EBITDA": 2988000.0,
        "Total Unusual Items": NaN,
        "Total Unusual Items Excluding Goodwill": NaN,
        "Net Income From Continuing Operation Net Minority Interest": 2909000.0,
        "Reconciled Depreciation": 522000.0,
        "Reconciled Cost Of Revenue": 41064000.0,
        "EBITDA": 2988000.0,
        "EBIT": 2988000.0,
        "Net Interest Income": -711000.0,
        "Interest Expense": 761000.0,
        "Interest Income": 50000.0,
        "Normalized Income": 2909000.0,
        "Net Income From Continuing And Discontinued Operation": 1304000.0,
        "Total Expenses": 52538000.0,
        "Total Operating Income As Reported": 511000.0,
        "Diluted Average Shares": 6462750.0,
        "Basic Average Shares": 6422678.0,
        "Diluted EPS": 0.093333,
        "Basic EPS": 0.093333,
        "Diluted NI Availto Com Stockholders": 767000.0,
        "Net Income Common Stockholders": 767000.0,
        "Preferred Stock Dividends": 537000.0,
        "Net Income": 1304000.0,
        "Net Income Including Noncontrolling Interests": 1304000.0,
        "Net Income Discontinuous Operations": -1605000.0,
        "Net Income Continuous Operations": 2909000.0,
        "Tax Provision": -682000.0,
        "Pretax Income": 2227000.0,
        "Other Income Expense": 2427000.0,
        "Other Non Operating Income Expenses": 2427000.0,
        "Special Income Charges": NaN,
        "Restructuring And Mergern Acquisition": NaN,
        "Net Non Operating Interest Income Expense": -711000.0,
        "Interest Expense Non Operating": 761000.0,
        "Interest Income Non Operating": 50000.0,
        "Operating Income": 511000.0,
        "Operating Expense": 11474000.0,
        "Selling General And Administration": 11474000.0,
        "Gross Profit": 11985000.0,
        "Cost Of Revenue": 41064000.0,
        "Total Revenue": 53049000.0,
        "Operating Revenue": 53049000.0
    },
    "2022-04-30": {
        "Diluted EPS": 4.67,
        "Total Revenue": 52,
        "Gross Profit": 9,
        "Operating Income": 0,
        "EBIT": 1,
        "Net Income": 30
    },
    "2022-01-31": {
        "Diluted EPS": -3.64,
        "Total Revenue": 54,
        "Gross Profit": 11,
        "Operating Income": 0,
        "EBIT": 1,
        "Net Income": -24
    },
    "2021-10-31": {
        "Diluted EPS": -3.08,
        "Total Revenue": 44,
        "Gross Profit": 9,
        "Operating Income": 1,
        "EBIT": 2,
        "Net Income": -20
    },
    "2021-07-31": {
        "Diluted EPS": -1.68,
        "Total Revenue": 48,
        "Gross Profit": 8,
        "Operating Income": -4,
        "EBIT": -3,
        "Net Income": -12
    },
    "2021-04-30": {
        "Diluted EPS": -4.2,
        "Total Revenue": 49,
        "Gross Profit": 10,
        "Operating Income": -3,
        "EBIT": -23,
        "Net Income": -28
    },
    "2021-01-31": {
        "Diluted EPS": -0.37,
        "Total Revenue": 156,
        "Gross Profit": 36,
        "Operating Income": 9,
        "EBIT": 20,
        "Net Income": -3
    },
    "2020-10-31": {
        "Diluted EPS": -0.65,
        "Total Revenue": 170,
        "Gross Profit": 40,
        "Operating Income": 7,
        "EBIT": 20,
        "Net Income": -4
    },
    "2020-07-31": {
        "Diluted EPS": 0.0,
        "Total Revenue": 165,
        "Gross Profit": 40,
        "Operating Income": 9,
        "EBIT": 21,
        "Net Income": -1
    },
    "2020-04-30": {
        "Diluted EPS": -1.03,
        "Total Revenue": 177,
        "Gross Profit": 33,
        "Operating Income": 1,
        "EBIT": 14,
        "Net Income": -7
    },
    "2020-01-31": {
        "Diluted EPS": -0.65,
        "Total Revenue": 215,
        "Gross Profit": 45,
        "Operating Income": 7,
        "EBIT": 20,
        "Net Income": -4
    },
    "2019-10-31": {
        "Diluted EPS": 0.56,
        "Total Revenue": 225,
        "Gross Profit": 44,
        "Operating Income": 15,
        "EBIT": 28,
        "Net Income": 4
    },
    "2019-07-31": {
        "Diluted EPS": -5.88,
        "Total Revenue": 204,
        "Gross Profit": 37,
        "Operating Income": -33,
        "EBIT": -19,
        "Net Income": -39
    },
    "2019-04-30": {
        "Diluted EPS": -1.59,
        "Total Revenue": 194,
        "Gross Profit": 37,
        "Operating Income": 2,
        "EBIT": 16,
        "Net Income": -10
    },
    "2019-01-31": {
        "Diluted EPS": -1.87,
        "Total Revenue": 206,
        "Gross Profit": 38,
        "Operating Income": 2,
        "EBIT": 16,
        "Net Income": -12
    },
    "2018-10-31": {
        "Diluted EPS": -1.21,
        "Total Revenue": 215,
        "Gross Profit": 38,
        "Operating Income": 4,
        "EBIT": 18,
        "Net Income": -8
    },
    "2018-07-31": {
        "Diluted EPS": 0.19,
        "Total Revenue": 195,
        "Gross Profit": 37,
        "Operating Income": 0,
        "EBIT": 15,
        "Net Income": -8
    },
    "2018-04-30": {
        "Diluted EPS": -1.68,
        "Total Revenue": 194,
        "Gross Profit": 39,
        "Operating Income": 1,
        "EBIT": 17,
        "Net Income": -11
    },
    "2018-01-31": {
        "Diluted EPS": 7.28,
        "Total Revenue": 154,
        "Gross Profit": 16,
        "Operating Income": -6,
        "EBIT": 3,
        "Net Income": 60
    },
    "2017-10-31": {
        "Diluted EPS": -0.84,
        "Total Revenue": 103,
        "Gross Profit": 9,
        "Operating Income": -4,
        "EBIT": -1,
        "Net Income": -5
    },
    "2017-07-31": {
        "Diluted EPS": -1.59,
        "Total Revenue": 100,
        "Gross Profit": 7,
        "Operating Income": -7,
        "EBIT": -4,
        "Net Income": -9
    },
    "2017-04-30": {
        "Diluted EPS": -0.84,
        "Total Revenue": 98,
        "Gross Profit": 9,
        "Operating Income": -5,
        "EBIT": -2,
        "Net Income": -5
    },
    "2017-01-31": {
        "Diluted EPS": -0.47,
        "Total Revenue": 118,
        "Gross Profit": 11,
        "Operating Income": -2,
        "EBIT": 2,
        "Net Income": -3
    },
    "2016-10-31": {
        "Diluted EPS": -1.49,
        "Total Revenue": 121,
        "Gross Profit": 9,
        "Operating Income": -6,
        "EBIT": -3,
        "Net Income": -9
    },
    "2016-07-31": {
        "Diluted EPS": -3.46,
        "Total Revenue": 102,
        "Gross Profit": 6,
        "Operating Income": -15,
        "EBIT": -11,
        "Net Income": -20
    },
    "2016-04-30": {
        "Diluted EPS": -2.33,
        "Total Revenue": 96,
        "Gross Profit": 2,
        "Operating Income": -12,
        "EBIT": -9,
        "Net Income": -13
    },
    "2016-01-31": {
        "Diluted EPS": -2.52,
        "Total Revenue": 120,
        "Gross Profit": 4,
        "Operating Income": -12,
        "EBIT": -8,
        "Net Income": -14
    },
    "2015-10-31": {
        "Diluted EPS": -2.71,
        "Total Revenue": 141,
        "Gross Profit": 12,
        "Operating Income": -2,
        "EBIT": 2,
        "Net Income": -15
    },
    "2015-07-31": {
        "Diluted EPS": -0.84,
        "Total Revenue": 120,
        "Gross Profit": 10,
        "Operating Income": -9,
        "EBIT": -5,
        "Net Income": -5
    },
    "2015-04-30": {
        "Diluted EPS": -2.15,
        "Total Revenue": 106,
        "Gross Profit": 9,
        "Operating Income": -8,
        "EBIT": -4,
        "Net Income": -12
    },
    "2015-01-31": {
        "Diluted EPS": -0.28,
        "Total Revenue": 148,
        "Gross Profit": 17,
        "Operating Income": 1,
        "EBIT": 4,
        "Net Income": -2
    },
    "2014-10-31": {
        "Diluted EPS": 0.0,
        "Total Revenue": 187,
        "Gross Profit": 19,
        "Operating Income": 1,
        "EBIT": 5,
        "Net Income": 0
    },
    "2014-07-31": {
        "Diluted EPS": -1.59,
        "Total Revenue": 165,
        "Gross Profit": 14,
        "Operating Income": -4,
        "EBIT": 1,
        "Net Income": -8
    },
    "2014-04-30": {
        "Diluted EPS": -1.68,
        "Total Revenue": 173,
        "Gross Profit": 16,
        "Operating Income": -5,
        "EBIT": 0,
        "Net Income": -9
    },
    "2014-01-31": {
        "Diluted EPS": 0.19,
        "Total Revenue": 194,
        "Gross Profit": 23,
        "Operating Income": 1,
        "EBIT": 5,
        "Net Income": 1
    },
    "2013-10-31": {
        "Diluted EPS": 0.09,
        "Total Revenue": 191,
        "Gross Profit": 22,
        "Operating Income": 3,
        "EBIT": 6,
        "Net Income": 1
    },
    "2013-07-31": {
        "Diluted EPS": -1.49,
        "Total Revenue": 181,
        "Gross Profit": 20,
        "Operating Income": -6,
        "EBIT": -1,
        "Net Income": -9
    },
    "2013-04-30": {
        "Diluted EPS": -1.59,
        "Total Revenue": 173,
        "Gross Profit": 15,
        "Operating Income": -7,
        "EBIT": -3,
        "Net Income": -8
    },
    "2013-01-31": {
        "Diluted EPS": -2.71,
        "Total Revenue": 203,
        "Gross Profit": 20,
        "Operating Income": -9,
        "EBIT": -5,
        "Net Income": -13
    },
    "2012-10-31": {
        "Diluted EPS": -2.24,
        "Total Revenue": 197,
        "Gross Profit": 19,
        "Operating Income": -7,
        "EBIT": -3,
        "Net Income": -11
    },
    "2012-07-31": {
        "Diluted EPS": -4.3,
        "Total Revenue": 165,
        "Gross Profit": 12,
        "Operating Income": -17,
        "EBIT": -13,
        "Net Income": -20
    },
    "2012-04-30": {
        "Diluted EPS": -1.31,
        "Total Revenue": 174,
        "Gross Profit": 16,
        "Operating Income": -8,
        "EBIT": -4,
        "Net Income": -6
    },
    "2012-01-31": {
        "Diluted EPS": -2.8,
        "Total Revenue": 169,
        "Gross Profit": 15,
        "Operating Income": -13,
        "EBIT": -9,
        "Net Income": -13
    },
    "2011-10-31": {
        "Diluted EPS": 0.28,
        "Total Revenue": 206,
        "Gross Profit": 25,
        "Operating Income": 2,
        "EBIT": 6,
        "Net Income": 1
    },
    "2011-07-31": {
        "Diluted EPS": -0.28,
        "Total Revenue": 167,
        "Gross Profit": 15,
        "Operating Income": 10,
        "EBIT": 3,
        "Net Income": -1
    },
    "2011-04-30": {
        "Diluted EPS": 0.28,
        "Total Revenue": 207,
        "Gross Profit": 20,
        "Operating Income": -2,
        "EBIT": 3,
        "Net Income": 1
    },
    "2011-01-31": {
        "Diluted EPS": -6.07,
        "Total Revenue": 234,
        "Gross Profit": 23,
        "Operating Income": -26,
        "EBIT": 7,
        "Net Income": -28
    },
    "2010-10-31": {
        "Diluted EPS": -1.4,
        "Total Revenue": 236,
        "Gross Profit": 22,
        "Operating Income": -3,
        "EBIT": 3,
        "Net Income": -7
    },
    "2010-07-31": {
        "Diluted EPS": -6.63,
        "Total Revenue": 223,
        "Gross Profit": 19,
        "Operating Income": -32,
        "EBIT": 0,
        "Net Income": -32
    },
    "2010-04-30": {
        "Diluted EPS": -0.75,
        "Total Revenue": 214,
        "Gross Profit": 25,
        "Operating Income": 1,
        "EBIT": 7,
        "Net Income": -3
    },
    "2010-01-31": {
        "Diluted EPS": 0.56,
        "Total Revenue": 235,
        "Gross Profit": 32,
        "Operating Income": 6,
        "EBIT": 12,
        "Net Income": 3
    },
    "2009-10-31": {
        "Diluted EPS": 1.77,
        "Total Revenue": 247,
        "Gross Profit": 36,
        "Operating Income": 12,
        "EBIT": 17,
        "Net Income": 9
    },
    "2009-07-31": {
        "Diluted EPS": -1.96,
        "Total Revenue": 219,
        "Gross Profit": 23,
        "Operating Income": -5,
        "EBIT": 2,
        "Net Income": -10
    },
    "2009-04-30": {
        "Diluted EPS": -0.37,
        "Total Revenue": 231,
        "Gross Profit": 32,
        "Operating Income": 3,
        "EBIT": 9,
        "Net Income": -2
    },
    "2009-01-31": {
        "Diluted EPS": -34.83,
        "Total Revenue": 260,
        "Gross Profit": 32,
        "Operating Income": -160,
        "EBIT": 10,
        "Net Income": -169
    },
    "2023-07-31": {
        "Tax Effect Of Unusual Items": NaN,
        "Tax Rate For Calcs": NaN,
        "Normalized EBITDA": NaN,
        "Total Unusual Items": 446000.0,
        "Total Unusual Items Excluding Goodwill": 446000.0,
        "Net Income From Continuing Operation Net Minority Interest": NaN,
        "Reconciled Depreciation": NaN,
        "Reconciled Cost Of Revenue": NaN,
        "EBITDA": NaN,
        "EBIT": NaN,
        "Net Interest Income": NaN,
        "Interest Expense": NaN,
        "Interest Income": NaN,
        "Normalized Income": NaN,
        "Net Income From Continuing And Discontinued Operation": NaN,
        "Total Expenses": NaN,
        "Total Operating Income As Reported": NaN,
        "Diluted Average Shares": NaN,
        "Basic Average Shares": NaN,
        "Diluted EPS": NaN,
        "Basic EPS": NaN,
        "Diluted NI Availto Com Stockholders": NaN,
        "Average Dilution Earnings": NaN,
        "Net Income Common Stockholders": NaN,
        "Otherunder Preferred Stock Dividend": NaN,
        "Preferred Stock Dividends": NaN,
        "Net Income": NaN,
        "Net Income Including Noncontrolling Interests": NaN,
        "Net Income Discontinuous Operations": 0.0,
        "Net Income Continuous Operations": NaN,
        "Tax Provision": NaN,
        "Pretax Income": NaN,
        "Other Income Expense": NaN,
        "Other Non Operating Income Expenses": NaN,
        "Special Income Charges": 0.0,
        "Gain On Sale Of Security": 446000.0,
        "Net Non Operating Interest Income Expense": NaN,
        "Interest Expense Non Operating": NaN,
        "Interest Income Non Operating": NaN,
        "Operating Income": NaN,
        "Operating Expense": NaN,
        "Depreciation Amortization Depletion Income Statement": NaN,
        "Depreciation And Amortization In Income Statement": NaN,
        "Amortization": NaN,
        "Amortization Of Intangibles Income Statement": NaN,
        "Selling General And Administration": NaN,
        "Gross Profit": NaN,
        "Cost Of Revenue": NaN,
        "Total Revenue": NaN,
        "Operating Revenue": NaN
    },
    "2023-10-31": {
        "Tax Effect Of Unusual Items": 0.0,
        "Tax Rate For Calcs": 0.131388,
        "Normalized EBITDA": 6664000.0,
        "Total Unusual Items": NaN,
        "Total Unusual Items Excluding Goodwill": NaN,
        "Net Income From Continuing Operation Net Minority Interest": 4436000.0,
        "Reconciled Depreciation": 1310000.0,
        "Reconciled Cost Of Revenue": 29431000.0,
        "EBITDA": 6664000.0,
        "EBIT": 5354000.0,
        "Net Interest Income": 2972000.0,
        "Interest Expense": 247000.0,
        "Interest Income": 3219000.0,
        "Normalized Income": 4436000.0,
        "Net Income From Continuing And Discontinued Operation": 4436000.0,
        "Total Expenses": 39536000.0,
        "Total Operating Income As Reported": 1805000.0,
        "Diluted Average Shares": 26066000.0,
        "Basic Average Shares": 6199000.0,
        "Diluted EPS": 0.15,
        "Basic EPS": 0.15,
        "Diluted NI Availto Com Stockholders": 3900000.0,
        "Average Dilution Earnings": 2970000.0,
        "Net Income Common Stockholders": 930000.0,
        "Otherunder Preferred Stock Dividend": 2970000.0,
        "Preferred Stock Dividends": 536000.0,
        "Net Income": 4436000.0,
        "Net Income Including Noncontrolling Interests": 4436000.0,
        "Net Income Discontinuous Operations": NaN,
        "Net Income Continuous Operations": 4436000.0,
        "Tax Provision": 671000.0,
        "Pretax Income": 5107000.0,
        "Other Income Expense": 330000.0,
        "Other Non Operating Income Expenses": 330000.0,
        "Special Income Charges": NaN,
        "Gain On Sale Of Security": NaN,
        "Net Non Operating Interest Income Expense": 2972000.0,
        "Interest Expense Non Operating": 247000.0,
        "Interest Income Non Operating": 3219000.0,
        "Operating Income": 1805000.0,
        "Operating Expense": 9670000.0,
        "Depreciation Amortization Depletion Income Statement": 875000.0,
        "Depreciation And Amortization In Income Statement": 875000.0,
        "Amortization": 875000.0,
        "Amortization Of Intangibles Income Statement": 875000.0,
        "Selling General And Administration": 8795000.0,
        "Gross Profit": 11475000.0,
        "Cost Of Revenue": 29866000.0,
        "Total Revenue": 41341000.0,
        "Operating Revenue": 41341000.0
    },
    "2024-01-31": {
        "Tax Effect Of Unusual Items": 0.0,
        "Tax Rate For Calcs": 0.035018,
        "Normalized EBITDA": 7132000.0,
        "Total Unusual Items": NaN,
        "Total Unusual Items Excluding Goodwill": NaN,
        "Net Income From Continuing Operation Net Minority Interest": 5346000.0,
        "Reconciled Depreciation": 1343000.0,
        "Reconciled Cost Of Revenue": 31248000.0,
        "EBITDA": 7132000.0,
        "EBIT": 5789000.0,
        "Net Interest Income": 3250000.0,
        "Interest Expense": 249000.0,
        "Interest Income": 3499000.0,
        "Normalized Income": 5346000.0,
        "Net Income From Continuing And Discontinued Operation": 5346000.0,
        "Total Expenses": 41323000.0,
        "Total Operating Income As Reported": 1722000.0,
        "Diluted Average Shares": 26083000.0,
        "Basic Average Shares": 6211000.0,
        "Diluted EPS": 0.18,
        "Basic EPS": 0.18,
        "Diluted NI Availto Com Stockholders": 1148000.0,
        "Average Dilution Earnings": NaN,
        "Net Income Common Stockholders": 1148000.0,
        "Otherunder Preferred Stock Dividend": 3661000.0,
        "Preferred Stock Dividends": 537000.0,
        "Net Income": 5346000.0,
        "Net Income Including Noncontrolling Interests": 5346000.0,
        "Net Income Discontinuous Operations": NaN,
        "Net Income Continuous Operations": 5346000.0,
        "Tax Provision": 194000.0,
        "Pretax Income": 5540000.0,
        "Other Income Expense": 568000.0,
        "Other Non Operating Income Expenses": 568000.0,
        "Special Income Charges": NaN,
        "Gain On Sale Of Security": NaN,
        "Net Non Operating Interest Income Expense": 3250000.0,
        "Interest Expense Non Operating": 249000.0,
        "Interest Income Non Operating": 3499000.0,
        "Operating Income": 1722000.0,
        "Operating Expense": 9625000.0,
        "Depreciation Amortization Depletion Income Statement": 893000.0,
        "Depreciation And Amortization In Income Statement": 893000.0,
        "Amortization": 893000.0,
        "Amortization Of Intangibles Income Statement": 893000.0,
        "Selling General And Administration": 8732000.0,
        "Gross Profit": 11347000.0,
        "Cost Of Revenue": 31698000.0,
        "Total Revenue": 43045000.0,
        "Operating Revenue": 43045000.0
    },
    "2024-04-30": {
        "Tax Effect Of Unusual Items": 0.0,
        "Tax Rate For Calcs": 0.21,
        "Normalized EBITDA": 5435000.0,
        "Total Unusual Items": NaN,
        "Total Unusual Items Excluding Goodwill": NaN,
        "Net Income From Continuing Operation Net Minority Interest": 71660000.0,
        "Reconciled Depreciation": 1332000.0,
        "Reconciled Cost Of Revenue": 30399000.0,
        "EBITDA": 5435000.0,
        "EBIT": 4103000.0,
        "Net Interest Income": 3413000.0,
        "Interest Expense": 243000.0,
        "Interest Income": 3656000.0,
        "Normalized Income": 71660000.0,
        "Net Income From Continuing And Discontinued Operation": 71660000.0,
        "Total Expenses": 40875000.0,
        "Total Operating Income As Reported": 2980000.0,
        "Diluted Average Shares": 28599000.0,
        "Basic Average Shares": 6224000.0,
        "Diluted EPS": 2.51,
        "Basic EPS": 2.73,
        "Diluted NI Availto Com Stockholders": 17004000.0,
        "Average Dilution Earnings": NaN,
        "Net Income Common Stockholders": 17004000.0,
        "Otherunder Preferred Stock Dividend": 54125000.0,
        "Preferred Stock Dividends": 531000.0,
        "Net Income": 71660000.0,
        "Net Income Including Noncontrolling Interests": 71660000.0,
        "Net Income Discontinuous Operations": NaN,
        "Net Income Continuous Operations": 71660000.0,
        "Tax Provision": -67800000.0,
        "Pretax Income": 3860000.0,
        "Other Income Expense": -2533000.0,
        "Other Non Operating Income Expenses": -2533000.0,
        "Special Income Charges": NaN,
        "Gain On Sale Of Security": NaN,
        "Net Non Operating Interest Income Expense": 3413000.0,
        "Interest Expense Non Operating": 243000.0,
        "Interest Income Non Operating": 3656000.0,
        "Operating Income": 2980000.0,
        "Operating Expense": 10037000.0,
        "Depreciation Amortization Depletion Income Statement": 893000.0,
        "Depreciation And Amortization In Income Statement": 893000.0,
        "Amortization": 893000.0,
        "Amortization Of Intangibles Income Statement": 893000.0,
        "Selling General And Administration": 9144000.0,
        "Gross Profit": 13017000.0,
        "Cost Of Revenue": 30838000.0,
        "Total Revenue": 43855000.0,
        "Operating Revenue": 43855000.0
    },
    "2024-07-31": {
        "Tax Effect Of Unusual Items": 0.0,
        "Tax Rate For Calcs": 0.21,
        "Normalized EBITDA": 8102000.0,
        "Total Unusual Items": NaN,
        "Total Unusual Items Excluding Goodwill": NaN,
        "Net Income From Continuing Operation Net Minority Interest": 6538000.0,
        "Reconciled Depreciation": 1395000.0,
        "Reconciled Cost Of Revenue": 32712000.0,
        "EBITDA": 8102000.0,
        "EBIT": 6707000.0,
        "Net Interest Income": 3085000.0,
        "Interest Expense": 257000.0,
        "Interest Income": 3342000.0,
        "Normalized Income": 6538000.0,
        "Net Income From Continuing And Discontinued Operation": 6538000.0,
        "Total Expenses": 44915000.0,
        "Total Operating Income As Reported": 954000.0,
        "Diluted Average Shares": 26120000.0,
        "Basic Average Shares": 6239000.0,
        "Diluted EPS": 0.23,
        "Basic EPS": 0.23,
        "Diluted NI Availto Com Stockholders": 66787000.0,
        "Average Dilution Earnings": NaN,
        "Net Income Common Stockholders": 66787000.0,
        "Otherunder Preferred Stock Dividend": NaN,
        "Preferred Stock Dividends": 531000.0,
        "Net Income": 6538000.0,
        "Net Income Including Noncontrolling Interests": 6538000.0,
        "Net Income Discontinuous Operations": NaN,
        "Net Income Continuous Operations": 6538000.0,
        "Tax Provision": -88000.0,
        "Pretax Income": 6450000.0,
        "Other Income Expense": 2411000.0,
        "Other Non Operating Income Expenses": 2565000.0,
        "Special Income Charges": NaN,
        "Gain On Sale Of Security": NaN,
        "Net Non Operating Interest Income Expense": 3085000.0,
        "Interest Expense Non Operating": 257000.0,
        "Interest Income Non Operating": 3342000.0,
        "Operating Income": 954000.0,
        "Operating Expense": 11701000.0,
        "Depreciation Amortization Depletion Income Statement": 893000.0,
        "Depreciation And Amortization In Income Statement": 893000.0,
        "Amortization": 893000.0,
        "Amortization Of Intangibles Income Statement": 893000.0,
        "Selling General And Administration": 10808000.0,
        "Gross Profit": 12655000.0,
        "Cost Of Revenue": 33214000.0,
        "Total Revenue": 45869000.0,
        "Operating Revenue": 45869000.0
    },
    "2024-10-31": {
        "Tax Effect Of Unusual Items": 0.0,
        "Tax Rate For Calcs": 0.256757,
        "Normalized EBITDA": 4792000.0,
        "Total Unusual Items": NaN,
        "Total Unusual Items Excluding Goodwill": NaN,
        "Net Income From Continuing Operation Net Minority Interest": 2365000.0,
        "Reconciled Depreciation": 1499000.0,
        "Reconciled Cost Of Revenue": 32645000.0,
        "EBITDA": 4792000.0,
        "EBIT": 3293000.0,
        "Net Interest Income": 2703000.0,
        "Interest Expense": 111000.0,
        "Interest Income": 2814000.0,
        "Normalized Income": 2365000.0,
        "Net Income From Continuing And Discontinued Operation": 2365000.0,
        "Total Expenses": 43986000.0,
        "Total Operating Income As Reported": 6501000.0,
        "Diluted Average Shares": 26104000.0,
        "Basic Average Shares": 6256000.0,
        "Diluted EPS": 0.07,
        "Basic EPS": 0.07,
        "Diluted NI Availto Com Stockholders": 1828000.0,
        "Average Dilution Earnings": 1389000.0,
        "Net Income Common Stockholders": 439000.0,
        "Otherunder Preferred Stock Dividend": 1389000.0,
        "Preferred Stock Dividends": 537000.0,
        "Net Income": 2365000.0,
        "Net Income Including Noncontrolling Interests": 2365000.0,
        "Net Income Discontinuous Operations": NaN,
        "Net Income Continuous Operations": 2365000.0,
        "Tax Provision": 817000.0,
        "Pretax Income": 3182000.0,
        "Other Income Expense": -6022000.0,
        "Other Non Operating Income Expenses": -6022000.0,
        "Special Income Charges": NaN,
        "Gain On Sale Of Security": NaN,
        "Net Non Operating Interest Income Expense": 2703000.0,
        "Interest Expense Non Operating": 111000.0,
        "Interest Income Non Operating": 2814000.0,
        "Operating Income": 6501000.0,
        "Operating Expense": 10735000.0,
        "Depreciation Amortization Depletion Income Statement": 893000.0,
        "Depreciation And Amortization In Income Statement": 893000.0,
        "Amortization": 893000.0,
        "Amortization Of Intangibles Income Statement": 893000.0,
        "Selling General And Administration": 9842000.0,
        "Gross Profit": 17236000.0,
        "Cost Of Revenue": 33251000.0,
        "Total Revenue": 50487000.0,
        "Operating Revenue": 50487000.0
    }
}