{
    "2023-03-31": {
        "Tax Effect Of Unusual Items": NaN,
        "Tax Rate For Calcs": NaN,
        "Normalized EBITDA": NaN,
        "Total Unusual Items": NaN,
        "Total Unusual Items Excluding Goodwill": NaN,
        "Net Income From Continuing Operation Net Minority Interest": NaN,
        "Reconciled Depreciation": NaN,
        "Reconciled Cost Of Revenue": NaN,
        "EBITDA": NaN,
        "EBIT": NaN,
        "Net Interest Income": NaN,
        "Interest Expense": NaN,
        "Interest Income": NaN,
        "Normalized Income": NaN,
        "Net Income From Continuing And Discontinued Operation": NaN,
        "Total Expenses": NaN,
        "Total Operating Income As Reported": NaN,
        "Diluted Average Shares": NaN,
        "Basic Average Shares": NaN,
        "Diluted EPS": NaN,
        "Basic EPS": NaN,
        "Diluted NI Availto Com Stockholders": NaN,
        "Net Income Common Stockholders": NaN,
        "Net Income": NaN,
        "Minority Interests": NaN,
        "Net Income Including Noncontrolling Interests": NaN,
        "Net Income Discontinuous Operations": NaN,
        "Net Income Continuous Operations": NaN,
        "Tax Provision": NaN,
        "Pretax Income": NaN,
        "Other Income Expense": NaN,
        "Special Income Charges": NaN,
        "Gain On Sale Of Business": NaN,
        "Impairment Of Capital Assets": 0.0,
        "Restructuring And Mergern Acquisition": NaN,
        "Net Non Operating Interest Income Expense": NaN,
        "Interest Expense Non Operating": NaN,
        "Interest Income Non Operating": NaN,
        "Operating Income": NaN,
        "Operating Expense": NaN,
        "Research And Development": NaN,
        "Selling General And Administration": NaN,
        "Gross Profit": NaN,
        "Cost Of Revenue": NaN,
        "Total Revenue": NaN,
        "Operating Revenue": NaN
    },
    "2022-12-31": {
        "Tax Effect Of Unusual Items": NaN,
        "Tax Rate For Calcs": NaN,
        "Normalized EBITDA": NaN,
        "Total Unusual Items": NaN,
        "Total Unusual Items Excluding Goodwill": NaN,
        "Net Income From Continuing Operation Net Minority Interest": NaN,
        "Reconciled Depreciation": NaN,
        "Reconciled Cost Of Revenue": NaN,
        "EBITDA": NaN,
        "EBIT": NaN,
        "Net Interest Income": NaN,
        "Interest Expense": NaN,
        "Interest Income": NaN,
        "Normalized Income": NaN,
        "Net Income From Continuing And Discontinued Operation": NaN,
        "Total Expenses": NaN,
        "Total Operating Income As Reported": NaN,
        "Diluted Average Shares": NaN,
        "Basic Average Shares": NaN,
        "Diluted EPS": NaN,
        "Basic EPS": NaN,
        "Diluted NI Availto Com Stockholders": NaN,
        "Net Income Common Stockholders": NaN,
        "Net Income": NaN,
        "Minority Interests": NaN,
        "Net Income Including Noncontrolling Interests": NaN,
        "Net Income Discontinuous Operations": NaN,
        "Net Income Continuous Operations": NaN,
        "Tax Provision": NaN,
        "Pretax Income": NaN,
        "Other Income Expense": NaN,
        "Special Income Charges": NaN,
        "Gain On Sale Of Business": NaN,
        "Impairment Of Capital Assets": 0.0,
        "Restructuring And Mergern Acquisition": NaN,
        "Net Non Operating Interest Income Expense": NaN,
        "Interest Expense Non Operating": NaN,
        "Interest Income Non Operating": NaN,
        "Operating Income": NaN,
        "Operating Expense": NaN,
        "Research And Development": NaN,
        "Selling General And Administration": NaN,
        "Gross Profit": NaN,
        "Cost Of Revenue": NaN,
        "Total Revenue": NaN,
        "Operating Revenue": NaN
    },
    "2022-09-30": {
        "Tax Effect Of Unusual Items": NaN,
        "Tax Rate For Calcs": NaN,
        "Normalized EBITDA": NaN,
        "Total Unusual Items": NaN,
        "Total Unusual Items Excluding Goodwill": NaN,
        "Net Income From Continuing Operation Net Minority Interest": NaN,
        "Reconciled Depreciation": NaN,
        "Reconciled Cost Of Revenue": NaN,
        "EBITDA": NaN,
        "EBIT": NaN,
        "Net Interest Income": NaN,
        "Interest Expense": NaN,
        "Interest Income": NaN,
        "Normalized Income": NaN,
        "Net Income From Continuing And Discontinued Operation": NaN,
        "Total Expenses": NaN,
        "Total Operating Income As Reported": NaN,
        "Diluted Average Shares": NaN,
        "Basic Average Shares": NaN,
        "Diluted EPS": NaN,
        "Basic EPS": NaN,
        "Diluted NI Availto Com Stockholders": NaN,
        "Net Income Common Stockholders": NaN,
        "Net Income": NaN,
        "Minority Interests": NaN,
        "Net Income Including Noncontrolling Interests": NaN,
        "Net Income Continuous Operations": NaN,
        "Tax Provision": NaN,
        "Pretax Income": NaN,
        "Other Income Expense": NaN,
        "Special Income Charges": NaN,
        "Impairment Of Capital Assets": 490565000.0,
        "Restructuring And Mergern Acquisition": NaN,
        "Net Non Operating Interest Income Expense": NaN,
        "Interest Expense Non Operating": NaN,
        "Interest Income Non Operating": NaN,
        "Operating Income": NaN,
        "Operating Expense": NaN,
        "Research And Development": NaN,
        "Selling General And Administration": NaN,
        "Gross Profit": NaN,
        "Cost Of Revenue": NaN,
        "Total Revenue": NaN,
        "Operating Revenue": NaN
    },
    "2022-06-30": {
        "Tax Effect Of Unusual Items": -4654.0,
        "Tax Rate For Calcs": 0.179,
        "Normalized EBITDA": 158447000.0,
        "Total Unusual Items": -26000.0,
        "Total Unusual Items Excluding Goodwill": -26000.0,
        "Net Income From Continuing Operation Net Minority Interest": 111262000.0,
        "Reconciled Depreciation": 138863000.0,
        "Reconciled Cost Of Revenue": 638693000.0,
        "EBITDA": 158421000.0,
        "EBIT": 158421000.0,
        "Net Interest Income": -23444000.0,
        "Interest Expense": 23444000.0,
        "Interest Income": NaN,
        "Normalized Income": 111283346.0,
        "Net Income From Continuing And Discontinued Operation": 111262000.0,
        "Total Expenses": 998070000.0,
        "Total Operating Income As Reported": 158395000.0,
        "Diluted Average Shares": 100722000.0,
        "Basic Average Shares": 100082000.0,
        "Diluted EPS": 1.1,
        "Basic EPS": 1.11,
        "Diluted NI Availto Com Stockholders": 111262000.0,
        "Net Income Common Stockholders": 111262000.0,
        "Net Income": 111262000.0,
        "Minority Interests": 507000.0,
        "Net Income Including Noncontrolling Interests": 110755000.0,
        "Net Income Continuous Operations": 110755000.0,
        "Tax Provision": 24196000.0,
        "Pretax Income": 134951000.0,
        "Other Income Expense": -23470000.0,
        "Other Non Operating Income Expenses": -23444000.0,
        "Special Income Charges": -26000.0,
        "Impairment Of Capital Assets": NaN,
        "Restructuring And Mergern Acquisition": 26000.0,
        "Net Non Operating Interest Income Expense": -23444000.0,
        "Interest Expense Non Operating": 23444000.0,
        "Interest Income Non Operating": NaN,
        "Operating Income": 158421000.0,
        "Operating Expense": 359377000.0,
        "Research And Development": 24751000.0,
        "Selling General And Administration": 334626000.0,
        "Gross Profit": 517798000.0,
        "Cost Of Revenue": 638693000.0,
        "Total Revenue": 1156491000.0,
        "Operating Revenue": 1156491000.0
    },
    "2023-06-30": {
        "Tax Effect Of Unusual Items": NaN,
        "Tax Rate For Calcs": NaN,
        "Normalized EBITDA": NaN,
        "Total Unusual Items": NaN,
        "Total Unusual Items Excluding Goodwill": NaN,
        "Net Income From Continuing Operation Net Minority Interest": NaN,
        "Reconciled Depreciation": NaN,
        "Reconciled Cost Of Revenue": NaN,
        "EBITDA": NaN,
        "EBIT": NaN,
        "Net Interest Income": NaN,
        "Interest Expense": NaN,
        "Interest Income": NaN,
        "Normalized Income": NaN,
        "Net Income From Continuing And Discontinued Operation": NaN,
        "Total Expenses": NaN,
        "Total Operating Income As Reported": NaN,
        "Diluted Average Shares": NaN,
        "Basic Average Shares": NaN,
        "Diluted EPS": NaN,
        "Basic EPS": NaN,
        "Diluted NI Availto Com Stockholders": NaN,
        "Net Income Common Stockholders": NaN,
        "Net Income": NaN,
        "Minority Interests": NaN,
        "Net Income Including Noncontrolling Interests": NaN,
        "Net Income Discontinuous Operations": -6791000.0,
        "Net Income Continuous Operations": NaN,
        "Tax Provision": NaN,
        "Pretax Income": NaN,
        "Other Income Expense": NaN,
        "Special Income Charges": NaN,
        "Gain On Sale Of Business": 0.0,
        "Impairment Of Capital Assets": NaN,
        "Restructuring And Mergern Acquisition": NaN,
        "Net Non Operating Interest Income Expense": NaN,
        "Interest Expense Non Operating": NaN,
        "Interest Income Non Operating": NaN,
        "Operating Income": NaN,
        "Operating Expense": NaN,
        "Research And Development": NaN,
        "Selling General And Administration": NaN,
        "Gross Profit": NaN,
        "Cost Of Revenue": NaN,
        "Total Revenue": NaN,
        "Operating Revenue": NaN
    },
    "2022-03-31": {
        "Diluted EPS": 0.61,
        "Total Revenue": NaN,
        "Gross Profit": 572,
        "Operating Income": 92,
        "EBIT": 306,
        "Net Income": 52
    },
    "2021-12-31": {
        "Diluted EPS": 1.42,
        "Total Revenue": NaN,
        "Gross Profit": 538,
        "Operating Income": 203,
        "EBIT": 322,
        "Net Income": 144
    },
    "2021-09-30": {
        "Diluted EPS": 0.69,
        "Total Revenue": NaN,
        "Gross Profit": 480,
        "Operating Income": 117,
        "EBIT": 320,
        "Net Income": 70
    },
    "2021-06-30": {
        "Diluted EPS": -0.24,
        "Total Revenue": 968,
        "Gross Profit": 426,
        "Operating Income": 14,
        "EBIT": 98,
        "Net Income": -22
    },
    "2021-03-31": {
        "Diluted EPS": 1.02,
        "Total Revenue": 874,
        "Gross Profit": 380,
        "Operating Income": 144,
        "EBIT": 203,
        "Net Income": 87
    },
    "2020-12-31": {
        "Diluted EPS": 1.33,
        "Total Revenue": 809,
        "Gross Profit": 346,
        "Operating Income": 147,
        "EBIT": 204,
        "Net Income": 115
    },
    "2020-09-30": {
        "Diluted EPS": 1.23,
        "Total Revenue": 756,
        "Gross Profit": 330,
        "Operating Income": 141,
        "EBIT": 196,
        "Net Income": 106
    },
    "2020-06-30": {
        "Diluted EPS": 1.05,
        "Total Revenue": 669,
        "Gross Profit": 287,
        "Operating Income": 116,
        "EBIT": 165,
        "Net Income": 90
    },
    "2020-03-31": {
        "Diluted EPS": 1.43,
        "Total Revenue": 823,
        "Gross Profit": 364,
        "Operating Income": 158,
        "EBIT": 209,
        "Net Income": 123
    },
    "2019-12-31": {
        "Diluted EPS": 1.23,
        "Total Revenue": 774,
        "Gross Profit": 331,
        "Operating Income": 142,
        "EBIT": 192,
        "Net Income": 105
    },
    "2019-09-30": {
        "Diluted EPS": 1.11,
        "Total Revenue": 737,
        "Gross Profit": 319,
        "Operating Income": 127,
        "EBIT": 176,
        "Net Income": 95
    },
    "2019-06-30": {
        "Diluted EPS": 0.99,
        "Total Revenue": 697,
        "Gross Profit": 306,
        "Operating Income": 110,
        "EBIT": 157,
        "Net Income": 85
    },
    "2019-03-31": {
        "Diluted EPS": 1.26,
        "Total Revenue": 768,
        "Gross Profit": 334,
        "Operating Income": 140,
        "EBIT": 191,
        "Net Income": 108
    },
    "2018-12-31": {
        "Diluted EPS": 0.56,
        "Total Revenue": 696,
        "Gross Profit": 287,
        "Operating Income": 70,
        "EBIT": 152,
        "Net Income": 48
    },
    "2018-09-30": {
        "Diluted EPS": 0.91,
        "Total Revenue": 679,
        "Gross Profit": 285,
        "Operating Income": 107,
        "EBIT": 153,
        "Net Income": 77
    },
    "2018-06-30": {
        "Diluted EPS": 0.82,
        "Total Revenue": 639,
        "Gross Profit": 269,
        "Operating Income": 94,
        "EBIT": 141,
        "Net Income": 70
    },
    "2018-03-31": {
        "Diluted EPS": 0.85,
        "Total Revenue": 716,
        "Gross Profit": 292,
        "Operating Income": 113,
        "EBIT": 157,
        "Net Income": 74
    },
    "2017-12-31": {
        "Diluted EPS": 1.11,
        "Total Revenue": 662,
        "Gross Profit": 278,
        "Operating Income": 103,
        "EBIT": 148,
        "Net Income": 95
    },
    "2017-09-30": {
        "Diluted EPS": 0.75,
        "Total Revenue": 634,
        "Gross Profit": 266,
        "Operating Income": 99,
        "EBIT": 144,
        "Net Income": 64
    },
    "2017-06-30": {
        "Diluted EPS": 0.68,
        "Total Revenue": 608,
        "Gross Profit": 256,
        "Operating Income": 85,
        "EBIT": 129,
        "Net Income": 58
    },
    "2017-03-31": {
        "Diluted EPS": 0.31,
        "Total Revenue": 681,
        "Gross Profit": 281,
        "Operating Income": 57,
        "EBIT": 110,
        "Net Income": 26
    },
    "2016-12-31": {
        "Diluted EPS": -0.06,
        "Total Revenue": 647,
        "Gross Profit": 258,
        "Operating Income": 26,
        "EBIT": 116,
        "Net Income": -5
    },
    "2016-09-30": {
        "Diluted EPS": 0.47,
        "Total Revenue": 646,
        "Gross Profit": 248,
        "Operating Income": 70,
        "EBIT": 120,
        "Net Income": 40
    },
    "2016-06-30": {
        "Diluted EPS": 0.56,
        "Total Revenue": 638,
        "Gross Profit": 240,
        "Operating Income": 74,
        "EBIT": 127,
        "Net Income": 48
    },
    "2016-03-31": {
        "Diluted EPS": 0.76,
        "Total Revenue": 690,
        "Gross Profit": 264,
        "Operating Income": 99,
        "EBIT": 152,
        "Net Income": 58
    },
    "2015-12-31": {
        "Diluted EPS": 0.26,
        "Total Revenue": 619,
        "Gross Profit": 238,
        "Operating Income": 47,
        "EBIT": 92,
        "Net Income": 20
    },
    "2015-09-30": {
        "Diluted EPS": 0.14,
        "Total Revenue": 490,
        "Gross Profit": 209,
        "Operating Income": 23,
        "EBIT": 46,
        "Net Income": 9
    },
    "2015-06-30": {
        "Diluted EPS": 0.4,
        "Total Revenue": 440,
        "Gross Profit": 184,
        "Operating Income": 44,
        "EBIT": 67,
        "Net Income": 24
    },
    "2015-03-31": {
        "Diluted EPS": 0.69,
        "Total Revenue": 502,
        "Gross Profit": 213,
        "Operating Income": 68,
        "EBIT": 90,
        "Net Income": 41
    },
    "2014-12-31": {
        "Diluted EPS": 0.63,
        "Total Revenue": 473,
        "Gross Profit": 197,
        "Operating Income": 61,
        "EBIT": 83,
        "Net Income": 38
    },
    "2014-09-30": {
        "Diluted EPS": 0.52,
        "Total Revenue": 463,
        "Gross Profit": 194,
        "Operating Income": 53,
        "EBIT": 81,
        "Net Income": 31
    },
    "2014-06-30": {
        "Diluted EPS": 0.41,
        "Total Revenue": 413,
        "Gross Profit": 170,
        "Operating Income": 44,
        "EBIT": 65,
        "Net Income": 25
    },
    "2014-03-31": {
        "Diluted EPS": 0.65,
        "Total Revenue": 465,
        "Gross Profit": 184,
        "Operating Income": 60,
        "EBIT": 80,
        "Net Income": 39
    },
    "2013-12-31": {
        "Diluted EPS": 0.48,
        "Total Revenue": 406,
        "Gross Profit": 164,
        "Operating Income": 56,
        "EBIT": 75,
        "Net Income": 29
    },
    "2013-09-30": {
        "Diluted EPS": 0.5,
        "Total Revenue": 384,
        "Gross Profit": 155,
        "Operating Income": 50,
        "EBIT": 68,
        "Net Income": 30
    },
    "2013-06-30": {
        "Diluted EPS": 0.54,
        "Total Revenue": 368,
        "Gross Profit": 147,
        "Operating Income": 41,
        "EBIT": 59,
        "Net Income": 32
    },
    "2013-03-31": {
        "Diluted EPS": 0.7,
        "Total Revenue": 428,
        "Gross Profit": 178,
        "Operating Income": 65,
        "EBIT": 86,
        "Net Income": 41
    },
    "2012-12-31": {
        "Diluted EPS": 0.82,
        "Total Revenue": 380,
        "Gross Profit": 153,
        "Operating Income": 67,
        "EBIT": 85,
        "Net Income": 48
    },
    "2012-09-30": {
        "Diluted EPS": 0.68,
        "Total Revenue": 356,
        "Gross Profit": 153,
        "Operating Income": 62,
        "EBIT": 78,
        "Net Income": 40
    },
    "2012-06-30": {
        "Diluted EPS": 0.52,
        "Total Revenue": 337,
        "Gross Profit": 137,
        "Operating Income": 48,
        "EBIT": 63,
        "Net Income": 30
    },
    "2012-03-31": {
        "Diluted EPS": 0.75,
        "Total Revenue": 390,
        "Gross Profit": 164,
        "Operating Income": 74,
        "EBIT": 91,
        "Net Income": 44
    },
    "2011-12-31": {
        "Diluted EPS": 0.58,
        "Total Revenue": 355,
        "Gross Profit": 138,
        "Operating Income": 54,
        "EBIT": 70,
        "Net Income": 34
    },
    "2011-09-30": {
        "Diluted EPS": 0.5,
        "Total Revenue": 343,
        "Gross Profit": 133,
        "Operating Income": 48,
        "EBIT": 63,
        "Net Income": 30
    },
    "2011-06-30": {
        "Diluted EPS": 0.48,
        "Total Revenue": 319,
        "Gross Profit": 133,
        "Operating Income": 47,
        "EBIT": 61,
        "Net Income": 29
    },
    "2011-03-31": {
        "Diluted EPS": 0.66,
        "Total Revenue": 378,
        "Gross Profit": 156,
        "Operating Income": 57,
        "EBIT": 72,
        "Net Income": 39
    },
    "2010-12-31": {
        "Diluted EPS": 0.36,
        "Total Revenue": 328,
        "Gross Profit": 137,
        "Operating Income": 36,
        "EBIT": 49,
        "Net Income": 22
    },
    "2010-09-30": {
        "Diluted EPS": 0.59,
        "Total Revenue": 312,
        "Gross Profit": 135,
        "Operating Income": 55,
        "EBIT": 68,
        "Net Income": 36
    },
    "2010-06-30": {
        "Diluted EPS": -0.76,
        "Total Revenue": 189,
        "Gross Profit": 18,
        "Operating Income": -63,
        "EBIT": -50,
        "Net Income": -45
    },
    "2010-03-31": {
        "Diluted EPS": 0.5,
        "Total Revenue": 332,
        "Gross Profit": 142,
        "Operating Income": 52,
        "EBIT": 66,
        "Net Income": 30
    },
    "2009-12-31": {
        "Diluted EPS": 0.69,
        "Total Revenue": 328,
        "Gross Profit": 139,
        "Operating Income": 59,
        "EBIT": 74,
        "Net Income": 41
    },
    "2009-09-30": {
        "Diluted EPS": 0.54,
        "Total Revenue": 314,
        "Gross Profit": 133,
        "Operating Income": 50,
        "EBIT": 64,
        "Net Income": 32
    },
    "2009-06-30": {
        "Diluted EPS": 0.43,
        "Total Revenue": 284,
        "Gross Profit": 125,
        "Operating Income": 43,
        "EBIT": 57,
        "Net Income": 26
    },
    "2009-03-31": {
        "Diluted EPS": 0.47,
        "Total Revenue": 344,
        "Gross Profit": 140,
        "Operating Income": 48,
        "EBIT": 63,
        "Net Income": 28
    },
    "2023-09-30": {
        "Tax Effect Of Unusual Items": NaN,
        "Tax Rate For Calcs": NaN,
        "Normalized EBITDA": NaN,
        "Total Unusual Items": NaN,
        "Total Unusual Items Excluding Goodwill": NaN,
        "Net Income From Continuing Operation Net Minority Interest": NaN,
        "Reconciled Depreciation": NaN,
        "Reconciled Cost Of Revenue": NaN,
        "EBITDA": NaN,
        "EBIT": NaN,
        "Net Interest Income": NaN,
        "Interest Expense": NaN,
        "Interest Income": NaN,
        "Normalized Income": NaN,
        "Net Income From Continuing And Discontinued Operation": NaN,
        "Total Expenses": NaN,
        "Total Operating Income As Reported": NaN,
        "Diluted Average Shares": NaN,
        "Basic Average Shares": NaN,
        "Diluted EPS": NaN,
        "Basic EPS": NaN,
        "Diluted NI Availto Com Stockholders": NaN,
        "Net Income Common Stockholders": NaN,
        "Net Income": NaN,
        "Minority Interests": NaN,
        "Net Income Including Noncontrolling Interests": NaN,
        "Net Income Discontinuous Operations": NaN,
        "Net Income Continuous Operations": NaN,
        "Tax Provision": NaN,
        "Pretax Income": NaN,
        "Other Income Expense": NaN,
        "Special Income Charges": NaN,
        "Gain On Sale Of Business": NaN,
        "Impairment Of Capital Assets": 0.0,
        "Restructuring And Mergern Acquisition": NaN,
        "Net Non Operating Interest Income Expense": NaN,
        "Interest Expense Non Operating": NaN,
        "Interest Income Non Operating": NaN,
        "Operating Income": NaN,
        "Operating Expense": NaN,
        "Research And Development": NaN,
        "Selling General And Administration": NaN,
        "Gross Profit": NaN,
        "Cost Of Revenue": NaN,
        "Total Revenue": NaN,
        "Operating Revenue": NaN
    },
    "2023-12-31": {
        "Tax Effect Of Unusual Items": NaN,
        "Tax Rate For Calcs": NaN,
        "Normalized EBITDA": NaN,
        "Total Unusual Items": NaN,
        "Total Unusual Items Excluding Goodwill": NaN,
        "Net Income From Continuing Operation Net Minority Interest": NaN,
        "Reconciled Depreciation": NaN,
        "Reconciled Cost Of Revenue": NaN,
        "EBITDA": NaN,
        "EBIT": NaN,
        "Net Interest Income": NaN,
        "Interest Expense": NaN,
        "Interest Income": NaN,
        "Normalized Income": NaN,
        "Net Income From Continuing And Discontinued Operation": NaN,
        "Total Expenses": NaN,
        "Total Operating Income As Reported": NaN,
        "Diluted Average Shares": NaN,
        "Basic Average Shares": NaN,
        "Diluted EPS": NaN,
        "Basic EPS": NaN,
        "Diluted NI Availto Com Stockholders": NaN,
        "Net Income Common Stockholders": NaN,
        "Net Income": NaN,
        "Minority Interests": NaN,
        "Net Income Including Noncontrolling Interests": NaN,
        "Net Income Discontinuous Operations": NaN,
        "Net Income Continuous Operations": NaN,
        "Tax Provision": NaN,
        "Pretax Income": NaN,
        "Other Income Expense": NaN,
        "Special Income Charges": NaN,
        "Gain On Sale Of Business": NaN,
        "Impairment Of Capital Assets": 0.0,
        "Restructuring And Mergern Acquisition": NaN,
        "Net Non Operating Interest Income Expense": NaN,
        "Interest Expense Non Operating": NaN,
        "Interest Income Non Operating": NaN,
        "Operating Income": NaN,
        "Operating Expense": NaN,
        "Research And Development": NaN,
        "Selling General And Administration": NaN,
        "Gross Profit": NaN,
        "Cost Of Revenue": NaN,
        "Total Revenue": NaN,
        "Operating Revenue": NaN
    },
    "2024-03-31": {
        "Tax Effect Of Unusual Items": -5228351.064965,
        "Tax Rate For Calcs": 0.200758,
        "Normalized EBITDA": 412037000.0,
        "Total Unusual Items": -26043000.0,
        "Total Unusual Items Excluding Goodwill": -26043000.0,
        "Net Income From Continuing Operation Net Minority Interest": 171824000.0,
        "Reconciled Depreciation": 134438000.0,
        "Reconciled Cost Of Revenue": 667577000.0,
        "EBITDA": 385994000.0,
        "EBIT": 251556000.0,
        "Net Interest Income": -29770000.0,
        "Interest Expense": 36103000.0,
        "Interest Income": 6333000.0,
        "Normalized Income": 192638648.935035,
        "Net Income From Continuing And Discontinued Operation": -1377000.0,
        "Total Expenses": 844888000.0,
        "Total Operating Income As Reported": 245223000.0,
        "Diluted Average Shares": 99435000.0,
        "Basic Average Shares": 98851000.0,
        "Diluted EPS": -0.01,
        "Basic EPS": -0.01,
        "Diluted NI Availto Com Stockholders": -1377000.0,
        "Net Income Common Stockholders": -1377000.0,
        "Net Income": -1377000.0,
        "Minority Interests": -375000.0,
        "Net Income Including Noncontrolling Interests": -1002000.0,
        "Net Income Discontinuous Operations": NaN,
        "Net Income Continuous Operations": 172199000.0,
        "Tax Provision": 43254000.0,
        "Pretax Income": 215453000.0,
        "Other Income Expense": -26043000.0,
        "Special Income Charges": -26043000.0,
        "Gain On Sale Of Business": NaN,
        "Impairment Of Capital Assets": NaN,
        "Restructuring And Mergern Acquisition": 26043000.0,
        "Net Non Operating Interest Income Expense": -29770000.0,
        "Interest Expense Non Operating": 36103000.0,
        "Interest Income Non Operating": 6333000.0,
        "Operating Income": 271266000.0,
        "Operating Expense": 177311000.0,
        "Research And Development": 25220000.0,
        "Selling General And Administration": 152091000.0,
        "Gross Profit": 448577000.0,
        "Cost Of Revenue": 667577000.0,
        "Total Revenue": 1116154000.0,
        "Operating Revenue": 1116154000.0
    },
    "2024-06-30": {
        "Tax Effect Of Unusual Items": -1390239.726027,
        "Tax Rate For Calcs": 0.201484,
        "Normalized EBITDA": 325200000.0,
        "Total Unusual Items": -6900000.0,
        "Total Unusual Items Excluding Goodwill": -6900000.0,
        "Net Income From Continuing Operation Net Minority Interest": 139800000.0,
        "Reconciled Depreciation": 112700000.0,
        "Reconciled Cost Of Revenue": 707100000.0,
        "EBITDA": 318300000.0,
        "EBIT": 205600000.0,
        "Net Interest Income": -29100000.0,
        "Interest Expense": 30400000.0,
        "Interest Income": 1300000.0,
        "Normalized Income": 145309760.273973,
        "Net Income From Continuing And Discontinued Operation": 145400000.0,
        "Total Expenses": 1068300000.0,
        "Total Operating Income As Reported": 185500000.0,
        "Diluted Average Shares": 99376000.0,
        "Basic Average Shares": 98869000.0,
        "Diluted EPS": 1.46,
        "Basic EPS": 1.47,
        "Diluted NI Availto Com Stockholders": 145400000.0,
        "Net Income Common Stockholders": 145400000.0,
        "Net Income": 145400000.0,
        "Minority Interests": -100000.0,
        "Net Income Including Noncontrolling Interests": 145500000.0,
        "Net Income Discontinuous Operations": 5600000.0,
        "Net Income Continuous Operations": 139900000.0,
        "Tax Provision": 35300000.0,
        "Pretax Income": 175200000.0,
        "Other Income Expense": -6900000.0,
        "Special Income Charges": -6900000.0,
        "Gain On Sale Of Business": 18800000.0,
        "Restructuring And Mergern Acquisition": 25700000.0,
        "Net Non Operating Interest Income Expense": -29100000.0,
        "Interest Expense Non Operating": 30400000.0,
        "Interest Income Non Operating": 1300000.0,
        "Operating Income": 211200000.0,
        "Operating Expense": 361200000.0,
        "Research And Development": 25600000.0,
        "Selling General And Administration": 335600000.0,
        "Gross Profit": 572400000.0,
        "Cost Of Revenue": 707100000.0,
        "Total Revenue": 1279500000.0,
        "Operating Revenue": 1279500000.0
    },
    "2024-09-30": {
        "Tax Effect Of Unusual Items": -2008722.421755,
        "Tax Rate For Calcs": 0.223191,
        "Normalized EBITDA": 338900000.0,
        "Total Unusual Items": -9000000.0,
        "Total Unusual Items Excluding Goodwill": -9000000.0,
        "Net Income From Continuing Operation Net Minority Interest": 150300000.0,
        "Reconciled Depreciation": 115300000.0,
        "Reconciled Cost Of Revenue": 750100000.0,
        "EBITDA": 329900000.0,
        "EBIT": 214600000.0,
        "Net Interest Income": -18600000.0,
        "Interest Expense": 19700000.0,
        "Interest Income": 1100000.0,
        "Normalized Income": 157291277.578245,
        "Net Income From Continuing And Discontinued Operation": 150100000.0,
        "Total Expenses": 1106400000.0,
        "Total Operating Income As Reported": 219700000.0,
        "Diluted Average Shares": NaN,
        "Basic Average Shares": NaN,
        "Diluted EPS": NaN,
        "Basic EPS": NaN,
        "Diluted NI Availto Com Stockholders": 150000000.0,
        "Net Income Common Stockholders": 150000000.0,
        "Net Income": 150100000.0,
        "Minority Interests": -1100000.0,
        "Net Income Including Noncontrolling Interests": 151200000.0,
        "Net Income Discontinuous Operations": -200000.0,
        "Net Income Continuous Operations": 151400000.0,
        "Tax Provision": 43500000.0,
        "Pretax Income": 194900000.0,
        "Other Income Expense": -9000000.0,
        "Special Income Charges": -9000000.0,
        "Gain On Sale Of Business": -6200000.0,
        "Restructuring And Mergern Acquisition": 2800000.0,
        "Net Non Operating Interest Income Expense": -18600000.0,
        "Interest Expense Non Operating": 19700000.0,
        "Interest Income Non Operating": 1100000.0,
        "Operating Income": 222500000.0,
        "Operating Expense": 356300000.0,
        "Research And Development": 27000000.0,
        "Selling General And Administration": 329300000.0,
        "Gross Profit": 578800000.0,
        "Cost Of Revenue": 750100000.0,
        "Total Revenue": 1328900000.0,
        "Operating Revenue": 1328900000.0
    },
    "2024-12-31": {
        "Tax Effect Of Unusual Items": -512798.0,
        "Tax Rate For Calcs": 0.242,
        "Normalized EBITDA": 375824000.0,
        "Total Unusual Items": -2119000.0,
        "Total Unusual Items Excluding Goodwill": -2119000.0,
        "Net Income From Continuing Operation Net Minority Interest": 173610000.0,
        "Reconciled Depreciation": 125866000.0,
        "Reconciled Cost Of Revenue": 760238000.0,
        "EBITDA": 373705000.0,
        "EBIT": 247839000.0,
        "Net Interest Income": -16660000.0,
        "Interest Expense": 19094000.0,
        "Interest Income": 2434000.0,
        "Normalized Income": 175216202.0,
        "Net Income From Continuing And Discontinued Operation": 173534000.0,
        "Total Expenses": 1123046000.0,
        "Total Operating Income As Reported": 245293000.0,
        "Diluted Average Shares": 98942000.0,
        "Basic Average Shares": 98490000.0,
        "Diluted EPS": 1.75,
        "Basic EPS": 1.75,
        "Diluted NI Availto Com Stockholders": 173534000.0,
        "Net Income Common Stockholders": 173534000.0,
        "Net Income": 173534000.0,
        "Minority Interests": 249000.0,
        "Net Income Including Noncontrolling Interests": 173285000.0,
        "Net Income Discontinuous Operations": -76000.0,
        "Net Income Continuous Operations": 173361000.0,
        "Tax Provision": 55384000.0,
        "Pretax Income": 228745000.0,
        "Other Income Expense": -2119000.0,
        "Special Income Charges": -2119000.0,
        "Gain On Sale Of Business": 112000.0,
        "Restructuring And Mergern Acquisition": 2231000.0,
        "Net Non Operating Interest Income Expense": -16660000.0,
        "Interest Expense Non Operating": 19094000.0,
        "Interest Income Non Operating": 2434000.0,
        "Operating Income": 247524000.0,
        "Operating Expense": 362808000.0,
        "Research And Development": 27358000.0,
        "Selling General And Administration": 335450000.0,
        "Gross Profit": 610332000.0,
        "Cost Of Revenue": 760238000.0,
        "Total Revenue": 1370570000.0,
        "Operating Revenue": 1370570000.0
    },
    "2025-03-31": {
        "Tax Effect Of Unusual Items": -17573417.092813,
        "Tax Rate For Calcs": 0.255688,
        "Normalized EBITDA": 405505000.0,
        "Total Unusual Items": -68730000.0,
        "Total Unusual Items Excluding Goodwill": -68730000.0,
        "Net Income From Continuing Operation Net Minority Interest": 146458000.0,
        "Reconciled Depreciation": 122349000.0,
        "Reconciled Cost Of Revenue": 839320000.0,
        "EBITDA": 336775000.0,
        "EBIT": 214426000.0,
        "Net Interest Income": -13582000.0,
        "Interest Expense": 17115000.0,
        "Interest Income": 3533000.0,
        "Normalized Income": 197614582.907187,
        "Net Income From Continuing And Discontinued Operation": 145672000.0,
        "Total Expenses": 1200908000.0,
        "Total Operating Income As Reported": 216151000.0,
        "Diluted Average Shares": 98756000.0,
        "Basic Average Shares": 98273000.0,
        "Diluted EPS": 1.48,
        "Basic EPS": 1.48,
        "Diluted NI Availto Com Stockholders": 145672000.0,
        "Net Income Common Stockholders": 145672000.0,
        "Net Income": 145672000.0,
        "Minority Interests": -403000.0,
        "Net Income Including Noncontrolling Interests": 146075000.0,
        "Net Income Discontinuous Operations": -786000.0,
        "Net Income Continuous Operations": 146861000.0,
        "Tax Provision": 50450000.0,
        "Pretax Income": 197311000.0,
        "Other Income Expense": -68730000.0,
        "Special Income Charges": -68730000.0,
        "Gain On Sale Of Business": -5258000.0,
        "Restructuring And Mergern Acquisition": 15322000.0,
        "Net Non Operating Interest Income Expense": -13582000.0,
        "Interest Expense Non Operating": 17115000.0,
        "Interest Income Non Operating": 3533000.0,
        "Operating Income": 279623000.0,
        "Operating Expense": 361588000.0,
        "Research And Development": 27686000.0,
        "Selling General And Administration": 333902000.0,
        "Gross Profit": 641211000.0,
        "Cost Of Revenue": 839320000.0,
        "Total Revenue": 1480531000.0,
        "Operating Revenue": 1480531000.0
    },
    "2025-06-30": {
        "Tax Effect Of Unusual Items": -418369.987063,
        "Tax Rate For Calcs": 0.232428,
        "Normalized EBITDA": 369000000.0,
        "Total Unusual Items": -1800000.0,
        "Total Unusual Items Excluding Goodwill": -1800000.0,
        "Net Income From Continuing Operation Net Minority Interest": 177400000.0,
        "Reconciled Depreciation": 119400000.0,
        "Reconciled Cost Of Revenue": 763100000.0,
        "EBITDA": 367200000.0,
        "EBIT": 247800000.0,
        "Net Interest Income": -14100000.0,
        "Interest Expense": 15900000.0,
        "Interest Income": 1800000.0,
        "Normalized Income": 178781630.012937,
        "Net Income From Continuing And Discontinued Operation": 177400000.0,
        "Total Expenses": 1143300000.0,
        "Total Operating Income As Reported": 246000000.0,
        "Diluted Average Shares": 98800000.0,
        "Basic Average Shares": 98400000.0,
        "Diluted EPS": 1.79,
        "Basic EPS": 1.79,
        "Diluted NI Availto Com Stockholders": 177400000.0,
        "Net Income Common Stockholders": 177400000.0,
        "Net Income": 177400000.0,
        "Minority Interests": -600000.0,
        "Net Income Including Noncontrolling Interests": 178000000.0,
        "Net Income Discontinuous Operations": 0.0,
        "Net Income Continuous Operations": 178000000.0,
        "Tax Provision": 53900000.0,
        "Pretax Income": 231900000.0,
        "Other Income Expense": -1800000.0,
        "Special Income Charges": -1800000.0,
        "Gain On Sale Of Business": 0.0,
        "Restructuring And Mergern Acquisition": 1800000.0,
        "Net Non Operating Interest Income Expense": -14100000.0,
        "Interest Expense Non Operating": 15900000.0,
        "Interest Income Non Operating": 1800000.0,
        "Operating Income": 247800000.0,
        "Operating Expense": 380200000.0,
        "Research And Development": 26400000.0,
        "Selling General And Administration": 353800000.0,
        "Gross Profit": 628000000.0,
        "Cost Of Revenue": 763100000.0,
        "Total Revenue": 1391100000.0,
        "Operating Revenue": 1391100000.0
    },
    "2025-09-30": {
        "Tax Effect Of Unusual Items": -574634.531806,
        "Tax Rate For Calcs": 0.239431,
        "Normalized EBITDA": 392100000.0,
        "Total Unusual Items": -2400000.0,
        "Total Unusual Items Excluding Goodwill": -2400000.0,
        "Net Income From Continuing Operation Net Minority Interest": 191900000.0,
        "Reconciled Depreciation": 121700000.0,
        "Reconciled Cost Of Revenue": 814400000.0,
        "EBITDA": 389700000.0,
        "EBIT": 268000000.0,
        "Net Interest Income": -12500000.0,
        "Interest Expense": 14900000.0,
        "Interest Income": 2400000.0,
        "Normalized Income": 193725365.468194,
        "Net Income From Continuing And Discontinued Operation": 191900000.0,
        "Total Expenses": 1192300000.0,
        "Total Operating Income As Reported": 265800000.0,
        "Diluted Average Shares": 98800000.0,
        "Basic Average Shares": 98400000.0,
        "Diluted EPS": 1.94,
        "Basic EPS": 1.95,
        "Diluted NI Availto Com Stockholders": 191900000.0,
        "Net Income Common Stockholders": 191900000.0,
        "Net Income": 191900000.0,
        "Minority Interests": -600000.0,
        "Net Income Including Noncontrolling Interests": 192500000.0,
        "Net Income Discontinuous Operations": 0.0,
        "Net Income Continuous Operations": 192500000.0,
        "Tax Provision": 60600000.0,
        "Pretax Income": 253100000.0,
        "Other Income Expense": -2400000.0,
        "Special Income Charges": -2400000.0,
        "Gain On Sale Of Business": -200000.0,
        "Restructuring And Mergern Acquisition": 2200000.0,
        "Net Non Operating Interest Income Expense": -12500000.0,
        "Interest Expense Non Operating": 14900000.0,
        "Interest Income Non Operating": 2400000.0,
        "Operating Income": 268000000.0,
        "Operating Expense": 377900000.0,
        "Research And Development": 28200000.0,
        "Selling General And Administration": 349700000.0,
        "Gross Profit": 645900000.0,
        "Cost Of Revenue": 814400000.0,
        "Total Revenue": 1460300000.0,
        "Operating Revenue": 1460300000.0
    },
    "2025-12-31": {
        "Tax Effect Of Unusual Items": NaN,
        "Tax Rate For Calcs": NaN,
        "Normalized EBITDA": NaN,
        "Total Unusual Items": NaN,
        "Total Unusual Items Excluding Goodwill": NaN,
        "Net Income From Continuing Operation Net Minority Interest": NaN,
        "Reconciled Depreciation": NaN,
        "Reconciled Cost Of Revenue": NaN,
        "EBITDA": NaN,
        "EBIT": NaN,
        "Net Interest Income": NaN,
        "Interest Expense": NaN,
        "Interest Income": NaN,
        "Normalized Income": NaN,
        "Net Income From Continuing And Discontinued Operation": NaN,
        "Total Expenses": NaN,
        "Total Operating Income As Reported": NaN,
        "Diluted Average Shares": 98600000.0,
        "Basic Average Shares": 98200000.0,
        "Diluted EPS": 1.96,
        "Basic EPS": 1.96,
        "Diluted NI Availto Com Stockholders": NaN,
        "Net Income Common Stockholders": NaN,
        "Net Income": NaN,
        "Minority Interests": NaN,
        "Net Income Including Noncontrolling Interests": NaN,
        "Net Income Discontinuous Operations": NaN,
        "Net Income Continuous Operations": NaN,
        "Tax Provision": NaN,
        "Pretax Income": NaN,
        "Other Income Expense": NaN,
        "Special Income Charges": NaN,
        "Gain On Sale Of Business": NaN,
        "Restructuring And Mergern Acquisition": NaN,
        "Net Non Operating Interest Income Expense": NaN,
        "Interest Expense Non Operating": NaN,
        "Interest Income Non Operating": NaN,
        "Operating Income": NaN,
        "Operating Expense": NaN,
        "Research And Development": NaN,
        "Selling General And Administration": NaN,
        "Gross Profit": NaN,
        "Cost Of Revenue": NaN,
        "Total Revenue": NaN,
        "Operating Revenue": NaN
    }
}