{
    "2023-06-30": {
        "Tax Effect Of Unusual Items": NaN,
        "Tax Rate For Calcs": NaN,
        "Total Unusual Items": NaN,
        "Total Unusual Items Excluding Goodwill": NaN,
        "Net Income From Continuing Operation Net Minority Interest": NaN,
        "Reconciled Depreciation": NaN,
        "Net Interest Income": NaN,
        "Interest Expense": NaN,
        "Interest Income": NaN,
        "Normalized Income": NaN,
        "Net Income From Continuing And Discontinued Operation": NaN,
        "Diluted Average Shares": 53375000.0,
        "Basic Average Shares": 53297000.0,
        "Diluted EPS": 0.66,
        "Basic EPS": 0.66,
        "Diluted NI Availto Com Stockholders": NaN,
        "Net Income Common Stockholders": NaN,
        "Net Income": NaN,
        "Net Income Including Noncontrolling Interests": NaN,
        "Net Income Continuous Operations": NaN,
        "Tax Provision": NaN,
        "Pretax Income": NaN,
        "Special Income Charges": NaN,
        "Restructuring And Mergern Acquisition": NaN,
        "Depreciation Amortization Depletion Income Statement": NaN,
        "Depreciation And Amortization In Income Statement": NaN,
        "Amortization": NaN,
        "Amortization Of Intangibles Income Statement": NaN,
        "Depreciation Income Statement": NaN,
        "Selling General And Administration": NaN,
        "Selling And Marketing Expense": NaN,
        "General And Administrative Expense": NaN,
        "Insurance And Claims": NaN,
        "Salaries And Wages": NaN,
        "Total Revenue": NaN,
        "Operating Revenue": NaN,
        "Occupancy And Equipment": NaN,
        "Professional Expense And Contract Services Expense": NaN,
        "Other Non Interest Expense": NaN
    },
    "2023-03-31": {
        "Tax Effect Of Unusual Items": NaN,
        "Tax Rate For Calcs": NaN,
        "Total Unusual Items": NaN,
        "Total Unusual Items Excluding Goodwill": NaN,
        "Net Income From Continuing Operation Net Minority Interest": NaN,
        "Reconciled Depreciation": NaN,
        "Net Interest Income": NaN,
        "Interest Expense": NaN,
        "Interest Income": NaN,
        "Normalized Income": NaN,
        "Net Income From Continuing And Discontinued Operation": NaN,
        "Diluted Average Shares": 53138000.0,
        "Basic Average Shares": 53021000.0,
        "Diluted EPS": 0.7,
        "Basic EPS": 0.7,
        "Diluted NI Availto Com Stockholders": NaN,
        "Net Income Common Stockholders": NaN,
        "Net Income": NaN,
        "Net Income Including Noncontrolling Interests": NaN,
        "Net Income Continuous Operations": NaN,
        "Tax Provision": NaN,
        "Pretax Income": NaN,
        "Special Income Charges": NaN,
        "Restructuring And Mergern Acquisition": NaN,
        "Depreciation Amortization Depletion Income Statement": NaN,
        "Depreciation And Amortization In Income Statement": NaN,
        "Amortization": NaN,
        "Amortization Of Intangibles Income Statement": NaN,
        "Depreciation Income Statement": NaN,
        "Selling General And Administration": NaN,
        "Selling And Marketing Expense": NaN,
        "General And Administrative Expense": NaN,
        "Insurance And Claims": NaN,
        "Salaries And Wages": NaN,
        "Total Revenue": NaN,
        "Operating Revenue": NaN,
        "Occupancy And Equipment": NaN,
        "Professional Expense And Contract Services Expense": NaN,
        "Other Non Interest Expense": NaN
    },
    "2022-12-31": {
        "Tax Effect Of Unusual Items": -2850127.804107,
        "Tax Rate For Calcs": 0.137283,
        "Total Unusual Items": -20761000.0,
        "Total Unusual Items Excluding Goodwill": -20761000.0,
        "Net Income From Continuing Operation Net Minority Interest": 16383000.0,
        "Reconciled Depreciation": 10208000.0,
        "Net Interest Income": 178444000.0,
        "Interest Expense": 29761000.0,
        "Interest Income": 208205000.0,
        "Normalized Income": 34293872.195893,
        "Net Income From Continuing And Discontinued Operation": 16383000.0,
        "Diluted Average Shares": NaN,
        "Basic Average Shares": NaN,
        "Diluted EPS": NaN,
        "Basic EPS": NaN,
        "Diluted NI Availto Com Stockholders": 16383000.0,
        "Net Income Common Stockholders": 16383000.0,
        "Net Income": 16383000.0,
        "Net Income Including Noncontrolling Interests": 16383000.0,
        "Net Income Continuous Operations": 16383000.0,
        "Tax Provision": 2607000.0,
        "Pretax Income": 18990000.0,
        "Special Income Charges": NaN,
        "Restructuring And Mergern Acquisition": NaN,
        "Depreciation Amortization Depletion Income Statement": 25073000.0,
        "Depreciation And Amortization In Income Statement": 25073000.0,
        "Amortization": 20122000.0,
        "Amortization Of Intangibles Income Statement": 20122000.0,
        "Depreciation Income Statement": NaN,
        "Selling General And Administration": 59668000.0,
        "Selling And Marketing Expense": 1495000.0,
        "General And Administrative Expense": 58173000.0,
        "Insurance And Claims": NaN,
        "Salaries And Wages": 61149000.0,
        "Total Revenue": 187354000.0,
        "Operating Revenue": 187354000.0
    },
    "2022-09-30": {
        "Tax Effect Of Unusual Items": NaN,
        "Tax Rate For Calcs": NaN,
        "Total Unusual Items": NaN,
        "Total Unusual Items Excluding Goodwill": NaN,
        "Net Income From Continuing Operation Net Minority Interest": NaN,
        "Reconciled Depreciation": NaN,
        "Net Interest Income": NaN,
        "Interest Expense": NaN,
        "Interest Income": NaN,
        "Normalized Income": NaN,
        "Net Income From Continuing And Discontinued Operation": NaN,
        "Diluted Average Shares": 28530000.0,
        "Basic Average Shares": 28286000.0,
        "Diluted EPS": 0.5,
        "Basic EPS": 0.51,
        "Diluted NI Availto Com Stockholders": NaN,
        "Net Income Common Stockholders": NaN,
        "Net Income": NaN,
        "Net Income Including Noncontrolling Interests": NaN,
        "Net Income Continuous Operations": NaN,
        "Tax Provision": NaN,
        "Pretax Income": NaN,
        "Special Income Charges": NaN,
        "Restructuring And Mergern Acquisition": NaN,
        "Gain On Sale Of Security": -386000.0,
        "Depreciation Amortization Depletion Income Statement": NaN,
        "Depreciation And Amortization In Income Statement": NaN,
        "Amortization": NaN,
        "Amortization Of Intangibles Income Statement": NaN,
        "Depreciation Income Statement": NaN,
        "Selling General And Administration": NaN,
        "Selling And Marketing Expense": NaN,
        "General And Administrative Expense": NaN,
        "Other Gand A": 2449000.0,
        "Insurance And Claims": NaN,
        "Salaries And Wages": NaN,
        "Total Revenue": NaN,
        "Operating Revenue": NaN
    },
    "2022-06-30": {
        "Tax Effect Of Unusual Items": 11281.0,
        "Tax Rate For Calcs": 0.1945,
        "Total Unusual Items": 58000.0,
        "Total Unusual Items Excluding Goodwill": 58000.0,
        "Net Income From Continuing Operation Net Minority Interest": 11707000.0,
        "Reconciled Depreciation": 1345000.0,
        "Net Interest Income": 34872000.0,
        "Interest Expense": 1229000.0,
        "Interest Income": 36101000.0,
        "Normalized Income": 11660281.0,
        "Net Income From Continuing And Discontinued Operation": 11707000.0,
        "Diluted Average Shares": 29120000.0,
        "Basic Average Shares": 28874000.0,
        "Diluted EPS": 0.56,
        "Basic EPS": 0.57,
        "Diluted NI Availto Com Stockholders": 11707000.0,
        "Net Income Common Stockholders": 11707000.0,
        "Net Income": 11707000.0,
        "Net Income Including Noncontrolling Interests": 11707000.0,
        "Net Income Continuous Operations": 11707000.0,
        "Tax Provision": 2827000.0,
        "Pretax Income": 14534000.0,
        "Special Income Charges": NaN,
        "Restructuring And Mergern Acquisition": NaN,
        "Gain On Sale Of Security": -170000.0,
        "Depreciation Amortization Depletion Income Statement": 172000.0,
        "Depreciation And Amortization In Income Statement": 172000.0,
        "Amortization": 172000.0,
        "Amortization Of Intangibles Income Statement": 172000.0,
        "Depreciation Income Statement": NaN,
        "Selling General And Administration": 17674000.0,
        "Selling And Marketing Expense": 366000.0,
        "General And Administrative Expense": 17308000.0,
        "Other Gand A": 2610000.0,
        "Insurance And Claims": NaN,
        "Salaries And Wages": 14698000.0,
        "Total Revenue": 38248000.0,
        "Operating Revenue": 38248000.0
    },
    "2022-03-31": {
        "Diluted EPS": 0.64,
        "Total Revenue": 64,
        "Gross Profit": 59,
        "Operating Income": 23,
        "EBIT": NaN,
        "Net Income": 19
    },
    "2021-12-31": {
        "Diluted EPS": 1.34,
        "Total Revenue": 150,
        "Gross Profit": 130,
        "Operating Income": 58,
        "EBIT": NaN,
        "Net Income": 45
    },
    "2021-09-30": {
        "Diluted EPS": 0.59,
        "Total Revenue": 38,
        "Gross Profit": 37,
        "Operating Income": 17,
        "EBIT": NaN,
        "Net Income": 14
    },
    "2021-06-30": {
        "Diluted EPS": 0.48,
        "Total Revenue": 36,
        "Gross Profit": 35,
        "Operating Income": 14,
        "EBIT": NaN,
        "Net Income": 12
    },
    "2021-03-31": {
        "Diluted EPS": 0.41,
        "Total Revenue": 38,
        "Gross Profit": 36,
        "Operating Income": 13,
        "EBIT": NaN,
        "Net Income": 10
    },
    "2020-12-31": {
        "Diluted EPS": 0.91,
        "Total Revenue": 134,
        "Gross Profit": 103,
        "Operating Income": 41,
        "EBIT": NaN,
        "Net Income": 29
    },
    "2020-09-30": {
        "Diluted EPS": 0.26,
        "Total Revenue": 38,
        "Gross Profit": 36,
        "Operating Income": 8,
        "EBIT": NaN,
        "Net Income": 6
    },
    "2020-06-30": {
        "Diluted EPS": 0.09,
        "Total Revenue": 37,
        "Gross Profit": 35,
        "Operating Income": 3,
        "EBIT": NaN,
        "Net Income": 2
    },
    "2020-03-31": {
        "Diluted EPS": 0.3,
        "Total Revenue": 41,
        "Gross Profit": 37,
        "Operating Income": 9,
        "EBIT": NaN,
        "Net Income": 8
    },
    "2019-12-31": {
        "Diluted EPS": 0.51,
        "Total Revenue": 42,
        "Gross Profit": 38,
        "Operating Income": 16,
        "EBIT": NaN,
        "Net Income": 13
    },
    "2019-09-30": {
        "Diluted EPS": 0.52,
        "Total Revenue": 43,
        "Gross Profit": 39,
        "Operating Income": 16,
        "EBIT": NaN,
        "Net Income": 13
    },
    "2019-06-30": {
        "Diluted EPS": 0.57,
        "Total Revenue": 46,
        "Gross Profit": 42,
        "Operating Income": 17,
        "EBIT": NaN,
        "Net Income": 14
    },
    "2019-03-31": {
        "Diluted EPS": 0.42,
        "Total Revenue": 40,
        "Gross Profit": 37,
        "Operating Income": 13,
        "EBIT": NaN,
        "Net Income": 10
    },
    "2018-12-31": {
        "Diluted EPS": 0.56,
        "Total Revenue": 41,
        "Gross Profit": 37,
        "Operating Income": 17,
        "EBIT": NaN,
        "Net Income": 14
    },
    "2018-09-30": {
        "Diluted EPS": 0.52,
        "Total Revenue": 38,
        "Gross Profit": 35,
        "Operating Income": 16,
        "EBIT": NaN,
        "Net Income": 13
    },
    "2018-06-30": {
        "Diluted EPS": 0.44,
        "Total Revenue": 37,
        "Gross Profit": 34,
        "Operating Income": 14,
        "EBIT": NaN,
        "Net Income": 11
    },
    "2018-03-31": {
        "Diluted EPS": 0.37,
        "Total Revenue": 34,
        "Gross Profit": 32,
        "Operating Income": 11,
        "EBIT": NaN,
        "Net Income": 9
    },
    "2017-12-31": {
        "Diluted EPS": 0.07,
        "Total Revenue": 34,
        "Gross Profit": 31,
        "Operating Income": 8,
        "EBIT": NaN,
        "Net Income": 2
    },
    "2017-09-30": {
        "Diluted EPS": 0.45,
        "Total Revenue": 34,
        "Gross Profit": 31,
        "Operating Income": 14,
        "EBIT": NaN,
        "Net Income": 10
    },
    "2017-06-30": {
        "Diluted EPS": 0.39,
        "Total Revenue": 32,
        "Gross Profit": 30,
        "Operating Income": 12,
        "EBIT": NaN,
        "Net Income": 9
    },
    "2017-03-31": {
        "Diluted EPS": 0.31,
        "Total Revenue": 31,
        "Gross Profit": 29,
        "Operating Income": 10,
        "EBIT": NaN,
        "Net Income": 7
    },
    "2016-12-31": {
        "Diluted EPS": 0.0,
        "Total Revenue": NaN,
        "Gross Profit": NaN,
        "Operating Income": NaN,
        "EBIT": NaN,
        "Net Income": NaN
    },
    "2016-09-30": {
        "Diluted EPS": 0.31,
        "Total Revenue": 31,
        "Gross Profit": 29,
        "Operating Income": 10,
        "EBIT": NaN,
        "Net Income": 7
    },
    "2016-06-30": {
        "Diluted EPS": 0.29,
        "Total Revenue": 31,
        "Gross Profit": 29,
        "Operating Income": 9,
        "EBIT": NaN,
        "Net Income": 6
    },
    "2015-12-31": {
        "Diluted EPS": 0.0,
        "Total Revenue": NaN,
        "Gross Profit": NaN,
        "Operating Income": NaN,
        "EBIT": NaN,
        "Net Income": NaN
    },
    "2023-09-30": {
        "Tax Effect Of Unusual Items": NaN,
        "Tax Rate For Calcs": NaN,
        "Total Unusual Items": NaN,
        "Total Unusual Items Excluding Goodwill": NaN,
        "Net Income From Continuing Operation Net Minority Interest": NaN,
        "Reconciled Depreciation": NaN,
        "Net Interest Income": NaN,
        "Interest Expense": NaN,
        "Interest Income": NaN,
        "Normalized Income": NaN,
        "Net Income From Continuing And Discontinued Operation": NaN,
        "Diluted Average Shares": 53380000.0,
        "Basic Average Shares": 53313000.0,
        "Diluted EPS": 0.58,
        "Basic EPS": 0.58,
        "Diluted NI Availto Com Stockholders": NaN,
        "Net Income Common Stockholders": NaN,
        "Net Income": NaN,
        "Net Income Including Noncontrolling Interests": NaN,
        "Net Income Continuous Operations": NaN,
        "Tax Provision": NaN,
        "Pretax Income": NaN,
        "Special Income Charges": NaN,
        "Restructuring And Mergern Acquisition": NaN,
        "Depreciation Amortization Depletion Income Statement": NaN,
        "Depreciation And Amortization In Income Statement": NaN,
        "Amortization": NaN,
        "Amortization Of Intangibles Income Statement": NaN,
        "Depreciation Income Statement": NaN,
        "Selling General And Administration": NaN,
        "Selling And Marketing Expense": NaN,
        "General And Administrative Expense": NaN,
        "Insurance And Claims": NaN,
        "Salaries And Wages": NaN,
        "Total Revenue": NaN,
        "Operating Revenue": NaN,
        "Occupancy And Equipment": NaN,
        "Professional Expense And Contract Services Expense": NaN,
        "Other Non Interest Expense": NaN
    },
    "2023-12-31": {
        "Tax Effect Of Unusual Items": NaN,
        "Tax Rate For Calcs": NaN,
        "Total Unusual Items": NaN,
        "Total Unusual Items Excluding Goodwill": NaN,
        "Net Income From Continuing Operation Net Minority Interest": NaN,
        "Reconciled Depreciation": NaN,
        "Net Interest Income": NaN,
        "Interest Expense": NaN,
        "Interest Income": NaN,
        "Normalized Income": NaN,
        "Net Income From Continuing And Discontinued Operation": NaN,
        "Diluted Average Shares": NaN,
        "Basic Average Shares": NaN,
        "Diluted EPS": NaN,
        "Basic EPS": NaN,
        "Diluted NI Availto Com Stockholders": NaN,
        "Net Income Common Stockholders": NaN,
        "Net Income": NaN,
        "Net Income Including Noncontrolling Interests": NaN,
        "Net Income Continuous Operations": NaN,
        "Tax Provision": NaN,
        "Pretax Income": NaN,
        "Special Income Charges": -3072000.0,
        "Restructuring And Mergern Acquisition": 3072000.0,
        "Depreciation Amortization Depletion Income Statement": NaN,
        "Depreciation And Amortization In Income Statement": NaN,
        "Amortization": NaN,
        "Amortization Of Intangibles Income Statement": NaN,
        "Depreciation Income Statement": NaN,
        "Selling General And Administration": NaN,
        "Selling And Marketing Expense": NaN,
        "General And Administrative Expense": NaN,
        "Insurance And Claims": NaN,
        "Salaries And Wages": NaN,
        "Total Revenue": NaN,
        "Operating Revenue": NaN,
        "Occupancy And Equipment": NaN,
        "Professional Expense And Contract Services Expense": NaN,
        "Other Non Interest Expense": NaN
    },
    "2024-03-31": {
        "Tax Effect Of Unusual Items": NaN,
        "Tax Rate For Calcs": NaN,
        "Total Unusual Items": NaN,
        "Total Unusual Items Excluding Goodwill": NaN,
        "Net Income From Continuing Operation Net Minority Interest": NaN,
        "Reconciled Depreciation": NaN,
        "Net Interest Income": NaN,
        "Interest Expense": NaN,
        "Interest Income": NaN,
        "Normalized Income": NaN,
        "Net Income From Continuing And Discontinued Operation": NaN,
        "Diluted Average Shares": NaN,
        "Basic Average Shares": NaN,
        "Diluted EPS": NaN,
        "Basic EPS": NaN,
        "Diluted NI Availto Com Stockholders": NaN,
        "Net Income Common Stockholders": NaN,
        "Net Income": NaN,
        "Net Income Including Noncontrolling Interests": NaN,
        "Net Income Continuous Operations": NaN,
        "Tax Provision": NaN,
        "Pretax Income": NaN,
        "Special Income Charges": 0.0,
        "Restructuring And Mergern Acquisition": 0.0,
        "Depreciation Amortization Depletion Income Statement": NaN,
        "Depreciation And Amortization In Income Statement": NaN,
        "Amortization": NaN,
        "Amortization Of Intangibles Income Statement": NaN,
        "Depreciation Income Statement": NaN,
        "Selling General And Administration": NaN,
        "Selling And Marketing Expense": NaN,
        "General And Administrative Expense": NaN,
        "Insurance And Claims": NaN,
        "Salaries And Wages": NaN,
        "Total Revenue": NaN,
        "Operating Revenue": NaN,
        "Occupancy And Equipment": NaN,
        "Professional Expense And Contract Services Expense": NaN,
        "Other Non Interest Expense": NaN
    },
    "2024-06-30": {
        "Tax Effect Of Unusual Items": -13312.0,
        "Tax Rate For Calcs": 0.208,
        "Total Unusual Items": -64000.0,
        "Total Unusual Items Excluding Goodwill": -64000.0,
        "Net Income From Continuing Operation Net Minority Interest": 29753000.0,
        "Reconciled Depreciation": 8163000.0,
        "Net Interest Income": 101410000.0,
        "Interest Expense": 50769000.0,
        "Interest Income": 152179000.0,
        "Normalized Income": 29803688.0,
        "Net Income From Continuing And Discontinued Operation": 29753000.0,
        "Diluted Average Shares": 53608000.0,
        "Basic Average Shares": 53572000.0,
        "Diluted EPS": 0.56,
        "Basic EPS": 0.56,
        "Diluted NI Availto Com Stockholders": 29753000.0,
        "Net Income Common Stockholders": 29753000.0,
        "Net Income": 29753000.0,
        "Net Income Including Noncontrolling Interests": 29753000.0,
        "Net Income Continuous Operations": 29753000.0,
        "Tax Provision": 7792000.0,
        "Pretax Income": 37545000.0,
        "Special Income Charges": 0.0,
        "Restructuring And Mergern Acquisition": 0.0,
        "Depreciation Amortization Depletion Income Statement": 13664000.0,
        "Depreciation And Amortization In Income Statement": 13664000.0,
        "Amortization": 11716000.0,
        "Amortization Of Intangibles Income Statement": 11716000.0,
        "Depreciation Income Statement": 1948000.0,
        "Selling General And Administration": 42251000.0,
        "Selling And Marketing Expense": 891000.0,
        "General And Administrative Expense": 41360000.0,
        "Insurance And Claims": 2299000.0,
        "Salaries And Wages": 39061000.0,
        "Total Revenue": 106826000.0,
        "Operating Revenue": 106826000.0,
        "Occupancy And Equipment": 4503000.0,
        "Professional Expense And Contract Services Expense": 1620000.0,
        "Other Non Interest Expense": 9178000.0
    },
    "2024-09-30": {
        "Tax Effect Of Unusual Items": 89424.0,
        "Tax Rate For Calcs": 0.207,
        "Total Unusual Items": 432000.0,
        "Total Unusual Items Excluding Goodwill": 432000.0,
        "Net Income From Continuing Operation Net Minority Interest": 33891000.0,
        "Reconciled Depreciation": 8123000.0,
        "Net Interest Income": 101507000.0,
        "Interest Expense": 50269000.0,
        "Interest Income": 151776000.0,
        "Normalized Income": 33548424.0,
        "Net Income From Continuing And Discontinued Operation": 33891000.0,
        "Diluted Average Shares": 53580000.0,
        "Basic Average Shares": 53541000.0,
        "Diluted EPS": 0.63,
        "Basic EPS": 0.63,
        "Diluted NI Availto Com Stockholders": 33891000.0,
        "Net Income Common Stockholders": 33891000.0,
        "Net Income": 33891000.0,
        "Net Income Including Noncontrolling Interests": 33891000.0,
        "Net Income Continuous Operations": 33891000.0,
        "Tax Provision": 8837000.0,
        "Pretax Income": 42728000.0,
        "Special Income Charges": 0.0,
        "Restructuring And Mergern Acquisition": 0.0,
        "Depreciation Amortization Depletion Income Statement": 13829000.0,
        "Depreciation And Amortization In Income Statement": 13829000.0,
        "Amortization": 11918000.0,
        "Amortization Of Intangibles Income Statement": 11918000.0,
        "Depreciation Income Statement": 1911000.0,
        "Selling General And Administration": 43780000.0,
        "Selling And Marketing Expense": 878000.0,
        "General And Administrative Expense": 42902000.0,
        "Insurance And Claims": 1779000.0,
        "Salaries And Wages": 41123000.0,
        "Total Revenue": 107809000.0,
        "Operating Revenue": 107809000.0,
        "Occupancy And Equipment": 4570000.0,
        "Professional Expense And Contract Services Expense": 1714000.0,
        "Other Non Interest Expense": 7173000.0
    },
    "2024-12-31": {
        "Tax Effect Of Unusual Items": -23149.93235,
        "Tax Rate For Calcs": 0.206696,
        "Total Unusual Items": -112000.0,
        "Total Unusual Items Excluding Goodwill": -112000.0,
        "Net Income From Continuing Operation Net Minority Interest": 25212000.0,
        "Reconciled Depreciation": 7565000.0,
        "Net Interest Income": 102957000.0,
        "Interest Expense": 47065000.0,
        "Interest Income": 150022000.0,
        "Normalized Income": 25300850.06765,
        "Net Income From Continuing And Discontinued Operation": 25212000.0,
        "Diluted Average Shares": 53471000.0,
        "Basic Average Shares": 53422000.0,
        "Diluted EPS": 0.52,
        "Basic EPS": 0.52,
        "Diluted NI Availto Com Stockholders": 25212000.0,
        "Net Income Common Stockholders": 25212000.0,
        "Net Income": 25212000.0,
        "Net Income Including Noncontrolling Interests": 25212000.0,
        "Net Income Continuous Operations": 25212000.0,
        "Tax Provision": 6569000.0,
        "Pretax Income": 31781000.0,
        "Special Income Charges": 0.0,
        "Restructuring And Mergern Acquisition": 0.0,
        "Depreciation Amortization Depletion Income Statement": 13116000.0,
        "Depreciation And Amortization In Income Statement": 13116000.0,
        "Amortization": 11132000.0,
        "Amortization Of Intangibles Income Statement": 11132000.0,
        "Depreciation Income Statement": 1984000.0,
        "Selling General And Administration": 47026000.0,
        "Selling And Marketing Expense": 1593000.0,
        "General And Administrative Expense": 45433000.0,
        "Insurance And Claims": 1636000.0,
        "Salaries And Wages": 43797000.0,
        "Total Revenue": 107989000.0,
        "Operating Revenue": 107989000.0,
        "Occupancy And Equipment": 4401000.0,
        "Professional Expense And Contract Services Expense": 3428000.0,
        "Other Non Interest Expense": 7295000.0
    },
    "2025-03-31": {
        "Tax Effect Of Unusual Items": 84234.0,
        "Tax Rate For Calcs": 0.202,
        "Total Unusual Items": 417000.0,
        "Total Unusual Items Excluding Goodwill": 417000.0,
        "Net Income From Continuing Operation Net Minority Interest": 24702000.0,
        "Reconciled Depreciation": 7543000.0,
        "Net Interest Income": 99258000.0,
        "Interest Expense": 43062000.0,
        "Interest Income": 142320000.0,
        "Normalized Income": 24369234.0,
        "Net Income From Continuing And Discontinued Operation": 24702000.0,
        "Diluted Average Shares": 53197000.0,
        "Basic Average Shares": 53146000.0,
        "Diluted EPS": 0.46,
        "Basic EPS": 0.46,
        "Diluted NI Availto Com Stockholders": 24702000.0,
        "Net Income Common Stockholders": 24702000.0,
        "Net Income": 24702000.0,
        "Net Income Including Noncontrolling Interests": 24702000.0,
        "Net Income Continuous Operations": 24702000.0,
        "Tax Provision": 6263000.0,
        "Pretax Income": 30965000.0,
        "Special Income Charges": NaN,
        "Restructuring And Mergern Acquisition": NaN,
        "Depreciation Amortization Depletion Income Statement": 13225000.0,
        "Depreciation And Amortization In Income Statement": 13225000.0,
        "Amortization": 11230000.0,
        "Amortization Of Intangibles Income Statement": 11230000.0,
        "Depreciation Income Statement": 1995000.0,
        "Selling General And Administration": 44307000.0,
        "Selling And Marketing Expense": 782000.0,
        "General And Administrative Expense": 43525000.0,
        "Insurance And Claims": 1733000.0,
        "Salaries And Wages": 41792000.0,
        "Total Revenue": 104763000.0,
        "Operating Revenue": 104763000.0,
        "Occupancy And Equipment": 3926000.0,
        "Professional Expense And Contract Services Expense": 1786000.0,
        "Other Non Interest Expense": 6922000.0
    },
    "2025-06-30": {
        "Tax Effect Of Unusual Items": -11514.0,
        "Tax Rate For Calcs": 0.202,
        "Total Unusual Items": -57000.0,
        "Total Unusual Items Excluding Goodwill": -57000.0,
        "Net Income From Continuing Operation Net Minority Interest": 26352000.0,
        "Reconciled Depreciation": 7540000.0,
        "Net Interest Income": 98335000.0,
        "Interest Expense": 44364000.0,
        "Interest Income": 142699000.0,
        "Normalized Income": 26397486.0,
        "Net Income From Continuing And Discontinued Operation": 26352000.0,
        "Diluted Average Shares": 51569000.0,
        "Basic Average Shares": 51529000.0,
        "Diluted EPS": 0.51,
        "Basic EPS": 0.51,
        "Diluted NI Availto Com Stockholders": 26352000.0,
        "Net Income Common Stockholders": 26352000.0,
        "Net Income": 26352000.0,
        "Net Income Including Noncontrolling Interests": 26352000.0,
        "Net Income Continuous Operations": 26352000.0,
        "Tax Provision": 6680000.0,
        "Pretax Income": 33032000.0,
        "Special Income Charges": NaN,
        "Restructuring And Mergern Acquisition": NaN,
        "Depreciation Amortization Depletion Income Statement": 13160000.0,
        "Depreciation And Amortization In Income Statement": 13160000.0,
        "Amortization": 11168000.0,
        "Amortization Of Intangibles Income Statement": 11168000.0,
        "Depreciation Income Statement": 1992000.0,
        "Selling General And Administration": 43655000.0,
        "Selling And Marketing Expense": 1167000.0,
        "General And Administrative Expense": 42488000.0,
        "Insurance And Claims": 1561000.0,
        "Salaries And Wages": 40927000.0,
        "Total Revenue": 104126000.0,
        "Operating Revenue": 104126000.0,
        "Occupancy And Equipment": 4399000.0,
        "Professional Expense And Contract Services Expense": 1287000.0,
        "Other Non Interest Expense": 7503000.0
    }
}