{
    "2023-03-31": {
        "Tax Effect Of Unusual Items": NaN,
        "Tax Rate For Calcs": NaN,
        "Normalized EBITDA": NaN,
        "Total Unusual Items": NaN,
        "Total Unusual Items Excluding Goodwill": NaN,
        "Net Income From Continuing Operation Net Minority Interest": NaN,
        "Reconciled Depreciation": NaN,
        "Reconciled Cost Of Revenue": NaN,
        "EBITDA": NaN,
        "EBIT": NaN,
        "Net Interest Income": NaN,
        "Interest Expense": NaN,
        "Interest Income": NaN,
        "Normalized Income": NaN,
        "Net Income From Continuing And Discontinued Operation": NaN,
        "Total Expenses": NaN,
        "Diluted Average Shares": NaN,
        "Basic Average Shares": NaN,
        "Diluted EPS": NaN,
        "Basic EPS": NaN,
        "Diluted NI Availto Com Stockholders": NaN,
        "Average Dilution Earnings": 0.0,
        "Net Income Common Stockholders": NaN,
        "Net Income": NaN,
        "Minority Interests": NaN,
        "Net Income Including Noncontrolling Interests": NaN,
        "Net Income Continuous Operations": NaN,
        "Tax Provision": NaN,
        "Pretax Income": NaN,
        "Other Income Expense": NaN,
        "Other Non Operating Income Expenses": NaN,
        "Gain On Sale Of Security": NaN,
        "Net Non Operating Interest Income Expense": NaN,
        "Interest Expense Non Operating": NaN,
        "Interest Income Non Operating": NaN,
        "Operating Income": NaN,
        "Operating Expense": NaN,
        "Selling General And Administration": NaN,
        "General And Administrative Expense": NaN,
        "Other Gand A": NaN,
        "Salaries And Wages": NaN,
        "Gross Profit": NaN,
        "Cost Of Revenue": NaN,
        "Total Revenue": NaN,
        "Operating Revenue": NaN
    },
    "2022-12-31": {
        "Tax Effect Of Unusual Items": NaN,
        "Tax Rate For Calcs": NaN,
        "Normalized EBITDA": NaN,
        "Total Unusual Items": NaN,
        "Total Unusual Items Excluding Goodwill": NaN,
        "Net Income From Continuing Operation Net Minority Interest": NaN,
        "Reconciled Depreciation": NaN,
        "Reconciled Cost Of Revenue": NaN,
        "EBITDA": NaN,
        "EBIT": NaN,
        "Net Interest Income": NaN,
        "Interest Expense": NaN,
        "Interest Income": NaN,
        "Normalized Income": NaN,
        "Net Income From Continuing And Discontinued Operation": NaN,
        "Total Expenses": NaN,
        "Diluted Average Shares": NaN,
        "Basic Average Shares": NaN,
        "Diluted EPS": NaN,
        "Basic EPS": NaN,
        "Diluted NI Availto Com Stockholders": NaN,
        "Average Dilution Earnings": 0.0,
        "Net Income Common Stockholders": NaN,
        "Net Income": NaN,
        "Minority Interests": NaN,
        "Net Income Including Noncontrolling Interests": NaN,
        "Net Income Continuous Operations": NaN,
        "Tax Provision": NaN,
        "Pretax Income": NaN,
        "Other Income Expense": NaN,
        "Other Non Operating Income Expenses": NaN,
        "Gain On Sale Of Security": NaN,
        "Net Non Operating Interest Income Expense": NaN,
        "Interest Expense Non Operating": NaN,
        "Interest Income Non Operating": NaN,
        "Operating Income": NaN,
        "Operating Expense": NaN,
        "Selling General And Administration": NaN,
        "General And Administrative Expense": NaN,
        "Other Gand A": NaN,
        "Salaries And Wages": NaN,
        "Gross Profit": NaN,
        "Cost Of Revenue": NaN,
        "Total Revenue": NaN,
        "Operating Revenue": NaN
    },
    "2022-09-30": {
        "Tax Effect Of Unusual Items": NaN,
        "Tax Rate For Calcs": NaN,
        "Normalized EBITDA": NaN,
        "Total Unusual Items": NaN,
        "Total Unusual Items Excluding Goodwill": NaN,
        "Net Income From Continuing Operation Net Minority Interest": NaN,
        "Reconciled Depreciation": NaN,
        "Reconciled Cost Of Revenue": NaN,
        "EBITDA": NaN,
        "EBIT": NaN,
        "Net Interest Income": NaN,
        "Interest Expense": NaN,
        "Interest Income": NaN,
        "Normalized Income": NaN,
        "Net Income From Continuing And Discontinued Operation": NaN,
        "Total Expenses": NaN,
        "Diluted Average Shares": NaN,
        "Basic Average Shares": NaN,
        "Diluted EPS": NaN,
        "Basic EPS": NaN,
        "Diluted NI Availto Com Stockholders": NaN,
        "Average Dilution Earnings": 0.0,
        "Net Income Common Stockholders": NaN,
        "Net Income": NaN,
        "Minority Interests": NaN,
        "Net Income Including Noncontrolling Interests": NaN,
        "Net Income Continuous Operations": NaN,
        "Tax Provision": NaN,
        "Pretax Income": NaN,
        "Other Income Expense": NaN,
        "Other Non Operating Income Expenses": NaN,
        "Gain On Sale Of Security": NaN,
        "Net Non Operating Interest Income Expense": NaN,
        "Interest Expense Non Operating": NaN,
        "Interest Income Non Operating": NaN,
        "Operating Income": NaN,
        "Operating Expense": NaN,
        "Selling General And Administration": NaN,
        "General And Administrative Expense": NaN,
        "Other Gand A": NaN,
        "Salaries And Wages": NaN,
        "Gross Profit": NaN,
        "Cost Of Revenue": NaN,
        "Total Revenue": NaN,
        "Operating Revenue": NaN
    },
    "2022-06-30": {
        "Tax Effect Of Unusual Items": -3882000.0,
        "Tax Rate For Calcs": 0.4,
        "Normalized EBITDA": 1628000.0,
        "Total Unusual Items": -9705000.0,
        "Total Unusual Items Excluding Goodwill": -9705000.0,
        "Net Income From Continuing Operation Net Minority Interest": -11040000.0,
        "Reconciled Depreciation": 11521000.0,
        "Reconciled Cost Of Revenue": -106364000.0,
        "EBITDA": -8077000.0,
        "EBIT": -19598000.0,
        "Net Interest Income": -576000.0,
        "Interest Expense": 587000.0,
        "Interest Income": 11000.0,
        "Normalized Income": -5217000.0,
        "Net Income From Continuing And Discontinued Operation": -11040000.0,
        "Total Expenses": -68418000.0,
        "Diluted Average Shares": 61144139.0,
        "Basic Average Shares": 61144139.0,
        "Diluted EPS": -0.18,
        "Basic EPS": -0.18,
        "Diluted NI Availto Com Stockholders": -11040000.0,
        "Average Dilution Earnings": 0.0,
        "Net Income Common Stockholders": -11040000.0,
        "Net Income": -11040000.0,
        "Minority Interests": 10431000.0,
        "Net Income Including Noncontrolling Interests": -21471000.0,
        "Net Income Continuous Operations": -21471000.0,
        "Tax Provision": 1286000.0,
        "Pretax Income": -20185000.0,
        "Other Income Expense": -10809000.0,
        "Other Non Operating Income Expenses": -1104000.0,
        "Gain On Sale Of Security": -9705000.0,
        "Net Non Operating Interest Income Expense": -576000.0,
        "Interest Expense Non Operating": 587000.0,
        "Interest Income Non Operating": 11000.0,
        "Operating Income": -8800000.0,
        "Operating Expense": 37946000.0,
        "Selling General And Administration": 37946000.0,
        "General And Administrative Expense": 37946000.0,
        "Other Gand A": 34232000.0,
        "Salaries And Wages": 3714000.0,
        "Gross Profit": 29146000.0,
        "Cost Of Revenue": -106364000.0,
        "Total Revenue": -77218000.0,
        "Operating Revenue": -77218000.0
    },
    "2022-03-31": {
        "Diluted EPS": 0.5,
        "Total Revenue": 365,
        "Gross Profit": 365,
        "Operating Income": 91,
        "EBIT": 103,
        "Net Income": 42
    },
    "2021-12-31": {
        "Diluted EPS": 0.83,
        "Total Revenue": 410,
        "Gross Profit": 410,
        "Operating Income": 118,
        "EBIT": 130,
        "Net Income": 48
    },
    "2021-09-30": {
        "Diluted EPS": 1.45,
        "Total Revenue": 282,
        "Gross Profit": 282,
        "Operating Income": 108,
        "EBIT": 111,
        "Net Income": 62
    },
    "2021-06-30": {
        "Diluted EPS": 1.06,
        "Total Revenue": 309,
        "Gross Profit": 309,
        "Operating Income": 135,
        "EBIT": 136,
        "Net Income": 42
    },
    "2021-03-31": {
        "Diluted EPS": 1.22,
        "Total Revenue": 359,
        "Gross Profit": 359,
        "Operating Income": 154,
        "EBIT": 159,
        "Net Income": 38
    },
    "2020-12-31": {
        "Diluted EPS": 0.87,
        "Total Revenue": 247,
        "Gross Profit": 247,
        "Operating Income": 111,
        "EBIT": 112,
        "Net Income": 26
    },
    "2020-09-30": {
        "Diluted EPS": -0.03,
        "Total Revenue": 243,
        "Gross Profit": 243,
        "Operating Income": 110,
        "EBIT": 111,
        "Net Income": -1
    },
    "2020-06-30": {
        "Diluted EPS": 0.0,
        "Total Revenue": -61,
        "Gross Profit": -61,
        "Operating Income": -46,
        "EBIT": -45,
        "Net Income": NaN
    },
    "2020-03-31": {
        "Diluted EPS": 0.0,
        "Total Revenue": NaN,
        "Gross Profit": NaN,
        "Operating Income": NaN,
        "EBIT": NaN,
        "Net Income": NaN
    },
    "2019-12-31": {
        "Diluted EPS": 0.0,
        "Total Revenue": 71,
        "Gross Profit": 71,
        "Operating Income": 20,
        "EBIT": 22,
        "Net Income": NaN
    },
    "2019-09-30": {
        "Diluted EPS": 0.0,
        "Total Revenue": 132,
        "Gross Profit": 132,
        "Operating Income": 48,
        "EBIT": 48,
        "Net Income": NaN
    },
    "2019-03-31": {
        "Diluted EPS": 0.0,
        "Total Revenue": NaN,
        "Gross Profit": NaN,
        "Operating Income": NaN,
        "EBIT": NaN,
        "Net Income": NaN
    },
    "2023-06-30": {
        "Tax Effect Of Unusual Items": NaN,
        "Tax Rate For Calcs": NaN,
        "Normalized EBITDA": NaN,
        "Total Unusual Items": NaN,
        "Total Unusual Items Excluding Goodwill": NaN,
        "Net Income From Continuing Operation Net Minority Interest": NaN,
        "Reconciled Depreciation": NaN,
        "Reconciled Cost Of Revenue": NaN,
        "EBITDA": NaN,
        "EBIT": NaN,
        "Net Interest Income": NaN,
        "Interest Expense": NaN,
        "Interest Income": NaN,
        "Normalized Income": NaN,
        "Net Income From Continuing And Discontinued Operation": NaN,
        "Total Expenses": NaN,
        "Diluted Average Shares": NaN,
        "Basic Average Shares": NaN,
        "Diluted EPS": NaN,
        "Basic EPS": NaN,
        "Diluted NI Availto Com Stockholders": NaN,
        "Average Dilution Earnings": 964000.0,
        "Net Income Common Stockholders": NaN,
        "Net Income": NaN,
        "Minority Interests": NaN,
        "Net Income Including Noncontrolling Interests": NaN,
        "Net Income Continuous Operations": NaN,
        "Tax Provision": NaN,
        "Pretax Income": NaN,
        "Other Income Expense": NaN,
        "Other Non Operating Income Expenses": NaN,
        "Gain On Sale Of Security": NaN,
        "Net Non Operating Interest Income Expense": NaN,
        "Interest Expense Non Operating": NaN,
        "Interest Income Non Operating": NaN,
        "Operating Income": NaN,
        "Operating Expense": NaN,
        "Selling General And Administration": NaN,
        "General And Administrative Expense": NaN,
        "Other Gand A": NaN,
        "Salaries And Wages": NaN,
        "Gross Profit": NaN,
        "Cost Of Revenue": NaN,
        "Total Revenue": NaN,
        "Operating Revenue": NaN
    },
    "2023-09-30": {
        "Tax Effect Of Unusual Items": 909986.473574,
        "Tax Rate For Calcs": 0.115393,
        "Normalized EBITDA": 73194000.0,
        "Total Unusual Items": 7886000.0,
        "Total Unusual Items Excluding Goodwill": 7886000.0,
        "Net Income From Continuing Operation Net Minority Interest": 26225000.0,
        "Reconciled Depreciation": 11992000.0,
        "Reconciled Cost Of Revenue": 92680000.0,
        "EBITDA": 81080000.0,
        "EBIT": 69088000.0,
        "Net Interest Income": -1131000.0,
        "Interest Expense": 2108000.0,
        "Interest Income": 977000.0,
        "Normalized Income": 19248986.473574,
        "Net Income From Continuing And Discontinued Operation": 26225000.0,
        "Total Expenses": 130325000.0,
        "Diluted Average Shares": 66198129.0,
        "Basic Average Shares": 62858468.0,
        "Diluted EPS": 0.42,
        "Basic EPS": 0.42,
        "Diluted NI Availto Com Stockholders": 26225000.0,
        "Average Dilution Earnings": NaN,
        "Net Income Common Stockholders": 26225000.0,
        "Net Income": 26225000.0,
        "Minority Interests": -33026000.0,
        "Net Income Including Noncontrolling Interests": 59251000.0,
        "Net Income Continuous Operations": 59251000.0,
        "Tax Provision": 7729000.0,
        "Pretax Income": 66980000.0,
        "Other Income Expense": 7014000.0,
        "Other Non Operating Income Expenses": -872000.0,
        "Gain On Sale Of Security": 7886000.0,
        "Net Non Operating Interest Income Expense": -1131000.0,
        "Interest Expense Non Operating": 2108000.0,
        "Interest Income Non Operating": 977000.0,
        "Operating Income": 61097000.0,
        "Operating Expense": 37645000.0,
        "Selling General And Administration": 37645000.0,
        "General And Administrative Expense": 37645000.0,
        "Other Gand A": 31729000.0,
        "Salaries And Wages": 5916000.0,
        "Gross Profit": 98742000.0,
        "Cost Of Revenue": 92680000.0,
        "Total Revenue": 191422000.0,
        "Operating Revenue": 191422000.0
    },
    "2023-12-31": {
        "Tax Effect Of Unusual Items": NaN,
        "Tax Rate For Calcs": NaN,
        "Normalized EBITDA": NaN,
        "Total Unusual Items": NaN,
        "Total Unusual Items Excluding Goodwill": NaN,
        "Net Income From Continuing Operation Net Minority Interest": NaN,
        "Reconciled Depreciation": NaN,
        "Reconciled Cost Of Revenue": NaN,
        "EBITDA": NaN,
        "EBIT": NaN,
        "Net Interest Income": NaN,
        "Interest Expense": NaN,
        "Interest Income": NaN,
        "Normalized Income": NaN,
        "Net Income From Continuing And Discontinued Operation": NaN,
        "Total Expenses": NaN,
        "Diluted Average Shares": NaN,
        "Basic Average Shares": NaN,
        "Diluted EPS": NaN,
        "Basic EPS": NaN,
        "Diluted NI Availto Com Stockholders": NaN,
        "Average Dilution Earnings": 0.0,
        "Net Income Common Stockholders": NaN,
        "Net Income": NaN,
        "Minority Interests": NaN,
        "Net Income Including Noncontrolling Interests": NaN,
        "Net Income Continuous Operations": NaN,
        "Tax Provision": NaN,
        "Pretax Income": NaN,
        "Other Income Expense": NaN,
        "Other Non Operating Income Expenses": NaN,
        "Gain On Sale Of Security": NaN,
        "Net Non Operating Interest Income Expense": NaN,
        "Interest Expense Non Operating": NaN,
        "Interest Income Non Operating": NaN,
        "Operating Income": NaN,
        "Operating Expense": NaN,
        "Selling General And Administration": NaN,
        "General And Administrative Expense": NaN,
        "Other Gand A": NaN,
        "Salaries And Wages": NaN,
        "Gross Profit": NaN,
        "Cost Of Revenue": NaN,
        "Total Revenue": NaN,
        "Operating Revenue": NaN
    },
    "2024-03-31": {
        "Tax Effect Of Unusual Items": NaN,
        "Tax Rate For Calcs": NaN,
        "Normalized EBITDA": NaN,
        "Total Unusual Items": NaN,
        "Total Unusual Items Excluding Goodwill": NaN,
        "Net Income From Continuing Operation Net Minority Interest": NaN,
        "Reconciled Depreciation": NaN,
        "Reconciled Cost Of Revenue": NaN,
        "EBITDA": NaN,
        "EBIT": NaN,
        "Net Interest Income": NaN,
        "Interest Expense": NaN,
        "Interest Income": NaN,
        "Normalized Income": NaN,
        "Net Income From Continuing And Discontinued Operation": NaN,
        "Total Expenses": NaN,
        "Diluted Average Shares": NaN,
        "Basic Average Shares": NaN,
        "Diluted EPS": NaN,
        "Basic EPS": NaN,
        "Diluted NI Availto Com Stockholders": NaN,
        "Average Dilution Earnings": 1381000.0,
        "Net Income Common Stockholders": NaN,
        "Net Income": NaN,
        "Minority Interests": NaN,
        "Net Income Including Noncontrolling Interests": NaN,
        "Net Income Continuous Operations": NaN,
        "Tax Provision": NaN,
        "Pretax Income": NaN,
        "Other Income Expense": NaN,
        "Other Non Operating Income Expenses": NaN,
        "Gain On Sale Of Security": NaN,
        "Net Non Operating Interest Income Expense": NaN,
        "Interest Expense Non Operating": NaN,
        "Interest Income Non Operating": NaN,
        "Operating Income": NaN,
        "Operating Expense": NaN,
        "Selling General And Administration": NaN,
        "General And Administrative Expense": NaN,
        "Other Gand A": NaN,
        "Salaries And Wages": NaN,
        "Gross Profit": NaN,
        "Cost Of Revenue": NaN,
        "Total Revenue": NaN,
        "Operating Revenue": NaN
    },
    "2024-06-30": {
        "Tax Effect Of Unusual Items": NaN,
        "Tax Rate For Calcs": NaN,
        "Normalized EBITDA": NaN,
        "Total Unusual Items": NaN,
        "Total Unusual Items Excluding Goodwill": NaN,
        "Net Income From Continuing Operation Net Minority Interest": NaN,
        "Reconciled Depreciation": NaN,
        "Reconciled Cost Of Revenue": NaN,
        "EBITDA": NaN,
        "EBIT": NaN,
        "Net Interest Income": NaN,
        "Interest Expense": NaN,
        "Interest Income": NaN,
        "Normalized Income": NaN,
        "Net Income From Continuing And Discontinued Operation": NaN,
        "Total Expenses": NaN,
        "Diluted Average Shares": NaN,
        "Basic Average Shares": NaN,
        "Diluted EPS": NaN,
        "Basic EPS": NaN,
        "Diluted NI Availto Com Stockholders": NaN,
        "Average Dilution Earnings": 466000.0,
        "Net Income Common Stockholders": NaN,
        "Net Income": NaN,
        "Minority Interests": NaN,
        "Net Income Including Noncontrolling Interests": NaN,
        "Net Income Continuous Operations": NaN,
        "Tax Provision": NaN,
        "Pretax Income": NaN,
        "Other Income Expense": NaN,
        "Other Non Operating Income Expenses": NaN,
        "Gain On Sale Of Security": NaN,
        "Net Non Operating Interest Income Expense": NaN,
        "Interest Expense Non Operating": NaN,
        "Interest Income Non Operating": NaN,
        "Operating Income": NaN,
        "Operating Expense": NaN,
        "Selling General And Administration": NaN,
        "General And Administrative Expense": NaN,
        "Other Gand A": NaN,
        "Salaries And Wages": NaN,
        "Gross Profit": NaN,
        "Cost Of Revenue": NaN,
        "Total Revenue": NaN,
        "Operating Revenue": NaN
    },
    "2024-09-30": {
        "Tax Effect Of Unusual Items": 510532.0,
        "Tax Rate For Calcs": 0.082,
        "Normalized EBITDA": 66540000.0,
        "Total Unusual Items": 6226000.0,
        "Total Unusual Items Excluding Goodwill": 6226000.0,
        "Net Income From Continuing Operation Net Minority Interest": 17632000.0,
        "Reconciled Depreciation": 11366000.0,
        "Reconciled Cost Of Revenue": 133303000.0,
        "EBITDA": 72766000.0,
        "EBIT": 61400000.0,
        "Net Interest Income": -496000.0,
        "Interest Expense": 3512000.0,
        "Interest Income": 3016000.0,
        "Normalized Income": 11916532.0,
        "Net Income From Continuing And Discontinued Operation": 17632000.0,
        "Total Expenses": 220696000.0,
        "Diluted Average Shares": 69695315.0,
        "Basic Average Shares": 68772051.0,
        "Diluted EPS": 0.26,
        "Basic EPS": 0.26,
        "Diluted NI Availto Com Stockholders": 17632000.0,
        "Average Dilution Earnings": NaN,
        "Net Income Common Stockholders": 17632000.0,
        "Net Income": 17632000.0,
        "Minority Interests": -35506000.0,
        "Net Income Including Noncontrolling Interests": 53138000.0,
        "Net Income Continuous Operations": 53138000.0,
        "Tax Provision": 4750000.0,
        "Pretax Income": 57888000.0,
        "Other Income Expense": 7403000.0,
        "Other Non Operating Income Expenses": 1177000.0,
        "Gain On Sale Of Security": 6226000.0,
        "Net Non Operating Interest Income Expense": -496000.0,
        "Interest Expense Non Operating": 3512000.0,
        "Interest Income Non Operating": 3016000.0,
        "Operating Income": 50981000.0,
        "Operating Expense": 87393000.0,
        "Selling General And Administration": 87393000.0,
        "General And Administrative Expense": 87393000.0,
        "Other Gand A": 50061000.0,
        "Salaries And Wages": 37332000.0,
        "Gross Profit": 138374000.0,
        "Cost Of Revenue": 133303000.0,
        "Total Revenue": 271677000.0,
        "Operating Revenue": 271677000.0
    },
    "2024-12-31": {
        "Tax Effect Of Unusual Items": 2883756.0,
        "Tax Rate For Calcs": 0.167,
        "Normalized EBITDA": -347591000.0,
        "Total Unusual Items": 17268000.0,
        "Total Unusual Items Excluding Goodwill": 17268000.0,
        "Net Income From Continuing Operation Net Minority Interest": -192015000.0,
        "Reconciled Depreciation": 11384000.0,
        "Reconciled Cost Of Revenue": 168557000.0,
        "EBITDA": -330323000.0,
        "EBIT": -341707000.0,
        "Net Interest Income": -449000.0,
        "Interest Expense": 3008000.0,
        "Interest Income": 2559000.0,
        "Normalized Income": -206399244.0,
        "Net Income From Continuing And Discontinued Operation": -192015000.0,
        "Total Expenses": 698105000.0,
        "Diluted Average Shares": 73687289.0,
        "Basic Average Shares": 73687289.0,
        "Diluted EPS": -2.61,
        "Basic EPS": -2.61,
        "Diluted NI Availto Com Stockholders": -192015000.0,
        "Average Dilution Earnings": NaN,
        "Net Income Common Stockholders": -192015000.0,
        "Net Income": -192015000.0,
        "Minority Interests": 95148000.0,
        "Net Income Including Noncontrolling Interests": -287163000.0,
        "Net Income Continuous Operations": -287163000.0,
        "Tax Provision": -57552000.0,
        "Pretax Income": -344715000.0,
        "Other Income Expense": 14816000.0,
        "Other Non Operating Income Expenses": -2452000.0,
        "Gain On Sale Of Security": 17268000.0,
        "Net Non Operating Interest Income Expense": -449000.0,
        "Interest Expense Non Operating": 3008000.0,
        "Interest Income Non Operating": 2559000.0,
        "Operating Income": -359082000.0,
        "Operating Expense": 529548000.0,
        "Selling General And Administration": 529548000.0,
        "General And Administrative Expense": 529548000.0,
        "Other Gand A": 43130000.0,
        "Salaries And Wages": 486418000.0,
        "Gross Profit": 170466000.0,
        "Cost Of Revenue": 168557000.0,
        "Total Revenue": 339023000.0,
        "Operating Revenue": 339023000.0
    },
    "2025-03-31": {
        "Tax Effect Of Unusual Items": 9831360.0,
        "Tax Rate For Calcs": 0.21,
        "Normalized EBITDA": -22273000.0,
        "Total Unusual Items": 46816000.0,
        "Total Unusual Items Excluding Goodwill": 46816000.0,
        "Net Income From Continuing Operation Net Minority Interest": -18508000.0,
        "Reconciled Depreciation": 11402000.0,
        "Reconciled Cost Of Revenue": 214249000.0,
        "EBITDA": 24543000.0,
        "EBIT": 13141000.0,
        "Net Interest Income": 27000.0,
        "Interest Expense": 3191000.0,
        "Interest Income": 3218000.0,
        "Normalized Income": -55492640.0,
        "Net Income From Continuing And Discontinued Operation": -18508000.0,
        "Total Expenses": 383598000.0,
        "Diluted Average Shares": 75975770.0,
        "Basic Average Shares": 75975770.0,
        "Diluted EPS": -0.24,
        "Basic EPS": -0.24,
        "Diluted NI Availto Com Stockholders": -18508000.0,
        "Average Dilution Earnings": NaN,
        "Net Income Common Stockholders": -18508000.0,
        "Net Income": -18508000.0,
        "Minority Interests": -31661000.0,
        "Net Income Including Noncontrolling Interests": 13153000.0,
        "Net Income Continuous Operations": 13153000.0,
        "Tax Provision": -3203000.0,
        "Pretax Income": 9950000.0,
        "Other Income Expense": 15792000.0,
        "Other Non Operating Income Expenses": -31024000.0,
        "Gain On Sale Of Security": 46816000.0,
        "Net Non Operating Interest Income Expense": 27000.0,
        "Interest Expense Non Operating": 3191000.0,
        "Interest Income Non Operating": 3218000.0,
        "Operating Income": -5869000.0,
        "Operating Expense": 169349000.0,
        "Selling General And Administration": 169349000.0,
        "General And Administrative Expense": 169349000.0,
        "Other Gand A": 43152000.0,
        "Salaries And Wages": 126197000.0,
        "Gross Profit": 163480000.0,
        "Cost Of Revenue": 214249000.0,
        "Total Revenue": 377729000.0,
        "Operating Revenue": 377729000.0
    },
    "2025-06-30": {
        "Tax Effect Of Unusual Items": 7468650.0,
        "Tax Rate For Calcs": 0.21,
        "Normalized EBITDA": -39957000.0,
        "Total Unusual Items": 35565000.0,
        "Total Unusual Items Excluding Goodwill": 35565000.0,
        "Net Income From Continuing Operation Net Minority Interest": -38424000.0,
        "Reconciled Depreciation": 11424000.0,
        "Reconciled Cost Of Revenue": 191684000.0,
        "EBITDA": -4392000.0,
        "EBIT": -15816000.0,
        "Net Interest Income": -2038000.0,
        "Interest Expense": 4534000.0,
        "Interest Income": 2496000.0,
        "Normalized Income": -66520350.0,
        "Net Income From Continuing And Discontinued Operation": -38424000.0,
        "Total Expenses": 423316000.0,
        "Diluted Average Shares": 77846710.0,
        "Basic Average Shares": 77846710.0,
        "Diluted EPS": -0.49,
        "Basic EPS": -0.49,
        "Diluted NI Availto Com Stockholders": -38424000.0,
        "Average Dilution Earnings": 0.0,
        "Net Income Common Stockholders": -38424000.0,
        "Net Income": -38424000.0,
        "Minority Interests": -26413000.0,
        "Net Income Including Noncontrolling Interests": -12011000.0,
        "Net Income Continuous Operations": -12011000.0,
        "Tax Provision": -8339000.0,
        "Pretax Income": -20350000.0,
        "Other Income Expense": 40717000.0,
        "Other Non Operating Income Expenses": 5152000.0,
        "Gain On Sale Of Security": 35565000.0,
        "Net Non Operating Interest Income Expense": -2038000.0,
        "Interest Expense Non Operating": 4534000.0,
        "Interest Income Non Operating": 2496000.0,
        "Operating Income": -59029000.0,
        "Operating Expense": 231632000.0,
        "Selling General And Administration": 231632000.0,
        "General And Administrative Expense": 231632000.0,
        "Other Gand A": 42914000.0,
        "Salaries And Wages": 188718000.0,
        "Gross Profit": 172603000.0,
        "Cost Of Revenue": 191684000.0,
        "Total Revenue": 364287000.0,
        "Operating Revenue": 364287000.0
    },
    "2025-09-30": {
        "Tax Effect Of Unusual Items": 6829756.0,
        "Tax Rate For Calcs": 0.148,
        "Normalized EBITDA": -706088000.0,
        "Total Unusual Items": 46147000.0,
        "Total Unusual Items Excluding Goodwill": 46147000.0,
        "Net Income From Continuing Operation Net Minority Interest": -366142000.0,
        "Reconciled Depreciation": 11460000.0,
        "Reconciled Cost Of Revenue": 247213000.0,
        "EBITDA": -659941000.0,
        "EBIT": -671401000.0,
        "Net Interest Income": -1201000.0,
        "Interest Expense": 4425000.0,
        "Interest Income": 3224000.0,
        "Normalized Income": -405459244.0,
        "Net Income From Continuing And Discontinued Operation": -366142000.0,
        "Total Expenses": 1176975000.0,
        "Diluted Average Shares": 78561587.0,
        "Basic Average Shares": 78561587.0,
        "Diluted EPS": -4.66,
        "Basic EPS": -4.66,
        "Diluted NI Availto Com Stockholders": -366142000.0,
        "Average Dilution Earnings": NaN,
        "Net Income Common Stockholders": -366142000.0,
        "Net Income": -366142000.0,
        "Minority Interests": 209348000.0,
        "Net Income Including Noncontrolling Interests": -575490000.0,
        "Net Income Continuous Operations": -575490000.0,
        "Tax Provision": -100336000.0,
        "Pretax Income": -675826000.0,
        "Other Income Expense": 48125000.0,
        "Other Non Operating Income Expenses": 1978000.0,
        "Gain On Sale Of Security": 46147000.0,
        "Net Non Operating Interest Income Expense": -1201000.0,
        "Interest Expense Non Operating": 4425000.0,
        "Interest Income Non Operating": 3224000.0,
        "Operating Income": -722750000.0,
        "Operating Expense": 929762000.0,
        "Selling General And Administration": 929762000.0,
        "General And Administrative Expense": 929762000.0,
        "Other Gand A": 45292000.0,
        "Salaries And Wages": 884470000.0,
        "Gross Profit": 207012000.0,
        "Cost Of Revenue": 247213000.0,
        "Total Revenue": 454225000.0,
        "Operating Revenue": 454225000.0
    }
}