{
    "2023-03-31": {
        "Tax Effect Of Unusual Items": NaN,
        "Tax Rate For Calcs": NaN,
        "Normalized EBITDA": NaN,
        "Total Unusual Items": NaN,
        "Total Unusual Items Excluding Goodwill": NaN,
        "Net Income From Continuing Operation Net Minority Interest": NaN,
        "Reconciled Depreciation": NaN,
        "Reconciled Cost Of Revenue": NaN,
        "EBITDA": NaN,
        "EBIT": NaN,
        "Net Interest Income": NaN,
        "Interest Expense": NaN,
        "Normalized Income": NaN,
        "Net Income From Continuing And Discontinued Operation": NaN,
        "Total Expenses": NaN,
        "Total Operating Income As Reported": NaN,
        "Diluted Average Shares": NaN,
        "Basic Average Shares": NaN,
        "Diluted EPS": NaN,
        "Basic EPS": NaN,
        "Diluted NI Availto Com Stockholders": NaN,
        "Net Income Common Stockholders": NaN,
        "Otherunder Preferred Stock Dividend": 0.0,
        "Net Income": NaN,
        "Net Income Including Noncontrolling Interests": NaN,
        "Net Income Continuous Operations": NaN,
        "Tax Provision": NaN,
        "Pretax Income": NaN,
        "Other Income Expense": NaN,
        "Other Non Operating Income Expenses": NaN,
        "Special Income Charges": NaN,
        "Impairment Of Capital Assets": NaN,
        "Net Non Operating Interest Income Expense": NaN,
        "Interest Expense Non Operating": NaN,
        "Operating Income": NaN,
        "Operating Expense": NaN,
        "Depreciation Amortization Depletion Income Statement": NaN,
        "Depreciation And Amortization In Income Statement": NaN,
        "Research And Development": 11952000.0,
        "Selling General And Administration": NaN,
        "Gross Profit": NaN,
        "Cost Of Revenue": NaN,
        "Total Revenue": NaN,
        "Operating Revenue": NaN
    },
    "2022-12-31": {
        "Tax Effect Of Unusual Items": NaN,
        "Tax Rate For Calcs": NaN,
        "Normalized EBITDA": NaN,
        "Total Unusual Items": NaN,
        "Total Unusual Items Excluding Goodwill": NaN,
        "Net Income From Continuing Operation Net Minority Interest": NaN,
        "Reconciled Depreciation": NaN,
        "Reconciled Cost Of Revenue": NaN,
        "EBITDA": NaN,
        "EBIT": NaN,
        "Net Interest Income": NaN,
        "Interest Expense": NaN,
        "Normalized Income": NaN,
        "Net Income From Continuing And Discontinued Operation": NaN,
        "Total Expenses": NaN,
        "Total Operating Income As Reported": NaN,
        "Diluted Average Shares": NaN,
        "Basic Average Shares": NaN,
        "Diluted EPS": NaN,
        "Basic EPS": NaN,
        "Diluted NI Availto Com Stockholders": NaN,
        "Net Income Common Stockholders": NaN,
        "Otherunder Preferred Stock Dividend": NaN,
        "Net Income": NaN,
        "Net Income Including Noncontrolling Interests": NaN,
        "Net Income Continuous Operations": NaN,
        "Tax Provision": NaN,
        "Pretax Income": NaN,
        "Other Income Expense": NaN,
        "Other Non Operating Income Expenses": NaN,
        "Special Income Charges": NaN,
        "Impairment Of Capital Assets": NaN,
        "Gain On Sale Of Security": 1000.0,
        "Net Non Operating Interest Income Expense": NaN,
        "Interest Expense Non Operating": NaN,
        "Operating Income": NaN,
        "Operating Expense": NaN,
        "Depreciation Amortization Depletion Income Statement": NaN,
        "Depreciation And Amortization In Income Statement": NaN,
        "Research And Development": NaN,
        "Selling General And Administration": NaN,
        "Gross Profit": NaN,
        "Cost Of Revenue": NaN,
        "Total Revenue": NaN,
        "Operating Revenue": NaN
    },
    "2022-09-30": {
        "Tax Effect Of Unusual Items": NaN,
        "Tax Rate For Calcs": NaN,
        "Normalized EBITDA": NaN,
        "Total Unusual Items": NaN,
        "Total Unusual Items Excluding Goodwill": NaN,
        "Net Income From Continuing Operation Net Minority Interest": NaN,
        "Reconciled Depreciation": NaN,
        "Reconciled Cost Of Revenue": NaN,
        "EBITDA": NaN,
        "EBIT": NaN,
        "Net Interest Income": NaN,
        "Interest Expense": NaN,
        "Normalized Income": NaN,
        "Net Income From Continuing And Discontinued Operation": NaN,
        "Total Expenses": NaN,
        "Total Operating Income As Reported": NaN,
        "Diluted Average Shares": NaN,
        "Basic Average Shares": NaN,
        "Diluted EPS": NaN,
        "Basic EPS": NaN,
        "Diluted NI Availto Com Stockholders": NaN,
        "Net Income Common Stockholders": NaN,
        "Otherunder Preferred Stock Dividend": 0.0,
        "Net Income": NaN,
        "Net Income Including Noncontrolling Interests": NaN,
        "Net Income Continuous Operations": NaN,
        "Tax Provision": NaN,
        "Pretax Income": NaN,
        "Other Income Expense": NaN,
        "Other Non Operating Income Expenses": NaN,
        "Special Income Charges": NaN,
        "Impairment Of Capital Assets": NaN,
        "Gain On Sale Of Security": NaN,
        "Net Non Operating Interest Income Expense": NaN,
        "Interest Expense Non Operating": NaN,
        "Operating Income": NaN,
        "Operating Expense": NaN,
        "Depreciation Amortization Depletion Income Statement": NaN,
        "Depreciation And Amortization In Income Statement": NaN,
        "Research And Development": 13715000.0,
        "Selling General And Administration": NaN,
        "Gross Profit": NaN,
        "Cost Of Revenue": NaN,
        "Total Revenue": NaN,
        "Operating Revenue": NaN
    },
    "2022-06-30": {
        "Tax Effect Of Unusual Items": -204792.0,
        "Tax Rate For Calcs": 0.318,
        "Normalized EBITDA": 44098000.0,
        "Total Unusual Items": -644000.0,
        "Total Unusual Items Excluding Goodwill": -644000.0,
        "Net Income From Continuing Operation Net Minority Interest": 11571000.0,
        "Reconciled Depreciation": 19872000.0,
        "Reconciled Cost Of Revenue": 107576000.0,
        "EBITDA": 43454000.0,
        "EBIT": 23582000.0,
        "Net Interest Income": -6619000.0,
        "Interest Expense": 6619000.0,
        "Normalized Income": 12010208.0,
        "Net Income From Continuing And Discontinued Operation": 11571000.0,
        "Total Expenses": 181873000.0,
        "Total Operating Income As Reported": 23106000.0,
        "Diluted Average Shares": 99344563.0,
        "Basic Average Shares": 94024970.0,
        "Diluted EPS": 0.12,
        "Basic EPS": 0.12,
        "Diluted NI Availto Com Stockholders": 11571000.0,
        "Net Income Common Stockholders": 11571000.0,
        "Otherunder Preferred Stock Dividend": 0.0,
        "Net Income": 11571000.0,
        "Net Income Including Noncontrolling Interests": 11571000.0,
        "Net Income Continuous Operations": 11571000.0,
        "Tax Provision": 5392000.0,
        "Pretax Income": 16963000.0,
        "Other Income Expense": -136000.0,
        "Other Non Operating Income Expenses": 508000.0,
        "Special Income Charges": -612000.0,
        "Other Special Charges": NaN,
        "Impairment Of Capital Assets": 612000.0,
        "Gain On Sale Of Security": -32000.0,
        "Net Non Operating Interest Income Expense": -6619000.0,
        "Interest Expense Non Operating": 6619000.0,
        "Operating Income": 23718000.0,
        "Operating Expense": 74297000.0,
        "Depreciation Amortization Depletion Income Statement": 19872000.0,
        "Depreciation And Amortization In Income Statement": 19872000.0,
        "Research And Development": 12539000.0,
        "Selling General And Administration": 41886000.0,
        "Gross Profit": 98015000.0,
        "Cost Of Revenue": 107576000.0,
        "Total Revenue": 205591000.0,
        "Operating Revenue": 205591000.0
    },
    "2022-03-31": {
        "Diluted EPS": 0.06,
        "Total Revenue": 192,
        "Gross Profit": 91,
        "Operating Income": 16,
        "EBIT": 37,
        "Net Income": 6
    },
    "2021-12-31": {
        "Diluted EPS": 0.02,
        "Total Revenue": 174,
        "Gross Profit": 86,
        "Operating Income": 8,
        "EBIT": 30,
        "Net Income": 3
    },
    "2021-09-30": {
        "Diluted EPS": -0.28,
        "Total Revenue": 170,
        "Gross Profit": 87,
        "Operating Income": -31,
        "EBIT": -9,
        "Net Income": -25
    },
    "2021-06-30": {
        "Diluted EPS": 0.04,
        "Total Revenue": 159,
        "Gross Profit": 84,
        "Operating Income": 15,
        "EBIT": 36,
        "Net Income": 3
    },
    "2021-03-31": {
        "Diluted EPS": 0.01,
        "Total Revenue": 139,
        "Gross Profit": 72,
        "Operating Income": 8,
        "EBIT": 30,
        "Net Income": 1
    },
    "2020-12-31": {
        "Diluted EPS": 0.0,
        "Total Revenue": NaN,
        "Gross Profit": NaN,
        "Operating Income": NaN,
        "EBIT": NaN,
        "Net Income": NaN
    },
    "2020-09-30": {
        "Diluted EPS": -0.12,
        "Total Revenue": 118,
        "Gross Profit": 62,
        "Operating Income": 3,
        "EBIT": 3,
        "Net Income": -10
    },
    "2019-12-31": {
        "Diluted EPS": 0.0,
        "Total Revenue": NaN,
        "Gross Profit": NaN,
        "Operating Income": NaN,
        "EBIT": NaN,
        "Net Income": NaN
    },
    "2023-06-30": {
        "Tax Effect Of Unusual Items": -1478190.0,
        "Tax Rate For Calcs": 0.21,
        "Normalized EBITDA": 32387000.0,
        "Total Unusual Items": -7039000.0,
        "Total Unusual Items Excluding Goodwill": -7039000.0,
        "Net Income From Continuing Operation Net Minority Interest": 323000.0,
        "Reconciled Depreciation": 16120000.0,
        "Reconciled Cost Of Revenue": 102056000.0,
        "EBITDA": 25348000.0,
        "EBIT": 9228000.0,
        "Net Interest Income": -8990000.0,
        "Interest Expense": 8990000.0,
        "Normalized Income": 5883810.0,
        "Net Income From Continuing And Discontinued Operation": 323000.0,
        "Total Expenses": 174514000.0,
        "Total Operating Income As Reported": 8831000.0,
        "Diluted Average Shares": 94498666.0,
        "Basic Average Shares": 92723901.0,
        "Diluted EPS": 0.003418,
        "Basic EPS": 0.003483,
        "Diluted NI Availto Com Stockholders": 323000.0,
        "Net Income Common Stockholders": 323000.0,
        "Otherunder Preferred Stock Dividend": 0.0,
        "Net Income": 323000.0,
        "Net Income Including Noncontrolling Interests": 323000.0,
        "Net Income Continuous Operations": 323000.0,
        "Tax Provision": -85000.0,
        "Pretax Income": 238000.0,
        "Other Income Expense": -6642000.0,
        "Other Non Operating Income Expenses": 397000.0,
        "Special Income Charges": -7039000.0,
        "Impairment Of Capital Assets": 7039000.0,
        "Net Non Operating Interest Income Expense": -8990000.0,
        "Interest Expense Non Operating": 8990000.0,
        "Operating Income": 15870000.0,
        "Operating Expense": 72458000.0,
        "Depreciation Amortization Depletion Income Statement": 16120000.0,
        "Depreciation And Amortization In Income Statement": 16120000.0,
        "Research And Development": 11428000.0,
        "Selling General And Administration": 44910000.0,
        "Gross Profit": 88328000.0,
        "Cost Of Revenue": 102056000.0,
        "Total Revenue": 190384000.0,
        "Operating Revenue": 190384000.0
    },
    "2023-09-30": {
        "Tax Effect Of Unusual Items": -10080.0,
        "Tax Rate For Calcs": 0.21,
        "Normalized EBITDA": 31534000.0,
        "Total Unusual Items": -48000.0,
        "Total Unusual Items Excluding Goodwill": -48000.0,
        "Net Income From Continuing Operation Net Minority Interest": 2354000.0,
        "Reconciled Depreciation": 15875000.0,
        "Reconciled Cost Of Revenue": 95882000.0,
        "EBITDA": 31486000.0,
        "EBIT": 15611000.0,
        "Net Interest Income": -9305000.0,
        "Interest Expense": 9305000.0,
        "Normalized Income": 2391920.0,
        "Net Income From Continuing And Discontinued Operation": 2354000.0,
        "Total Expenses": 165468000.0,
        "Total Operating Income As Reported": 15050000.0,
        "Diluted Average Shares": 93651691.0,
        "Basic Average Shares": 90972009.0,
        "Diluted EPS": 0.03,
        "Basic EPS": 0.03,
        "Diluted NI Availto Com Stockholders": 2354000.0,
        "Net Income Common Stockholders": 2354000.0,
        "Otherunder Preferred Stock Dividend": NaN,
        "Net Income": 2354000.0,
        "Net Income Including Noncontrolling Interests": 2354000.0,
        "Net Income Continuous Operations": 2354000.0,
        "Tax Provision": 3952000.0,
        "Pretax Income": 6306000.0,
        "Other Income Expense": 513000.0,
        "Other Non Operating Income Expenses": 561000.0,
        "Special Income Charges": -48000.0,
        "Impairment Of Capital Assets": 48000.0,
        "Net Non Operating Interest Income Expense": -9305000.0,
        "Interest Expense Non Operating": 9305000.0,
        "Operating Income": 15098000.0,
        "Operating Expense": 69586000.0,
        "Depreciation Amortization Depletion Income Statement": 15875000.0,
        "Depreciation And Amortization In Income Statement": 15875000.0,
        "Research And Development": 11329000.0,
        "Selling General And Administration": 42382000.0,
        "Gross Profit": 84684000.0,
        "Cost Of Revenue": 95882000.0,
        "Total Revenue": 180566000.0,
        "Operating Revenue": 180566000.0
    },
    "2023-12-31": {
        "Tax Effect Of Unusual Items": -37380.0,
        "Tax Rate For Calcs": 0.21,
        "Normalized EBITDA": 29258000.0,
        "Total Unusual Items": -178000.0,
        "Total Unusual Items Excluding Goodwill": -178000.0,
        "Net Income From Continuing Operation Net Minority Interest": -3384000.0,
        "Reconciled Depreciation": 15736000.0,
        "Reconciled Cost Of Revenue": 136376000.0,
        "EBITDA": 29080000.0,
        "EBIT": 13344000.0,
        "Net Interest Income": -9330000.0,
        "Interest Expense": 9330000.0,
        "Normalized Income": -3243380.0,
        "Net Income From Continuing And Discontinued Operation": -3384000.0,
        "Total Expenses": 156415000.0,
        "Total Operating Income As Reported": 12823000.0,
        "Diluted Average Shares": 89816230.0,
        "Basic Average Shares": 89816230.0,
        "Diluted EPS": -0.04,
        "Basic EPS": -0.04,
        "Diluted NI Availto Com Stockholders": -3384000.0,
        "Net Income Common Stockholders": -3384000.0,
        "Otherunder Preferred Stock Dividend": NaN,
        "Net Income": -3384000.0,
        "Net Income Including Noncontrolling Interests": -3384000.0,
        "Net Income Continuous Operations": -3384000.0,
        "Tax Provision": 7398000.0,
        "Pretax Income": 4014000.0,
        "Other Income Expense": 343000.0,
        "Other Non Operating Income Expenses": 521000.0,
        "Special Income Charges": -178000.0,
        "Impairment Of Capital Assets": 178000.0,
        "Net Non Operating Interest Income Expense": -9330000.0,
        "Interest Expense Non Operating": 9330000.0,
        "Operating Income": 13001000.0,
        "Operating Expense": 20039000.0,
        "Depreciation Amortization Depletion Income Statement": 15736000.0,
        "Depreciation And Amortization In Income Statement": 15736000.0,
        "Research And Development": NaN,
        "Selling General And Administration": 39012000.0,
        "Gross Profit": 33040000.0,
        "Cost Of Revenue": 136376000.0,
        "Total Revenue": 169416000.0,
        "Operating Revenue": 169416000.0
    },
    "2024-03-31": {
        "Tax Effect Of Unusual Items": -35280.0,
        "Tax Rate For Calcs": 0.21,
        "Normalized EBITDA": 9277000.0,
        "Total Unusual Items": -168000.0,
        "Total Unusual Items Excluding Goodwill": -168000.0,
        "Net Income From Continuing Operation Net Minority Interest": -7955000.0,
        "Reconciled Depreciation": 15770000.0,
        "Reconciled Cost Of Revenue": 104041000.0,
        "EBITDA": 9109000.0,
        "EBIT": -6661000.0,
        "Net Interest Income": -10312000.0,
        "Interest Expense": 10312000.0,
        "Normalized Income": -7822280.0,
        "Net Income From Continuing And Discontinued Operation": -7955000.0,
        "Total Expenses": 192915000.0,
        "Total Operating Income As Reported": -7084000.0,
        "Diluted Average Shares": 90274094.0,
        "Basic Average Shares": 90274094.0,
        "Diluted EPS": -0.09,
        "Basic EPS": -0.09,
        "Diluted NI Availto Com Stockholders": -7955000.0,
        "Net Income Common Stockholders": -7955000.0,
        "Otherunder Preferred Stock Dividend": NaN,
        "Net Income": -7955000.0,
        "Net Income Including Noncontrolling Interests": -7955000.0,
        "Net Income Continuous Operations": -7955000.0,
        "Tax Provision": -9018000.0,
        "Pretax Income": -16973000.0,
        "Other Income Expense": 255000.0,
        "Other Non Operating Income Expenses": 423000.0,
        "Special Income Charges": -168000.0,
        "Impairment Of Capital Assets": 168000.0,
        "Net Non Operating Interest Income Expense": -10312000.0,
        "Interest Expense Non Operating": 10312000.0,
        "Operating Income": -6916000.0,
        "Operating Expense": 88874000.0,
        "Depreciation Amortization Depletion Income Statement": 15770000.0,
        "Depreciation And Amortization In Income Statement": 15770000.0,
        "Research And Development": 13214000.0,
        "Selling General And Administration": 59890000.0,
        "Gross Profit": 81958000.0,
        "Cost Of Revenue": 104041000.0,
        "Total Revenue": 185999000.0,
        "Operating Revenue": 185999000.0
    },
    "2024-06-30": {
        "Tax Effect Of Unusual Items": -6720.0,
        "Tax Rate For Calcs": 0.21,
        "Normalized EBITDA": 26857000.0,
        "Total Unusual Items": -32000.0,
        "Total Unusual Items Excluding Goodwill": -32000.0,
        "Net Income From Continuing Operation Net Minority Interest": -6232000.0,
        "Reconciled Depreciation": 15820000.0,
        "Reconciled Cost Of Revenue": 110859000.0,
        "EBITDA": 26825000.0,
        "EBIT": 11005000.0,
        "Net Interest Income": -10143000.0,
        "Interest Expense": 10143000.0,
        "Normalized Income": -6206720.0,
        "Net Income From Continuing And Discontinued Operation": -6232000.0,
        "Total Expenses": 189813000.0,
        "Total Operating Income As Reported": 10683000.0,
        "Diluted Average Shares": 92778209.0,
        "Basic Average Shares": 92778209.0,
        "Diluted EPS": -0.07,
        "Basic EPS": -0.07,
        "Diluted NI Availto Com Stockholders": -6232000.0,
        "Net Income Common Stockholders": -6232000.0,
        "Otherunder Preferred Stock Dividend": 0.0,
        "Net Income": -6232000.0,
        "Net Income Including Noncontrolling Interests": -6232000.0,
        "Net Income Continuous Operations": -6232000.0,
        "Tax Provision": 7094000.0,
        "Pretax Income": 862000.0,
        "Other Income Expense": 290000.0,
        "Other Non Operating Income Expenses": 322000.0,
        "Special Income Charges": -32000.0,
        "Impairment Of Capital Assets": 32000.0,
        "Net Non Operating Interest Income Expense": -10143000.0,
        "Interest Expense Non Operating": 10143000.0,
        "Operating Income": 10715000.0,
        "Operating Expense": 78954000.0,
        "Depreciation Amortization Depletion Income Statement": 15820000.0,
        "Depreciation And Amortization In Income Statement": 15820000.0,
        "Research And Development": 12755000.0,
        "Selling General And Administration": 50379000.0,
        "Gross Profit": 89669000.0,
        "Cost Of Revenue": 110859000.0,
        "Total Revenue": 200528000.0,
        "Operating Revenue": 200528000.0
    }
}