{
    "2023-03-31": {
        "Tax Effect Of Unusual Items": NaN,
        "Tax Rate For Calcs": NaN,
        "Normalized EBITDA": NaN,
        "Total Unusual Items": NaN,
        "Total Unusual Items Excluding Goodwill": NaN,
        "Net Income From Continuing Operation Net Minority Interest": NaN,
        "Reconciled Cost Of Revenue": NaN,
        "EBITDA": NaN,
        "EBIT": NaN,
        "Net Interest Income": NaN,
        "Interest Expense": NaN,
        "Interest Income": NaN,
        "Normalized Income": NaN,
        "Net Income From Continuing And Discontinued Operation": NaN,
        "Total Expenses": NaN,
        "Total Operating Income As Reported": NaN,
        "Diluted Average Shares": NaN,
        "Basic Average Shares": NaN,
        "Diluted EPS": NaN,
        "Basic EPS": NaN,
        "Diluted NI Availto Com Stockholders": NaN,
        "Net Income Common Stockholders": NaN,
        "Net Income": NaN,
        "Minority Interests": NaN,
        "Net Income Including Noncontrolling Interests": NaN,
        "Net Income Continuous Operations": NaN,
        "Earnings From Equity Interest Net Of Tax": NaN,
        "Tax Provision": NaN,
        "Pretax Income": NaN,
        "Other Income Expense": NaN,
        "Other Non Operating Income Expenses": NaN,
        "Special Income Charges": NaN,
        "Gain On Sale Of Business": NaN,
        "Write Off": 0.0,
        "Net Non Operating Interest Income Expense": NaN,
        "Interest Expense Non Operating": NaN,
        "Interest Income Non Operating": NaN,
        "Operating Income": NaN,
        "Operating Expense": NaN,
        "Research And Development": NaN,
        "Selling General And Administration": NaN,
        "Selling And Marketing Expense": NaN,
        "General And Administrative Expense": NaN,
        "Other Gand A": NaN,
        "Gross Profit": NaN,
        "Cost Of Revenue": NaN,
        "Total Revenue": NaN,
        "Operating Revenue": NaN
    },
    "2022-12-31": {
        "Tax Effect Of Unusual Items": NaN,
        "Tax Rate For Calcs": NaN,
        "Normalized EBITDA": NaN,
        "Total Unusual Items": NaN,
        "Total Unusual Items Excluding Goodwill": NaN,
        "Net Income From Continuing Operation Net Minority Interest": NaN,
        "Reconciled Cost Of Revenue": NaN,
        "EBITDA": NaN,
        "EBIT": NaN,
        "Net Interest Income": NaN,
        "Interest Expense": NaN,
        "Interest Income": NaN,
        "Normalized Income": NaN,
        "Net Income From Continuing And Discontinued Operation": NaN,
        "Total Expenses": NaN,
        "Total Operating Income As Reported": NaN,
        "Diluted Average Shares": NaN,
        "Basic Average Shares": NaN,
        "Diluted EPS": NaN,
        "Basic EPS": NaN,
        "Diluted NI Availto Com Stockholders": NaN,
        "Net Income Common Stockholders": NaN,
        "Net Income": NaN,
        "Minority Interests": NaN,
        "Net Income Including Noncontrolling Interests": NaN,
        "Net Income Continuous Operations": NaN,
        "Earnings From Equity Interest Net Of Tax": NaN,
        "Tax Provision": NaN,
        "Pretax Income": NaN,
        "Other Income Expense": NaN,
        "Other Non Operating Income Expenses": NaN,
        "Special Income Charges": NaN,
        "Gain On Sale Of Business": -319000.0,
        "Write Off": 0.0,
        "Net Non Operating Interest Income Expense": NaN,
        "Interest Expense Non Operating": NaN,
        "Interest Income Non Operating": NaN,
        "Operating Income": NaN,
        "Operating Expense": NaN,
        "Research And Development": NaN,
        "Selling General And Administration": NaN,
        "Selling And Marketing Expense": NaN,
        "General And Administrative Expense": NaN,
        "Other Gand A": NaN,
        "Gross Profit": NaN,
        "Cost Of Revenue": NaN,
        "Total Revenue": NaN,
        "Operating Revenue": NaN
    },
    "2022-09-30": {
        "Tax Effect Of Unusual Items": NaN,
        "Tax Rate For Calcs": NaN,
        "Normalized EBITDA": NaN,
        "Total Unusual Items": NaN,
        "Total Unusual Items Excluding Goodwill": NaN,
        "Net Income From Continuing Operation Net Minority Interest": NaN,
        "Reconciled Cost Of Revenue": NaN,
        "EBITDA": NaN,
        "EBIT": NaN,
        "Net Interest Income": NaN,
        "Interest Expense": NaN,
        "Interest Income": NaN,
        "Normalized Income": NaN,
        "Net Income From Continuing And Discontinued Operation": NaN,
        "Total Expenses": NaN,
        "Total Operating Income As Reported": NaN,
        "Diluted Average Shares": NaN,
        "Basic Average Shares": NaN,
        "Diluted EPS": NaN,
        "Basic EPS": NaN,
        "Diluted NI Availto Com Stockholders": NaN,
        "Net Income Common Stockholders": NaN,
        "Net Income": NaN,
        "Minority Interests": NaN,
        "Net Income Including Noncontrolling Interests": NaN,
        "Net Income Continuous Operations": NaN,
        "Earnings From Equity Interest Net Of Tax": NaN,
        "Tax Provision": NaN,
        "Pretax Income": NaN,
        "Other Income Expense": NaN,
        "Other Non Operating Income Expenses": NaN,
        "Special Income Charges": NaN,
        "Gain On Sale Of Business": 1709000.0,
        "Write Off": 0.0,
        "Net Non Operating Interest Income Expense": NaN,
        "Interest Expense Non Operating": NaN,
        "Interest Income Non Operating": NaN,
        "Operating Income": NaN,
        "Operating Expense": NaN,
        "Research And Development": NaN,
        "Selling General And Administration": NaN,
        "Selling And Marketing Expense": NaN,
        "General And Administrative Expense": NaN,
        "Other Gand A": NaN,
        "Gross Profit": NaN,
        "Cost Of Revenue": NaN,
        "Total Revenue": NaN,
        "Operating Revenue": NaN
    },
    "2022-06-30": {
        "Tax Effect Of Unusual Items": 0.0,
        "Tax Rate For Calcs": 0.030792,
        "Normalized EBITDA": 121155000.0,
        "Total Unusual Items": NaN,
        "Total Unusual Items Excluding Goodwill": NaN,
        "Net Income From Continuing Operation Net Minority Interest": 114612000.0,
        "Reconciled Cost Of Revenue": 91237000.0,
        "EBITDA": 121155000.0,
        "EBIT": 121155000.0,
        "Net Interest Income": 1290000.0,
        "Interest Expense": 2552000.0,
        "Interest Income": 3842000.0,
        "Normalized Income": 114612000.0,
        "Net Income From Continuing And Discontinued Operation": 114612000.0,
        "Total Expenses": 442428000.0,
        "Total Operating Income As Reported": 112563000.0,
        "Diluted Average Shares": 13569370.0,
        "Basic Average Shares": 13569370.0,
        "Diluted EPS": 8.445,
        "Basic EPS": 8.445,
        "Diluted NI Availto Com Stockholders": 114612000.0,
        "Net Income Common Stockholders": 114612000.0,
        "Net Income": 114612000.0,
        "Minority Interests": 52000.0,
        "Net Income Including Noncontrolling Interests": 114560000.0,
        "Net Income Continuous Operations": 114560000.0,
        "Earnings From Equity Interest Net Of Tax": -391000.0,
        "Tax Provision": 3652000.0,
        "Pretax Income": 118603000.0,
        "Other Income Expense": 4750000.0,
        "Other Non Operating Income Expenses": 4750000.0,
        "Special Income Charges": NaN,
        "Gain On Sale Of Business": NaN,
        "Write Off": NaN,
        "Net Non Operating Interest Income Expense": 1290000.0,
        "Interest Expense Non Operating": 2552000.0,
        "Interest Income Non Operating": 3842000.0,
        "Operating Income": 112563000.0,
        "Operating Expense": 351191000.0,
        "Research And Development": 11578000.0,
        "Selling General And Administration": 339613000.0,
        "Selling And Marketing Expense": 292978000.0,
        "General And Administrative Expense": 46635000.0,
        "Other Gand A": 46635000.0,
        "Gross Profit": 463754000.0,
        "Cost Of Revenue": 91237000.0,
        "Total Revenue": 554991000.0,
        "Operating Revenue": 554991000.0
    },
    "2022-03-31": {
        "Diluted EPS": 2.14,
        "Total Revenue": 97,
        "Gross Profit": 81,
        "Operating Income": 27,
        "EBIT": 27,
        "Net Income": 28
    },
    "2021-12-31": {
        "Diluted EPS": 2.81,
        "Total Revenue": 98,
        "Gross Profit": 83,
        "Operating Income": 15,
        "EBIT": 15,
        "Net Income": 24
    },
    "2021-09-30": {
        "Diluted EPS": 0.09,
        "Total Revenue": 92,
        "Gross Profit": 79,
        "Operating Income": 13,
        "EBIT": 13,
        "Net Income": 15
    },
    "2021-06-30": {
        "Diluted EPS": 0.26,
        "Total Revenue": 97,
        "Gross Profit": 82,
        "Operating Income": 2,
        "EBIT": 2,
        "Net Income": 4
    },
    "2021-03-31": {
        "Diluted EPS": -0.6,
        "Total Revenue": 106,
        "Gross Profit": 90,
        "Operating Income": -12,
        "EBIT": -12,
        "Net Income": -8
    },
    "2020-12-31": {
        "Diluted EPS": -1.07,
        "Total Revenue": 106,
        "Gross Profit": 88,
        "Operating Income": -33,
        "EBIT": -33,
        "Net Income": -14
    },
    "2020-09-30": {
        "Diluted EPS": -1.82,
        "Total Revenue": 80,
        "Gross Profit": 66,
        "Operating Income": -32,
        "EBIT": -32,
        "Net Income": -24
    },
    "2020-06-30": {
        "Diluted EPS": -1.33,
        "Total Revenue": 73,
        "Gross Profit": 58,
        "Operating Income": -21,
        "EBIT": -21,
        "Net Income": -18
    },
    "2020-03-31": {
        "Diluted EPS": -0.68,
        "Total Revenue": 80,
        "Gross Profit": 66,
        "Operating Income": -14,
        "EBIT": -14,
        "Net Income": -9
    },
    "2019-12-31": {
        "Diluted EPS": -1.46,
        "Total Revenue": 77,
        "Gross Profit": 62,
        "Operating Income": -21,
        "EBIT": -21,
        "Net Income": -20
    },
    "2019-09-30": {
        "Diluted EPS": -1.33,
        "Total Revenue": 74,
        "Gross Profit": 58,
        "Operating Income": -19,
        "EBIT": -19,
        "Net Income": -18
    },
    "2019-06-30": {
        "Diluted EPS": -0.14,
        "Total Revenue": 81,
        "Gross Profit": 67,
        "Operating Income": -6,
        "EBIT": -6,
        "Net Income": -2
    },
    "2019-03-31": {
        "Diluted EPS": -1.23,
        "Total Revenue": 84,
        "Gross Profit": 71,
        "Operating Income": -20,
        "EBIT": -20,
        "Net Income": -17
    },
    "2018-12-31": {
        "Diluted EPS": -0.96,
        "Total Revenue": 74,
        "Gross Profit": 64,
        "Operating Income": -25,
        "EBIT": -25,
        "Net Income": -22
    },
    "2018-09-30": {
        "Diluted EPS": -2.38,
        "Total Revenue": 75,
        "Gross Profit": 62,
        "Operating Income": -40,
        "EBIT": -40,
        "Net Income": -33
    },
    "2018-06-30": {
        "Diluted EPS": -2.98,
        "Total Revenue": 73,
        "Gross Profit": 59,
        "Operating Income": -45,
        "EBIT": -45,
        "Net Income": -41
    },
    "2018-03-31": {
        "Diluted EPS": -4.4,
        "Total Revenue": 65,
        "Gross Profit": 54,
        "Operating Income": -40,
        "EBIT": -40,
        "Net Income": -39
    },
    "2017-12-31": {
        "Diluted EPS": 0.0,
        "Total Revenue": NaN,
        "Gross Profit": NaN,
        "Operating Income": NaN,
        "EBIT": NaN,
        "Net Income": NaN
    },
    "2023-06-30": {
        "Tax Effect Of Unusual Items": NaN,
        "Tax Rate For Calcs": NaN,
        "Normalized EBITDA": NaN,
        "Total Unusual Items": 247000.0,
        "Total Unusual Items Excluding Goodwill": 247000.0,
        "Net Income From Continuing Operation Net Minority Interest": NaN,
        "Reconciled Cost Of Revenue": NaN,
        "EBITDA": NaN,
        "EBIT": NaN,
        "Net Interest Income": NaN,
        "Interest Expense": NaN,
        "Interest Income": NaN,
        "Normalized Income": NaN,
        "Net Income From Continuing And Discontinued Operation": NaN,
        "Total Expenses": NaN,
        "Total Operating Income As Reported": NaN,
        "Diluted Average Shares": NaN,
        "Basic Average Shares": NaN,
        "Diluted EPS": NaN,
        "Basic EPS": NaN,
        "Diluted NI Availto Com Stockholders": NaN,
        "Net Income Common Stockholders": NaN,
        "Net Income": NaN,
        "Minority Interests": NaN,
        "Net Income Including Noncontrolling Interests": NaN,
        "Net Income Continuous Operations": NaN,
        "Earnings From Equity Interest Net Of Tax": NaN,
        "Tax Provision": NaN,
        "Pretax Income": NaN,
        "Other Income Expense": NaN,
        "Other Non Operating Income Expenses": NaN,
        "Special Income Charges": 247000.0,
        "Gain On Sale Of Business": 247000.0,
        "Write Off": NaN,
        "Net Non Operating Interest Income Expense": NaN,
        "Interest Expense Non Operating": NaN,
        "Interest Income Non Operating": NaN,
        "Operating Income": NaN,
        "Operating Expense": NaN,
        "Research And Development": NaN,
        "Selling General And Administration": NaN,
        "Selling And Marketing Expense": NaN,
        "General And Administrative Expense": NaN,
        "Other Gand A": NaN,
        "Gross Profit": NaN,
        "Cost Of Revenue": NaN,
        "Total Revenue": NaN,
        "Operating Revenue": NaN
    },
    "2023-09-30": {
        "Tax Effect Of Unusual Items": NaN,
        "Tax Rate For Calcs": NaN,
        "Normalized EBITDA": NaN,
        "Total Unusual Items": -61000.0,
        "Total Unusual Items Excluding Goodwill": -61000.0,
        "Net Income From Continuing Operation Net Minority Interest": NaN,
        "Reconciled Cost Of Revenue": NaN,
        "EBITDA": NaN,
        "EBIT": NaN,
        "Net Interest Income": NaN,
        "Interest Expense": NaN,
        "Interest Income": NaN,
        "Normalized Income": NaN,
        "Net Income From Continuing And Discontinued Operation": NaN,
        "Total Expenses": NaN,
        "Total Operating Income As Reported": NaN,
        "Diluted Average Shares": NaN,
        "Basic Average Shares": NaN,
        "Diluted EPS": NaN,
        "Basic EPS": NaN,
        "Diluted NI Availto Com Stockholders": NaN,
        "Net Income Common Stockholders": NaN,
        "Net Income": NaN,
        "Minority Interests": NaN,
        "Net Income Including Noncontrolling Interests": NaN,
        "Net Income Continuous Operations": NaN,
        "Earnings From Equity Interest Net Of Tax": NaN,
        "Tax Provision": NaN,
        "Pretax Income": NaN,
        "Other Income Expense": NaN,
        "Other Non Operating Income Expenses": NaN,
        "Special Income Charges": -61000.0,
        "Gain On Sale Of Business": 0.0,
        "Write Off": 61000.0,
        "Net Non Operating Interest Income Expense": NaN,
        "Interest Expense Non Operating": NaN,
        "Interest Income Non Operating": NaN,
        "Operating Income": NaN,
        "Operating Expense": NaN,
        "Research And Development": NaN,
        "Selling General And Administration": NaN,
        "Selling And Marketing Expense": NaN,
        "General And Administrative Expense": NaN,
        "Other Gand A": NaN,
        "Gross Profit": NaN,
        "Cost Of Revenue": NaN,
        "Total Revenue": NaN,
        "Operating Revenue": NaN
    },
    "2023-12-31": {
        "Tax Effect Of Unusual Items": NaN,
        "Tax Rate For Calcs": NaN,
        "Normalized EBITDA": NaN,
        "Total Unusual Items": 43468000.0,
        "Total Unusual Items Excluding Goodwill": 43468000.0,
        "Net Income From Continuing Operation Net Minority Interest": NaN,
        "Reconciled Cost Of Revenue": NaN,
        "EBITDA": NaN,
        "EBIT": NaN,
        "Net Interest Income": NaN,
        "Interest Expense": NaN,
        "Interest Income": NaN,
        "Normalized Income": NaN,
        "Net Income From Continuing And Discontinued Operation": NaN,
        "Total Expenses": NaN,
        "Total Operating Income As Reported": NaN,
        "Diluted Average Shares": NaN,
        "Basic Average Shares": NaN,
        "Diluted EPS": NaN,
        "Basic EPS": NaN,
        "Diluted NI Availto Com Stockholders": NaN,
        "Net Income Common Stockholders": NaN,
        "Net Income": NaN,
        "Minority Interests": NaN,
        "Net Income Including Noncontrolling Interests": NaN,
        "Net Income Continuous Operations": NaN,
        "Earnings From Equity Interest Net Of Tax": NaN,
        "Tax Provision": NaN,
        "Pretax Income": NaN,
        "Other Income Expense": NaN,
        "Other Non Operating Income Expenses": NaN,
        "Special Income Charges": 43468000.0,
        "Gain On Sale Of Business": 43468000.0,
        "Write Off": 0.0,
        "Net Non Operating Interest Income Expense": NaN,
        "Interest Expense Non Operating": NaN,
        "Interest Income Non Operating": NaN,
        "Operating Income": NaN,
        "Operating Expense": NaN,
        "Research And Development": NaN,
        "Selling General And Administration": NaN,
        "Selling And Marketing Expense": NaN,
        "General And Administrative Expense": NaN,
        "Other Gand A": NaN,
        "Gross Profit": NaN,
        "Cost Of Revenue": NaN,
        "Total Revenue": NaN,
        "Operating Revenue": NaN
    },
    "2024-03-31": {
        "Tax Effect Of Unusual Items": 0.0,
        "Tax Rate For Calcs": 0.25,
        "Normalized EBITDA": 120009000.0,
        "Total Unusual Items": NaN,
        "Total Unusual Items Excluding Goodwill": NaN,
        "Net Income From Continuing Operation Net Minority Interest": 112735000.0,
        "Reconciled Cost Of Revenue": 77163000.0,
        "EBITDA": 120009000.0,
        "EBIT": 120009000.0,
        "Net Interest Income": 7685000.0,
        "Interest Expense": 1604000.0,
        "Interest Income": 9289000.0,
        "Normalized Income": 112735000.0,
        "Net Income From Continuing And Discontinued Operation": 112735000.0,
        "Total Expenses": 418300000.0,
        "Total Operating Income As Reported": 104940000.0,
        "Diluted Average Shares": 13714032.0,
        "Basic Average Shares": 13714032.0,
        "Diluted EPS": 8.22,
        "Basic EPS": 8.22,
        "Diluted NI Availto Com Stockholders": 112735000.0,
        "Net Income Common Stockholders": 112735000.0,
        "Net Income": 112735000.0,
        "Minority Interests": 0.0,
        "Net Income Including Noncontrolling Interests": 112735000.0,
        "Net Income Continuous Operations": 112735000.0,
        "Earnings From Equity Interest Net Of Tax": -6061000.0,
        "Tax Provision": -391000.0,
        "Pretax Income": 118405000.0,
        "Other Income Expense": 5780000.0,
        "Other Non Operating Income Expenses": 5780000.0,
        "Special Income Charges": NaN,
        "Gain On Sale Of Business": NaN,
        "Write Off": NaN,
        "Net Non Operating Interest Income Expense": 7685000.0,
        "Interest Expense Non Operating": 1604000.0,
        "Interest Income Non Operating": 9289000.0,
        "Operating Income": 104940000.0,
        "Operating Expense": 341137000.0,
        "Research And Development": 7010000.0,
        "Selling General And Administration": 334127000.0,
        "Selling And Marketing Expense": 301575000.0,
        "General And Administrative Expense": 32552000.0,
        "Other Gand A": 32552000.0,
        "Gross Profit": 446077000.0,
        "Cost Of Revenue": 77163000.0,
        "Total Revenue": 523240000.0,
        "Operating Revenue": 523240000.0
    },
    "2024-06-30": {
        "Tax Effect Of Unusual Items": -62500.0,
        "Tax Rate For Calcs": 0.25,
        "Normalized EBITDA": 90258000.0,
        "Total Unusual Items": -250000.0,
        "Total Unusual Items Excluding Goodwill": -250000.0,
        "Net Income From Continuing Operation Net Minority Interest": 82252000.0,
        "Reconciled Cost Of Revenue": 76627000.0,
        "EBITDA": 90008000.0,
        "EBIT": 90008000.0,
        "Net Interest Income": 9060000.0,
        "Interest Expense": 1516000.0,
        "Interest Income": 10576000.0,
        "Normalized Income": 82439500.0,
        "Net Income From Continuing And Discontinued Operation": 82252000.0,
        "Total Expenses": 415556000.0,
        "Total Operating Income As Reported": 76667000.0,
        "Diluted Average Shares": 13705656.0,
        "Basic Average Shares": 13705656.0,
        "Diluted EPS": 6.0,
        "Basic EPS": 6.0,
        "Diluted NI Availto Com Stockholders": 82252000.0,
        "Net Income Common Stockholders": 82252000.0,
        "Net Income": 82252000.0,
        "Minority Interests": 0.0,
        "Net Income Including Noncontrolling Interests": 82252000.0,
        "Net Income Continuous Operations": 82252000.0,
        "Earnings From Equity Interest Net Of Tax": -6318000.0,
        "Tax Provision": -78000.0,
        "Pretax Income": 88492000.0,
        "Other Income Expense": 2765000.0,
        "Other Non Operating Income Expenses": 3015000.0,
        "Special Income Charges": -250000.0,
        "Gain On Sale Of Business": -250000.0,
        "Write Off": NaN,
        "Net Non Operating Interest Income Expense": 9060000.0,
        "Interest Expense Non Operating": 1516000.0,
        "Interest Income Non Operating": 10576000.0,
        "Operating Income": 76667000.0,
        "Operating Expense": 338929000.0,
        "Research And Development": 7657000.0,
        "Selling General And Administration": 331272000.0,
        "Selling And Marketing Expense": 297443000.0,
        "General And Administrative Expense": 33829000.0,
        "Other Gand A": 33829000.0,
        "Gross Profit": 415596000.0,
        "Cost Of Revenue": 76627000.0,
        "Total Revenue": 492223000.0,
        "Operating Revenue": 492223000.0
    },
    "2024-09-30": {
        "Tax Effect Of Unusual Items": -147000.0,
        "Tax Rate For Calcs": 0.25,
        "Normalized EBITDA": 84056000.0,
        "Total Unusual Items": -588000.0,
        "Total Unusual Items Excluding Goodwill": -588000.0,
        "Net Income From Continuing Operation Net Minority Interest": 89289000.0,
        "Reconciled Cost Of Revenue": 82093000.0,
        "EBITDA": 83468000.0,
        "EBIT": 83468000.0,
        "Net Interest Income": 6395000.0,
        "Interest Expense": 1415000.0,
        "Interest Income": 7810000.0,
        "Normalized Income": 89730000.0,
        "Net Income From Continuing And Discontinued Operation": 89289000.0,
        "Total Expenses": 425461000.0,
        "Total Operating Income As Reported": 65803000.0,
        "Diluted Average Shares": 13657568.0,
        "Basic Average Shares": 13657568.0,
        "Diluted EPS": 6.54,
        "Basic EPS": 6.54,
        "Diluted NI Availto Com Stockholders": 89289000.0,
        "Net Income Common Stockholders": 89289000.0,
        "Net Income": 89289000.0,
        "Minority Interests": 0.0,
        "Net Income Including Noncontrolling Interests": 89289000.0,
        "Net Income Continuous Operations": 89289000.0,
        "Earnings From Equity Interest Net Of Tax": 730000.0,
        "Tax Provision": -6506000.0,
        "Pretax Income": 82053000.0,
        "Other Income Expense": 9855000.0,
        "Other Non Operating Income Expenses": 10443000.0,
        "Special Income Charges": -588000.0,
        "Gain On Sale Of Business": -588000.0,
        "Write Off": 0.0,
        "Net Non Operating Interest Income Expense": 6395000.0,
        "Interest Expense Non Operating": 1415000.0,
        "Interest Income Non Operating": 7810000.0,
        "Operating Income": 65803000.0,
        "Operating Expense": 343368000.0,
        "Research And Development": 5849000.0,
        "Selling General And Administration": 337519000.0,
        "Selling And Marketing Expense": 303047000.0,
        "General And Administrative Expense": 34472000.0,
        "Other Gand A": 34472000.0,
        "Gross Profit": 409171000.0,
        "Cost Of Revenue": 82093000.0,
        "Total Revenue": 491264000.0,
        "Operating Revenue": 491264000.0
    },
    "2024-12-31": {
        "Tax Effect Of Unusual Items": 0.0,
        "Tax Rate For Calcs": 0.121791,
        "Normalized EBITDA": 68702000.0,
        "Total Unusual Items": 0.0,
        "Total Unusual Items Excluding Goodwill": 0.0,
        "Net Income From Continuing Operation Net Minority Interest": 57806000.0,
        "Reconciled Cost Of Revenue": 81687000.0,
        "EBITDA": 68702000.0,
        "EBIT": 68702000.0,
        "Net Interest Income": 10391000.0,
        "Interest Expense": 758000.0,
        "Interest Income": 11149000.0,
        "Normalized Income": 57806000.0,
        "Net Income From Continuing And Discontinued Operation": 57806000.0,
        "Total Expenses": 432982000.0,
        "Total Operating Income As Reported": 50495000.0,
        "Diluted Average Shares": 13522646.0,
        "Basic Average Shares": 13522646.0,
        "Diluted EPS": 4.275,
        "Basic EPS": 4.275,
        "Diluted NI Availto Com Stockholders": 57806000.0,
        "Net Income Common Stockholders": 57806000.0,
        "Net Income": 57806000.0,
        "Minority Interests": 0.0,
        "Net Income Including Noncontrolling Interests": 57806000.0,
        "Net Income Continuous Operations": 57806000.0,
        "Earnings From Equity Interest Net Of Tax": -1863000.0,
        "Tax Provision": 8275000.0,
        "Pretax Income": 67944000.0,
        "Other Income Expense": 7058000.0,
        "Other Non Operating Income Expenses": 7058000.0,
        "Special Income Charges": 0.0,
        "Gain On Sale Of Business": 0.0,
        "Write Off": 0.0,
        "Net Non Operating Interest Income Expense": 10391000.0,
        "Interest Expense Non Operating": 758000.0,
        "Interest Income Non Operating": 11149000.0,
        "Operating Income": 50495000.0,
        "Operating Expense": 351295000.0,
        "Research And Development": 4492000.0,
        "Selling General And Administration": 346803000.0,
        "Selling And Marketing Expense": -247482000.0,
        "General And Administrative Expense": 594285000.0,
        "Other Gand A": 31956000.0,
        "Gross Profit": 401790000.0,
        "Cost Of Revenue": 81687000.0,
        "Total Revenue": 483477000.0,
        "Operating Revenue": 445862000.0
    },
    "2025-03-31": {
        "Tax Effect Of Unusual Items": 0.0,
        "Tax Rate For Calcs": 0.113968,
        "Normalized EBITDA": 86168000.0,
        "Total Unusual Items": NaN,
        "Total Unusual Items Excluding Goodwill": NaN,
        "Net Income From Continuing Operation Net Minority Interest": 75176000.0,
        "Reconciled Cost Of Revenue": 72336000.0,
        "EBITDA": 86168000.0,
        "EBIT": 86168000.0,
        "Net Interest Income": 5000000.0,
        "Interest Expense": 407000.0,
        "Interest Income": 5407000.0,
        "Normalized Income": 75176000.0,
        "Net Income From Continuing And Discontinued Operation": 75176000.0,
        "Total Expenses": 413481000.0,
        "Total Operating Income As Reported": 74144000.0,
        "Diluted Average Shares": 13518374.0,
        "Basic Average Shares": 13518374.0,
        "Diluted EPS": 5.56,
        "Basic EPS": 5.56,
        "Diluted NI Availto Com Stockholders": 75176000.0,
        "Net Income Common Stockholders": 75176000.0,
        "Net Income": 75176000.0,
        "Minority Interests": 0.0,
        "Net Income Including Noncontrolling Interests": 75176000.0,
        "Net Income Continuous Operations": 75176000.0,
        "Earnings From Equity Interest Net Of Tax": -811000.0,
        "Tax Provision": 9774000.0,
        "Pretax Income": 85761000.0,
        "Other Income Expense": 6617000.0,
        "Other Non Operating Income Expenses": 6617000.0,
        "Special Income Charges": NaN,
        "Gain On Sale Of Business": NaN,
        "Write Off": NaN,
        "Net Non Operating Interest Income Expense": 5000000.0,
        "Interest Expense Non Operating": 407000.0,
        "Interest Income Non Operating": 5407000.0,
        "Operating Income": 74144000.0,
        "Operating Expense": 341145000.0,
        "Research And Development": 6242000.0,
        "Selling General And Administration": 334903000.0,
        "Selling And Marketing Expense": 300444000.0,
        "General And Administrative Expense": 34459000.0,
        "Other Gand A": 34459000.0,
        "Gross Profit": 415289000.0,
        "Cost Of Revenue": 72336000.0,
        "Total Revenue": 487625000.0,
        "Operating Revenue": 487625000.0
    },
    "2025-06-30": {
        "Tax Effect Of Unusual Items": 0.0,
        "Tax Rate For Calcs": 0.096474,
        "Normalized EBITDA": 140725000.0,
        "Total Unusual Items": 0.0,
        "Total Unusual Items Excluding Goodwill": 0.0,
        "Net Income From Continuing Operation Net Minority Interest": 126645000.0,
        "Reconciled Cost Of Revenue": 69641000.0,
        "EBITDA": 140725000.0,
        "EBIT": 140725000.0,
        "Net Interest Income": 6461000.0,
        "Interest Expense": 273000.0,
        "Interest Income": 6734000.0,
        "Normalized Income": 126645000.0,
        "Net Income From Continuing And Discontinued Operation": 126645000.0,
        "Total Expenses": 412264000.0,
        "Total Operating Income As Reported": 126751000.0,
        "Diluted Average Shares": 13507790.0,
        "Basic Average Shares": 13507790.0,
        "Diluted EPS": 9.375,
        "Basic EPS": 9.375,
        "Diluted NI Availto Com Stockholders": 126645000.0,
        "Net Income Common Stockholders": 126645000.0,
        "Net Income": 126645000.0,
        "Minority Interests": 0.0,
        "Net Income Including Noncontrolling Interests": 126645000.0,
        "Net Income Continuous Operations": 126645000.0,
        "Earnings From Equity Interest Net Of Tax": -257000.0,
        "Tax Provision": 13550000.0,
        "Pretax Income": 140452000.0,
        "Other Income Expense": 7240000.0,
        "Other Non Operating Income Expenses": 7240000.0,
        "Special Income Charges": 0.0,
        "Gain On Sale Of Business": 0.0,
        "Write Off": NaN,
        "Net Non Operating Interest Income Expense": 6461000.0,
        "Interest Expense Non Operating": 273000.0,
        "Interest Income Non Operating": 6734000.0,
        "Operating Income": 126751000.0,
        "Operating Expense": 342623000.0,
        "Research And Development": 6946000.0,
        "Selling General And Administration": 335677000.0,
        "Selling And Marketing Expense": 302527000.0,
        "General And Administrative Expense": 33150000.0,
        "Other Gand A": 33150000.0,
        "Gross Profit": 469374000.0,
        "Cost Of Revenue": 69641000.0,
        "Total Revenue": 539015000.0,
        "Operating Revenue": 539015000.0
    }
}