{
    "2023-03-31": {
        "Tax Effect Of Unusual Items": -140700.0,
        "Tax Rate For Calcs": 0.21,
        "Normalized EBITDA": 69450000.0,
        "Total Unusual Items": -670000.0,
        "Total Unusual Items Excluding Goodwill": -670000.0,
        "Net Income From Continuing Operation Net Minority Interest": 1389000.0,
        "Reconciled Depreciation": 52997000.0,
        "Reconciled Cost Of Revenue": 394378000.0,
        "EBITDA": 68780000.0,
        "EBIT": 15783000.0,
        "Net Interest Income": -18189000.0,
        "Interest Expense": 18189000.0,
        "Normalized Income": 1918300.0,
        "Net Income From Continuing And Discontinued Operation": 1389000.0,
        "Total Expenses": 606211000.0,
        "Total Operating Income As Reported": 16233000.0,
        "Diluted Average Shares": 289806000.0,
        "Basic Average Shares": 125199000.0,
        "Diluted EPS": 0.004793,
        "Basic EPS": 0.01,
        "Diluted NI Availto Com Stockholders": 1389000.0,
        "Net Income Common Stockholders": 1389000.0,
        "Otherunder Preferred Stock Dividend": NaN,
        "Net Income": 1389000.0,
        "Minority Interests": 4258000.0,
        "Net Income Including Noncontrolling Interests": -2869000.0,
        "Net Income Continuous Operations": -2869000.0,
        "Earnings From Equity Interest Net Of Tax": -227000.0,
        "Tax Provision": 236000.0,
        "Pretax Income": -2406000.0,
        "Other Income Expense": -450000.0,
        "Other Non Operating Income Expenses": 220000.0,
        "Special Income Charges": 0.0,
        "Write Off": 0.0,
        "Gain On Sale Of Security": -670000.0,
        "Net Non Operating Interest Income Expense": -18189000.0,
        "Interest Expense Non Operating": 18189000.0,
        "Operating Income": 16233000.0,
        "Operating Expense": 192313000.0,
        "Depreciation Amortization Depletion Income Statement": 33477000.0,
        "Depreciation And Amortization In Income Statement": 33477000.0,
        "Selling General And Administration": 158836000.0,
        "General And Administrative Expense": 158836000.0,
        "Other Gand A": 158836000.0,
        "Gross Profit": 208546000.0,
        "Cost Of Revenue": 413898000.0,
        "Total Revenue": 622444000.0,
        "Operating Revenue": 622444000.0
    },
    "2022-12-31": {
        "Tax Effect Of Unusual Items": -29833410.063828,
        "Tax Rate For Calcs": 0.322217,
        "Normalized EBITDA": 108718000.0,
        "Total Unusual Items": -92588000.0,
        "Total Unusual Items Excluding Goodwill": -92588000.0,
        "Net Income From Continuing Operation Net Minority Interest": -6478000.0,
        "Reconciled Depreciation": 35631000.0,
        "Reconciled Cost Of Revenue": 419811000.0,
        "EBITDA": 16130000.0,
        "EBIT": -19501000.0,
        "Net Interest Income": -19510000.0,
        "Interest Expense": 19510000.0,
        "Normalized Income": 56276589.936172,
        "Net Income From Continuing And Discontinued Operation": -6478000.0,
        "Total Expenses": 627857000.0,
        "Total Operating Income As Reported": -13817000.0,
        "Diluted Average Shares": 122927000.0,
        "Basic Average Shares": 122927000.0,
        "Diluted EPS": -0.05,
        "Basic EPS": -0.05,
        "Diluted NI Availto Com Stockholders": -6478000.0,
        "Net Income Common Stockholders": -6478000.0,
        "Otherunder Preferred Stock Dividend": NaN,
        "Net Income": -6478000.0,
        "Minority Interests": 21095000.0,
        "Net Income Including Noncontrolling Interests": -27573000.0,
        "Net Income Continuous Operations": -27573000.0,
        "Earnings From Equity Interest Net Of Tax": -1132000.0,
        "Tax Provision": -12570000.0,
        "Pretax Income": -39011000.0,
        "Other Income Expense": -99829000.0,
        "Other Non Operating Income Expenses": -7241000.0,
        "Special Income Charges": -94145000.0,
        "Write Off": 94145000.0,
        "Gain On Sale Of Security": 1557000.0,
        "Net Non Operating Interest Income Expense": -19510000.0,
        "Interest Expense Non Operating": 19510000.0,
        "Operating Income": 80328000.0,
        "Operating Expense": 208046000.0,
        "Depreciation Amortization Depletion Income Statement": 35631000.0,
        "Depreciation And Amortization In Income Statement": 35631000.0,
        "Selling General And Administration": 172415000.0,
        "General And Administrative Expense": 172415000.0,
        "Other Gand A": 172415000.0,
        "Gross Profit": 288374000.0,
        "Cost Of Revenue": 419811000.0,
        "Total Revenue": 708185000.0,
        "Operating Revenue": 708185000.0
    },
    "2022-09-30": {
        "Tax Effect Of Unusual Items": NaN,
        "Tax Rate For Calcs": NaN,
        "Normalized EBITDA": NaN,
        "Total Unusual Items": NaN,
        "Total Unusual Items Excluding Goodwill": NaN,
        "Net Income From Continuing Operation Net Minority Interest": NaN,
        "Reconciled Depreciation": NaN,
        "Reconciled Cost Of Revenue": NaN,
        "EBITDA": NaN,
        "EBIT": NaN,
        "Net Interest Income": NaN,
        "Interest Expense": NaN,
        "Normalized Income": NaN,
        "Net Income From Continuing And Discontinued Operation": NaN,
        "Total Expenses": NaN,
        "Total Operating Income As Reported": NaN,
        "Diluted Average Shares": NaN,
        "Basic Average Shares": NaN,
        "Diluted EPS": NaN,
        "Basic EPS": NaN,
        "Diluted NI Availto Com Stockholders": NaN,
        "Net Income Common Stockholders": NaN,
        "Otherunder Preferred Stock Dividend": 0.0,
        "Net Income": NaN,
        "Minority Interests": NaN,
        "Net Income Including Noncontrolling Interests": NaN,
        "Net Income Continuous Operations": NaN,
        "Earnings From Equity Interest Net Of Tax": NaN,
        "Tax Provision": NaN,
        "Pretax Income": NaN,
        "Other Income Expense": NaN,
        "Other Non Operating Income Expenses": NaN,
        "Special Income Charges": NaN,
        "Write Off": NaN,
        "Gain On Sale Of Security": NaN,
        "Net Non Operating Interest Income Expense": NaN,
        "Interest Expense Non Operating": NaN,
        "Operating Income": NaN,
        "Operating Expense": NaN,
        "Depreciation Amortization Depletion Income Statement": NaN,
        "Depreciation And Amortization In Income Statement": NaN,
        "Selling General And Administration": NaN,
        "General And Administrative Expense": NaN,
        "Other Gand A": NaN,
        "Gross Profit": NaN,
        "Cost Of Revenue": NaN,
        "Total Revenue": NaN,
        "Operating Revenue": NaN
    },
    "2022-06-30": {
        "Tax Effect Of Unusual Items": -395105.077995,
        "Tax Rate For Calcs": 0.17992,
        "Normalized EBITDA": 82708000.0,
        "Total Unusual Items": -2196000.0,
        "Total Unusual Items Excluding Goodwill": -2196000.0,
        "Net Income From Continuing Operation Net Minority Interest": 10463000.0,
        "Reconciled Depreciation": 32231000.0,
        "Reconciled Cost Of Revenue": 424661000.0,
        "EBITDA": 80512000.0,
        "EBIT": 48281000.0,
        "Net Interest Income": -18151000.0,
        "Interest Expense": 18151000.0,
        "Normalized Income": 12263894.922005,
        "Net Income From Continuing And Discontinued Operation": 10463000.0,
        "Total Expenses": 622315000.0,
        "Total Operating Income As Reported": 48332000.0,
        "Diluted Average Shares": 296414000.0,
        "Basic Average Shares": 126425000.0,
        "Diluted EPS": 0.08,
        "Basic EPS": 0.08,
        "Diluted NI Availto Com Stockholders": 10463000.0,
        "Net Income Common Stockholders": 10463000.0,
        "Otherunder Preferred Stock Dividend": NaN,
        "Net Income": 10463000.0,
        "Minority Interests": -14056000.0,
        "Net Income Including Noncontrolling Interests": 24519000.0,
        "Net Income Continuous Operations": 24519000.0,
        "Earnings From Equity Interest Net Of Tax": -190000.0,
        "Tax Provision": 5421000.0,
        "Pretax Income": 30130000.0,
        "Other Income Expense": -2317000.0,
        "Other Non Operating Income Expenses": -121000.0,
        "Special Income Charges": -2266000.0,
        "Write Off": 2266000.0,
        "Gain On Sale Of Security": 70000.0,
        "Net Non Operating Interest Income Expense": -18151000.0,
        "Interest Expense Non Operating": 18151000.0,
        "Operating Income": 50598000.0,
        "Operating Expense": 197654000.0,
        "Depreciation Amortization Depletion Income Statement": 32231000.0,
        "Depreciation And Amortization In Income Statement": 32231000.0,
        "Selling General And Administration": 165423000.0,
        "General And Administrative Expense": 165423000.0,
        "Other Gand A": 165423000.0,
        "Gross Profit": 248252000.0,
        "Cost Of Revenue": 424661000.0,
        "Total Revenue": 672913000.0,
        "Operating Revenue": 672913000.0
    },
    "2022-03-31": {
        "Diluted EPS": 0.1,
        "Total Revenue": 643,
        "Gross Profit": 231,
        "Operating Income": 55,
        "EBIT": 88,
        "Net Income": 13
    },
    "2021-12-31": {
        "Diluted EPS": 0.02,
        "Total Revenue": 612,
        "Gross Profit": 264,
        "Operating Income": 34,
        "EBIT": 75,
        "Net Income": 1
    },
    "2021-09-30": {
        "Diluted EPS": -0.06,
        "Total Revenue": 467,
        "Gross Profit": 142,
        "Operating Income": -20,
        "EBIT": 12,
        "Net Income": -2
    },
    "2021-06-30": {
        "Diluted EPS": 0.0,
        "Total Revenue": 210,
        "Gross Profit": 87,
        "Operating Income": 24,
        "EBIT": 33,
        "Net Income": 17
    },
    "2021-03-31": {
        "Diluted EPS": 0.0,
        "Total Revenue": 181,
        "Gross Profit": 69,
        "Operating Income": 6,
        "EBIT": 21,
        "Net Income": 4
    },
    "2020-12-31": {
        "Diluted EPS": 0.0,
        "Total Revenue": 73,
        "Gross Profit": 38,
        "Operating Income": 28,
        "EBIT": 41,
        "Net Income": 45
    },
    "2020-09-30": {
        "Diluted EPS": 0.0,
        "Total Revenue": 228,
        "Gross Profit": 79,
        "Operating Income": 26,
        "EBIT": 43,
        "Net Income": 18
    },
    "2020-06-30": {
        "Diluted EPS": -0.06,
        "Total Revenue": 260,
        "Gross Profit": 94,
        "Operating Income": 0,
        "EBIT": 11,
        "Net Income": -4
    },
    "2020-03-31": {
        "Diluted EPS": -0.03,
        "Total Revenue": 328,
        "Gross Profit": 105,
        "Operating Income": 29,
        "EBIT": 34,
        "Net Income": -2
    },
    "2019-12-31": {
        "Diluted EPS": -0.15,
        "Total Revenue": 382,
        "Gross Profit": 121,
        "Operating Income": 11,
        "EBIT": 29,
        "Net Income": -11
    },
    "2019-09-30": {
        "Diluted EPS": -0.07,
        "Total Revenue": 343,
        "Gross Profit": 120,
        "Operating Income": 29,
        "EBIT": 41,
        "Net Income": -5
    },
    "2019-06-30": {
        "Diluted EPS": 0.01,
        "Total Revenue": 362,
        "Gross Profit": 121,
        "Operating Income": 23,
        "EBIT": 36,
        "Net Income": 1
    },
    "2019-03-31": {
        "Diluted EPS": -0.04,
        "Total Revenue": 329,
        "Gross Profit": 92,
        "Operating Income": 16,
        "EBIT": 17,
        "Net Income": -2
    },
    "2018-12-31": {
        "Diluted EPS": -1.56,
        "Total Revenue": 393,
        "Gross Profit": 136,
        "Operating Income": -17,
        "EBIT": -41,
        "Net Income": -90
    },
    "2018-09-30": {
        "Diluted EPS": -0.32,
        "Total Revenue": 376,
        "Gross Profit": 137,
        "Operating Income": 3,
        "EBIT": 49,
        "Net Income": -18
    },
    "2018-06-30": {
        "Diluted EPS": 0.02,
        "Total Revenue": 380,
        "Gross Profit": 126,
        "Operating Income": 31,
        "EBIT": 38,
        "Net Income": 1
    },
    "2018-03-31": {
        "Diluted EPS": -0.56,
        "Total Revenue": 327,
        "Gross Profit": 84,
        "Operating Income": -15,
        "EBIT": 1,
        "Net Income": -31
    },
    "2017-12-31": {
        "Diluted EPS": 3.54,
        "Total Revenue": 403,
        "Gross Profit": 134,
        "Operating Income": 60,
        "EBIT": 58,
        "Net Income": 195
    },
    "2017-09-30": {
        "Diluted EPS": 0.24,
        "Total Revenue": 376,
        "Gross Profit": 126,
        "Operating Income": 37,
        "EBIT": 47,
        "Net Income": 14
    },
    "2017-06-30": {
        "Diluted EPS": 0.14,
        "Total Revenue": 391,
        "Gross Profit": 123,
        "Operating Income": 26,
        "EBIT": 42,
        "Net Income": 8
    },
    "2017-03-31": {
        "Diluted EPS": -0.21,
        "Total Revenue": 345,
        "Gross Profit": 107,
        "Operating Income": 8,
        "EBIT": 31,
        "Net Income": -11
    },
    "2016-12-31": {
        "Diluted EPS": 0.18,
        "Total Revenue": 390,
        "Gross Profit": 130,
        "Operating Income": 27,
        "EBIT": 49,
        "Net Income": 9
    },
    "2016-09-30": {
        "Diluted EPS": -0.62,
        "Total Revenue": 349,
        "Gross Profit": 114,
        "Operating Income": -11,
        "EBIT": 42,
        "Net Income": -32
    },
    "2016-06-30": {
        "Diluted EPS": 0.02,
        "Total Revenue": 337,
        "Gross Profit": 108,
        "Operating Income": 24,
        "EBIT": 36,
        "Net Income": 1
    },
    "2016-03-31": {
        "Diluted EPS": -0.47,
        "Total Revenue": 309,
        "Gross Profit": 98,
        "Operating Income": 9,
        "EBIT": 33,
        "Net Income": -23
    },
    "2015-12-31": {
        "Diluted EPS": -0.48,
        "Total Revenue": 359,
        "Gross Profit": 128,
        "Operating Income": -1,
        "EBIT": 55,
        "Net Income": -24
    },
    "2015-09-30": {
        "Diluted EPS": -0.17,
        "Total Revenue": 328,
        "Gross Profit": 115,
        "Operating Income": 24,
        "EBIT": 43,
        "Net Income": -9
    },
    "2015-06-30": {
        "Diluted EPS": 0.59,
        "Total Revenue": 337,
        "Gross Profit": 112,
        "Operating Income": 44,
        "EBIT": 46,
        "Net Income": 30
    },
    "2015-03-31": {
        "Diluted EPS": -0.65,
        "Total Revenue": 302,
        "Gross Profit": 92,
        "Operating Income": 5,
        "EBIT": 22,
        "Net Income": -32
    },
    "2014-12-31": {
        "Diluted EPS": -0.53,
        "Total Revenue": 340,
        "Gross Profit": 117,
        "Operating Income": 26,
        "EBIT": 25,
        "Net Income": -27
    },
    "2014-09-30": {
        "Diluted EPS": -0.1,
        "Total Revenue": 309,
        "Gross Profit": 104,
        "Operating Income": 21,
        "EBIT": 37,
        "Net Income": -5
    },
    "2014-06-30": {
        "Diluted EPS": 0.32,
        "Total Revenue": 299,
        "Gross Profit": 110,
        "Operating Income": 29,
        "EBIT": 44,
        "Net Income": 16
    },
    "2014-03-31": {
        "Diluted EPS": -0.18,
        "Total Revenue": 275,
        "Gross Profit": 93,
        "Operating Income": 12,
        "EBIT": 31,
        "Net Income": -9
    },
    "2013-12-31": {
        "Diluted EPS": -1.98,
        "Total Revenue": 221,
        "Gross Profit": 72,
        "Operating Income": -74,
        "EBIT": -35,
        "Net Income": -94
    },
    "2013-09-30": {
        "Diluted EPS": -0.45,
        "Total Revenue": 289,
        "Gross Profit": 99,
        "Operating Income": 1,
        "EBIT": 13,
        "Net Income": -21
    },
    "2013-06-30": {
        "Diluted EPS": 0.19,
        "Total Revenue": 287,
        "Gross Profit": 98,
        "Operating Income": 27,
        "EBIT": 40,
        "Net Income": 10
    },
    "2013-03-31": {
        "Diluted EPS": -0.92,
        "Total Revenue": 266,
        "Gross Profit": 88,
        "Operating Income": 11,
        "EBIT": 28,
        "Net Income": -43
    },
    "2012-12-31": {
        "Diluted EPS": -0.52,
        "Total Revenue": 198,
        "Gross Profit": 74,
        "Operating Income": -8,
        "EBIT": 33,
        "Net Income": -25
    },
    "2012-09-30": {
        "Diluted EPS": -0.31,
        "Total Revenue": 266,
        "Gross Profit": 87,
        "Operating Income": 2,
        "EBIT": 28,
        "Net Income": -14
    },
    "2012-06-30": {
        "Diluted EPS": -0.43,
        "Total Revenue": 274,
        "Gross Profit": 86,
        "Operating Income": -2,
        "EBIT": 16,
        "Net Income": -20
    },
    "2012-03-31": {
        "Diluted EPS": -0.59,
        "Total Revenue": 235,
        "Gross Profit": 59,
        "Operating Income": -11,
        "EBIT": 2,
        "Net Income": -26
    },
    "2011-12-31": {
        "Diluted EPS": -1.31,
        "Total Revenue": 245,
        "Gross Profit": 71,
        "Operating Income": -4,
        "EBIT": 19,
        "Net Income": -58
    },
    "2011-09-30": {
        "Diluted EPS": -0.45,
        "Total Revenue": 236,
        "Gross Profit": 62,
        "Operating Income": -3,
        "EBIT": 9,
        "Net Income": -20
    },
    "2011-06-30": {
        "Diluted EPS": 0.03,
        "Total Revenue": 238,
        "Gross Profit": 77,
        "Operating Income": 15,
        "EBIT": 27,
        "Net Income": 1
    },
    "2011-03-31": {
        "Diluted EPS": -0.21,
        "Total Revenue": 215,
        "Gross Profit": 57,
        "Operating Income": 3,
        "EBIT": 11,
        "Net Income": -9
    },
    "2010-12-31": {
        "Diluted EPS": 0.27,
        "Total Revenue": 204,
        "Gross Profit": 68,
        "Operating Income": 24,
        "EBIT": 33,
        "Net Income": 11
    },
    "2010-09-30": {
        "Diluted EPS": -0.25,
        "Total Revenue": 179,
        "Gross Profit": 56,
        "Operating Income": 1,
        "EBIT": 14,
        "Net Income": -11
    },
    "2010-06-30": {
        "Diluted EPS": -0.14,
        "Total Revenue": 170,
        "Gross Profit": 54,
        "Operating Income": 6,
        "EBIT": 16,
        "Net Income": -6
    },
    "2010-03-31": {
        "Diluted EPS": -0.25,
        "Total Revenue": 136,
        "Gross Profit": 39,
        "Operating Income": -1,
        "EBIT": 6,
        "Net Income": -10
    },
    "2009-12-31": {
        "Diluted EPS": -0.45,
        "Total Revenue": 140,
        "Gross Profit": 51,
        "Operating Income": 1,
        "EBIT": 16,
        "Net Income": -18
    },
    "2009-09-30": {
        "Diluted EPS": 0.0,
        "Total Revenue": 134,
        "Gross Profit": 49,
        "Operating Income": 10,
        "EBIT": 18,
        "Net Income": 0
    },
    "2009-06-30": {
        "Diluted EPS": 0.01,
        "Total Revenue": 135,
        "Gross Profit": 47,
        "Operating Income": 9,
        "EBIT": 17,
        "Net Income": 0
    },
    "2009-03-31": {
        "Diluted EPS": 0.0,
        "Total Revenue": 127,
        "Gross Profit": 41,
        "Operating Income": 2,
        "EBIT": 10,
        "Net Income": 0
    },
    "2023-06-30": {
        "Tax Effect Of Unusual Items": -2528400.0,
        "Tax Rate For Calcs": 0.21,
        "Normalized EBITDA": 66896000.0,
        "Total Unusual Items": -12040000.0,
        "Total Unusual Items Excluding Goodwill": -12040000.0,
        "Net Income From Continuing Operation Net Minority Interest": -4693000.0,
        "Reconciled Depreciation": 15968000.0,
        "Reconciled Cost Of Revenue": 421951000.0,
        "EBITDA": 54856000.0,
        "EBIT": 19368000.0,
        "Net Interest Income": -23680000.0,
        "Interest Expense": 23680000.0,
        "Normalized Income": 4818600.0,
        "Net Income From Continuing And Discontinued Operation": -4693000.0,
        "Total Expenses": 600441000.0,
        "Total Operating Income As Reported": 21262000.0,
        "Diluted Average Shares": 115400000.0,
        "Basic Average Shares": 115400000.0,
        "Diluted EPS": -0.03,
        "Basic EPS": -0.03,
        "Diluted NI Availto Com Stockholders": -4693000.0,
        "Net Income Common Stockholders": -4693000.0,
        "Otherunder Preferred Stock Dividend": NaN,
        "Net Income": -4693000.0,
        "Minority Interests": 5552000.0,
        "Net Income Including Noncontrolling Interests": -10245000.0,
        "Net Income Continuous Operations": -10245000.0,
        "Earnings From Equity Interest Net Of Tax": -216000.0,
        "Tax Provision": 5717000.0,
        "Pretax Income": -4312000.0,
        "Other Income Expense": -12456000.0,
        "Other Non Operating Income Expenses": -416000.0,
        "Special Income Charges": -10562000.0,
        "Write Off": 10562000.0,
        "Gain On Sale Of Security": -1478000.0,
        "Net Non Operating Interest Income Expense": -23680000.0,
        "Interest Expense Non Operating": 23680000.0,
        "Operating Income": 31824000.0,
        "Operating Expense": 198010000.0,
        "Depreciation Amortization Depletion Income Statement": 35488000.0,
        "Depreciation And Amortization In Income Statement": 35488000.0,
        "Selling General And Administration": 162522000.0,
        "General And Administrative Expense": 162522000.0,
        "Other Gand A": 162522000.0,
        "Gross Profit": 229834000.0,
        "Cost Of Revenue": 402431000.0,
        "Total Revenue": 632265000.0,
        "Operating Revenue": 632265000.0
    },
    "2023-09-30": {
        "Tax Effect Of Unusual Items": NaN,
        "Tax Rate For Calcs": NaN,
        "Normalized EBITDA": NaN,
        "Total Unusual Items": NaN,
        "Total Unusual Items Excluding Goodwill": NaN,
        "Net Income From Continuing Operation Net Minority Interest": NaN,
        "Reconciled Depreciation": NaN,
        "Reconciled Cost Of Revenue": NaN,
        "EBITDA": NaN,
        "EBIT": NaN,
        "Net Interest Income": NaN,
        "Interest Expense": NaN,
        "Normalized Income": NaN,
        "Net Income From Continuing And Discontinued Operation": NaN,
        "Total Expenses": NaN,
        "Total Operating Income As Reported": NaN,
        "Diluted Average Shares": 265006000.0,
        "Basic Average Shares": 110787000.0,
        "Diluted EPS": 0.002589,
        "Basic EPS": 0.01,
        "Diluted NI Availto Com Stockholders": NaN,
        "Average Dilution Earnings": 33000.0,
        "Net Income Common Stockholders": NaN,
        "Otherunder Preferred Stock Dividend": -33000.0,
        "Net Income": NaN,
        "Minority Interests": NaN,
        "Net Income Including Noncontrolling Interests": NaN,
        "Net Income Continuous Operations": NaN,
        "Earnings From Equity Interest Net Of Tax": NaN,
        "Tax Provision": NaN,
        "Pretax Income": NaN,
        "Other Income Expense": NaN,
        "Other Non Operating Income Expenses": NaN,
        "Special Income Charges": NaN,
        "Write Off": NaN,
        "Gain On Sale Of Security": NaN,
        "Net Non Operating Interest Income Expense": NaN,
        "Interest Expense Non Operating": NaN,
        "Operating Income": NaN,
        "Operating Expense": NaN,
        "Depreciation Amortization Depletion Income Statement": NaN,
        "Depreciation And Amortization In Income Statement": NaN,
        "Selling General And Administration": NaN,
        "General And Administrative Expense": NaN,
        "Other Gand A": NaN,
        "Gross Profit": NaN,
        "Cost Of Revenue": NaN,
        "Total Revenue": NaN,
        "Operating Revenue": NaN
    },
    "2023-12-31": {
        "Tax Effect Of Unusual Items": 28959686.52454,
        "Tax Rate For Calcs": 0.311394,
        "Normalized EBITDA": 131920000.0,
        "Total Unusual Items": 93000000.0,
        "Total Unusual Items Excluding Goodwill": 93000000.0,
        "Net Income From Continuing Operation Net Minority Interest": 3731000.0,
        "Reconciled Depreciation": 111689000.0,
        "Reconciled Cost Of Revenue": 343212000.0,
        "EBITDA": 224920000.0,
        "EBIT": 113231000.0,
        "Net Interest Income": -22889000.0,
        "Interest Expense": 22889000.0,
        "Normalized Income": -60309313.47546,
        "Net Income From Continuing And Discontinued Operation": 3731000.0,
        "Total Expenses": 634772000.0,
        "Total Operating Income As Reported": 19290000.0,
        "Diluted Average Shares": 117205000.0,
        "Basic Average Shares": 112769000.0,
        "Diluted EPS": 0.01,
        "Basic EPS": 0.01,
        "Diluted NI Availto Com Stockholders": 3731000.0,
        "Average Dilution Earnings": NaN,
        "Net Income Common Stockholders": 3731000.0,
        "Otherunder Preferred Stock Dividend": NaN,
        "Net Income": 3731000.0,
        "Minority Interests": -50056000.0,
        "Net Income Including Noncontrolling Interests": 53787000.0,
        "Net Income Continuous Operations": 53787000.0,
        "Earnings From Equity Interest Net Of Tax": -8423000.0,
        "Tax Provision": 28132000.0,
        "Pretax Income": 90342000.0,
        "Other Income Expense": 93108000.0,
        "Other Non Operating Income Expenses": 108000.0,
        "Special Income Charges": 93672000.0,
        "Write Off": 833000.0,
        "Gain On Sale Of Security": -672000.0,
        "Net Non Operating Interest Income Expense": -22889000.0,
        "Interest Expense Non Operating": 22889000.0,
        "Operating Income": 20123000.0,
        "Operating Expense": 214907000.0,
        "Depreciation Amortization Depletion Income Statement": 35036000.0,
        "Depreciation And Amortization In Income Statement": 35036000.0,
        "Selling General And Administration": 179871000.0,
        "General And Administrative Expense": 179871000.0,
        "Other Gand A": 179871000.0,
        "Gross Profit": 235030000.0,
        "Cost Of Revenue": 419865000.0,
        "Total Revenue": 654895000.0,
        "Operating Revenue": 654895000.0
    },
    "2024-03-31": {
        "Tax Effect Of Unusual Items": -789180.0,
        "Tax Rate For Calcs": 0.21,
        "Normalized EBITDA": 81835000.0,
        "Total Unusual Items": -3758000.0,
        "Total Unusual Items Excluding Goodwill": -3758000.0,
        "Net Income From Continuing Operation Net Minority Interest": -1282000.0,
        "Reconciled Depreciation": 55748000.0,
        "Reconciled Cost Of Revenue": 423614000.0,
        "EBITDA": 78077000.0,
        "EBIT": 22329000.0,
        "Net Interest Income": -20965000.0,
        "Interest Expense": 20965000.0,
        "Normalized Income": 1686820.0,
        "Net Income From Continuing And Discontinued Operation": -1282000.0,
        "Total Expenses": 642705000.0,
        "Total Operating Income As Reported": 25854000.0,
        "Diluted Average Shares": 116405000.0,
        "Basic Average Shares": 112633000.0,
        "Diluted EPS": -0.01,
        "Basic EPS": -0.01,
        "Diluted NI Availto Com Stockholders": -1282000.0,
        "Average Dilution Earnings": NaN,
        "Net Income Common Stockholders": -1282000.0,
        "Otherunder Preferred Stock Dividend": NaN,
        "Net Income": -1282000.0,
        "Minority Interests": -569000.0,
        "Net Income Including Noncontrolling Interests": -713000.0,
        "Net Income Continuous Operations": -713000.0,
        "Earnings From Equity Interest Net Of Tax": 508000.0,
        "Tax Provision": 2585000.0,
        "Pretax Income": 1364000.0,
        "Other Income Expense": -5025000.0,
        "Other Non Operating Income Expenses": -1267000.0,
        "Special Income Charges": -1500000.0,
        "Write Off": 1500000.0,
        "Gain On Sale Of Security": -2258000.0,
        "Net Non Operating Interest Income Expense": -20965000.0,
        "Interest Expense Non Operating": 20965000.0,
        "Operating Income": 27354000.0,
        "Operating Expense": 198179000.0,
        "Depreciation Amortization Depletion Income Statement": 34836000.0,
        "Depreciation And Amortization In Income Statement": 34836000.0,
        "Selling General And Administration": 163343000.0,
        "General And Administrative Expense": 163343000.0,
        "Other Gand A": 163343000.0,
        "Gross Profit": 225533000.0,
        "Cost Of Revenue": 444526000.0,
        "Total Revenue": 670059000.0,
        "Operating Revenue": 670059000.0
    },
    "2024-06-30": {
        "Tax Effect Of Unusual Items": -329700.0,
        "Tax Rate For Calcs": 0.21,
        "Normalized EBITDA": 82938000.0,
        "Total Unusual Items": -1570000.0,
        "Total Unusual Items Excluding Goodwill": -1570000.0,
        "Net Income From Continuing Operation Net Minority Interest": -2965000.0,
        "Reconciled Depreciation": 60623000.0,
        "Reconciled Cost Of Revenue": 420290000.0,
        "EBITDA": 81368000.0,
        "EBIT": 20745000.0,
        "Net Interest Income": -23533000.0,
        "Interest Expense": 23533000.0,
        "Normalized Income": -1724700.0,
        "Net Income From Continuing And Discontinued Operation": -2965000.0,
        "Total Expenses": 649046000.0,
        "Total Operating Income As Reported": 21907000.0,
        "Diluted Average Shares": 113484000.0,
        "Basic Average Shares": 113484000.0,
        "Diluted EPS": -0.03,
        "Basic EPS": -0.03,
        "Diluted NI Availto Com Stockholders": -2965000.0,
        "Average Dilution Earnings": NaN,
        "Net Income Common Stockholders": -2965000.0,
        "Otherunder Preferred Stock Dividend": NaN,
        "Net Income": -2965000.0,
        "Minority Interests": 989000.0,
        "Net Income Including Noncontrolling Interests": -3954000.0,
        "Net Income Continuous Operations": -3954000.0,
        "Earnings From Equity Interest Net Of Tax": -1000.0,
        "Tax Provision": 1165000.0,
        "Pretax Income": -2788000.0,
        "Other Income Expense": -1377000.0,
        "Other Non Operating Income Expenses": 193000.0,
        "Special Income Charges": -215000.0,
        "Write Off": 215000.0,
        "Gain On Sale Of Security": -1355000.0,
        "Net Non Operating Interest Income Expense": -23533000.0,
        "Interest Expense Non Operating": 23533000.0,
        "Operating Income": 22122000.0,
        "Operating Expense": 210134000.0,
        "Depreciation Amortization Depletion Income Statement": 42001000.0,
        "Depreciation And Amortization In Income Statement": 42001000.0,
        "Selling General And Administration": 168133000.0,
        "General And Administrative Expense": 168133000.0,
        "Other Gand A": 168133000.0,
        "Gross Profit": 232256000.0,
        "Cost Of Revenue": 438912000.0,
        "Total Revenue": 671168000.0,
        "Operating Revenue": 671168000.0
    },
    "2024-09-30": {
        "Tax Effect Of Unusual Items": 381792.0,
        "Tax Rate For Calcs": 0.291,
        "Normalized EBITDA": 96590000.0,
        "Total Unusual Items": 1312000.0,
        "Total Unusual Items Excluding Goodwill": 1312000.0,
        "Net Income From Continuing Operation Net Minority Interest": 3271000.0,
        "Reconciled Depreciation": 54562000.0,
        "Reconciled Cost Of Revenue": 438500000.0,
        "EBITDA": 97902000.0,
        "EBIT": 43340000.0,
        "Net Interest Income": -23781000.0,
        "Interest Expense": 23781000.0,
        "Normalized Income": 2340792.0,
        "Net Income From Continuing And Discontinued Operation": 3271000.0,
        "Total Expenses": 669502000.0,
        "Total Operating Income As Reported": 41779000.0,
        "Diluted Average Shares": 112190000.0,
        "Basic Average Shares": 108198000.0,
        "Diluted EPS": 0.03,
        "Basic EPS": 0.03,
        "Diluted NI Availto Com Stockholders": 3271000.0,
        "Average Dilution Earnings": NaN,
        "Net Income Common Stockholders": 3271000.0,
        "Otherunder Preferred Stock Dividend": NaN,
        "Net Income": 3271000.0,
        "Minority Interests": -10593000.0,
        "Net Income Including Noncontrolling Interests": 13864000.0,
        "Net Income Continuous Operations": 13864000.0,
        "Earnings From Equity Interest Net Of Tax": -4000.0,
        "Tax Provision": 5691000.0,
        "Pretax Income": 19559000.0,
        "Other Income Expense": 1561000.0,
        "Other Non Operating Income Expenses": 249000.0,
        "Special Income Charges": 0.0,
        "Write Off": 0.0,
        "Gain On Sale Of Security": 1312000.0,
        "Net Non Operating Interest Income Expense": -23781000.0,
        "Interest Expense Non Operating": 23781000.0,
        "Operating Income": 41779000.0,
        "Operating Expense": 212484000.0,
        "Depreciation Amortization Depletion Income Statement": 36044000.0,
        "Depreciation And Amortization In Income Statement": 36044000.0,
        "Selling General And Administration": 176440000.0,
        "General And Administrative Expense": 176440000.0,
        "Other Gand A": 176440000.0,
        "Gross Profit": 254263000.0,
        "Cost Of Revenue": 457018000.0,
        "Total Revenue": 711281000.0,
        "Operating Revenue": 711281000.0
    },
    "2024-12-31": {
        "Tax Effect Of Unusual Items": 123184.858076,
        "Tax Rate For Calcs": 0.190984,
        "Normalized EBITDA": 98817000.0,
        "Total Unusual Items": 645000.0,
        "Total Unusual Items Excluding Goodwill": 645000.0,
        "Net Income From Continuing Operation Net Minority Interest": 3235000.0,
        "Reconciled Depreciation": 55836000.0,
        "Reconciled Cost Of Revenue": 485457000.0,
        "EBITDA": 99462000.0,
        "EBIT": 43626000.0,
        "Net Interest Income": -24038000.0,
        "Interest Expense": 24038000.0,
        "Normalized Income": 2713184.858076,
        "Net Income From Continuing And Discontinued Operation": 3235000.0,
        "Total Expenses": 745180000.0,
        "Total Operating Income As Reported": 43528000.0,
        "Diluted Average Shares": NaN,
        "Basic Average Shares": NaN,
        "Diluted EPS": NaN,
        "Basic EPS": NaN,
        "Diluted NI Availto Com Stockholders": 3235000.0,
        "Average Dilution Earnings": NaN,
        "Net Income Common Stockholders": 3235000.0,
        "Otherunder Preferred Stock Dividend": NaN,
        "Net Income": 3235000.0,
        "Minority Interests": -12612000.0,
        "Net Income Including Noncontrolling Interests": 15847000.0,
        "Net Income Continuous Operations": 15847000.0,
        "Earnings From Equity Interest Net Of Tax": 0.0,
        "Tax Provision": 3741000.0,
        "Pretax Income": 19588000.0,
        "Other Income Expense": 98000.0,
        "Other Non Operating Income Expenses": -547000.0,
        "Special Income Charges": 0.0,
        "Write Off": 0.0,
        "Gain On Sale Of Security": 645000.0,
        "Net Non Operating Interest Income Expense": -24038000.0,
        "Interest Expense Non Operating": 24038000.0,
        "Operating Income": 43528000.0,
        "Operating Expense": 242658000.0,
        "Depreciation Amortization Depletion Income Statement": 38771000.0,
        "Depreciation And Amortization In Income Statement": 38771000.0,
        "Selling General And Administration": 203887000.0,
        "General And Administrative Expense": 203887000.0,
        "Other Gand A": 203887000.0,
        "Gross Profit": 286186000.0,
        "Cost Of Revenue": 502522000.0,
        "Total Revenue": 788708000.0,
        "Operating Revenue": 788708000.0
    }
}