{
    "2023-03-31": {
        "Tax Effect Of Unusual Items": 0.0,
        "Tax Rate For Calcs": 0.0,
        "Normalized EBITDA": -8751000.0,
        "Net Income From Continuing Operation Net Minority Interest": -10520000.0,
        "Reconciled Depreciation": 516000.0,
        "Reconciled Cost Of Revenue": 4144000.0,
        "EBITDA": -8751000.0,
        "EBIT": -9267000.0,
        "Net Interest Income": -1253000.0,
        "Interest Expense": 1253000.0,
        "Normalized Income": -10520000.0,
        "Net Income From Continuing And Discontinued Operation": -10520000.0,
        "Total Expenses": 25447000.0,
        "Total Operating Income As Reported": -9907000.0,
        "Diluted Average Shares": 28034000.0,
        "Basic Average Shares": 28034000.0,
        "Diluted EPS": -0.38,
        "Basic EPS": -0.38,
        "Diluted NI Availto Com Stockholders": -10520000.0,
        "Net Income Common Stockholders": -10520000.0,
        "Net Income": -10520000.0,
        "Net Income Including Noncontrolling Interests": -10520000.0,
        "Net Income Continuous Operations": -10520000.0,
        "Pretax Income": -10520000.0,
        "Other Income Expense": 640000.0,
        "Other Non Operating Income Expenses": 640000.0,
        "Net Non Operating Interest Income Expense": -1253000.0,
        "Interest Expense Non Operating": 1253000.0,
        "Operating Income": -9907000.0,
        "Operating Expense": 21303000.0,
        "Research And Development": 2790000.0,
        "Selling General And Administration": 18513000.0,
        "Selling And Marketing Expense": 11902000.0,
        "General And Administrative Expense": 6611000.0,
        "Other Gand A": 6611000.0,
        "Gross Profit": 11396000.0,
        "Cost Of Revenue": 4144000.0,
        "Total Revenue": 15540000.0,
        "Operating Revenue": 15540000.0
    },
    "2022-12-31": {
        "Tax Effect Of Unusual Items": 0.0,
        "Tax Rate For Calcs": 0.0,
        "Normalized EBITDA": -10074000.0,
        "Net Income From Continuing Operation Net Minority Interest": -8290000.0,
        "Reconciled Depreciation": 604000.0,
        "Reconciled Cost Of Revenue": 4390000.0,
        "EBITDA": -10074000.0,
        "EBIT": -10678000.0,
        "Net Interest Income": -1212000.0,
        "Interest Expense": -2388000.0,
        "Normalized Income": -8290000.0,
        "Net Income From Continuing And Discontinued Operation": -8290000.0,
        "Total Expenses": 25925000.0,
        "Total Operating Income As Reported": -7727000.0,
        "Diluted Average Shares": 27207000.0,
        "Basic Average Shares": 27207000.0,
        "Diluted EPS": -0.3,
        "Basic EPS": -0.3,
        "Diluted NI Availto Com Stockholders": -8290000.0,
        "Net Income Common Stockholders": -8290000.0,
        "Net Income": -8290000.0,
        "Net Income Including Noncontrolling Interests": -8290000.0,
        "Net Income Continuous Operations": -8290000.0,
        "Pretax Income": -8290000.0,
        "Other Income Expense": 649000.0,
        "Other Non Operating Income Expenses": 649000.0,
        "Net Non Operating Interest Income Expense": -1212000.0,
        "Interest Expense Non Operating": -2388000.0,
        "Operating Income": -7727000.0,
        "Operating Expense": 21535000.0,
        "Research And Development": 3139000.0,
        "Selling General And Administration": 18396000.0,
        "Selling And Marketing Expense": 12005000.0,
        "General And Administrative Expense": 6391000.0,
        "Other Gand A": 6391000.0,
        "Gross Profit": 13808000.0,
        "Cost Of Revenue": 4390000.0,
        "Total Revenue": 18198000.0,
        "Operating Revenue": 18198000.0
    },
    "2022-09-30": {
        "Tax Effect Of Unusual Items": 0.0,
        "Tax Rate For Calcs": 0.0,
        "Normalized EBITDA": -6161000.0,
        "Net Income From Continuing Operation Net Minority Interest": -7609000.0,
        "Reconciled Depreciation": 387000.0,
        "Reconciled Cost Of Revenue": 3570000.0,
        "EBITDA": -6161000.0,
        "EBIT": -6548000.0,
        "Net Interest Income": -1061000.0,
        "Interest Expense": 1061000.0,
        "Normalized Income": -7609000.0,
        "Net Income From Continuing And Discontinued Operation": -7609000.0,
        "Total Expenses": 23952000.0,
        "Total Operating Income As Reported": -7454000.0,
        "Diluted Average Shares": 26965000.0,
        "Basic Average Shares": 26965000.0,
        "Diluted EPS": -0.28,
        "Basic EPS": -0.28,
        "Diluted NI Availto Com Stockholders": -7609000.0,
        "Net Income Common Stockholders": -7609000.0,
        "Net Income": -7609000.0,
        "Net Income Including Noncontrolling Interests": -7609000.0,
        "Net Income Continuous Operations": -7609000.0,
        "Pretax Income": -7609000.0,
        "Other Income Expense": 906000.0,
        "Other Non Operating Income Expenses": 906000.0,
        "Net Non Operating Interest Income Expense": -1061000.0,
        "Interest Expense Non Operating": 1061000.0,
        "Operating Income": -7454000.0,
        "Operating Expense": 20382000.0,
        "Research And Development": 2348000.0,
        "Selling General And Administration": 18034000.0,
        "Selling And Marketing Expense": 11643000.0,
        "General And Administrative Expense": 6391000.0,
        "Other Gand A": 6391000.0,
        "Gross Profit": 12928000.0,
        "Cost Of Revenue": 3570000.0,
        "Total Revenue": 16498000.0,
        "Operating Revenue": 16498000.0
    },
    "2022-06-30": {
        "Tax Effect Of Unusual Items": 0.0,
        "Tax Rate For Calcs": 0.0,
        "Normalized EBITDA": -9422000.0,
        "Net Income From Continuing Operation Net Minority Interest": -10422000.0,
        "Reconciled Depreciation": 338000.0,
        "Reconciled Cost Of Revenue": 4039000.0,
        "EBITDA": -9422000.0,
        "EBIT": -9422000.0,
        "Net Interest Income": -1000000.0,
        "Interest Expense": 1000000.0,
        "Normalized Income": -10422000.0,
        "Net Income From Continuing And Discontinued Operation": -10422000.0,
        "Total Expenses": 26125000.0,
        "Total Operating Income As Reported": -9796000.0,
        "Diluted Average Shares": 26787000.0,
        "Basic Average Shares": 26787000.0,
        "Diluted EPS": -0.39,
        "Basic EPS": -0.39,
        "Diluted NI Availto Com Stockholders": -10422000.0,
        "Net Income Common Stockholders": -10422000.0,
        "Net Income": -10422000.0,
        "Net Income Including Noncontrolling Interests": -10422000.0,
        "Net Income Continuous Operations": -10422000.0,
        "Pretax Income": -10422000.0,
        "Other Income Expense": 374000.0,
        "Other Non Operating Income Expenses": 374000.0,
        "Net Non Operating Interest Income Expense": -1000000.0,
        "Interest Expense Non Operating": 1000000.0,
        "Operating Income": -9796000.0,
        "Operating Expense": 22086000.0,
        "Research And Development": 2045000.0,
        "Selling General And Administration": 20041000.0,
        "Selling And Marketing Expense": 13685000.0,
        "General And Administrative Expense": 6356000.0,
        "Other Gand A": 6356000.0,
        "Gross Profit": 12290000.0,
        "Cost Of Revenue": 4039000.0,
        "Total Revenue": 16329000.0,
        "Operating Revenue": 16329000.0
    },
    "2022-03-31": {
        "Diluted EPS": -0.41,
        "Total Revenue": 14,
        "Gross Profit": 11,
        "Operating Income": -10,
        "EBIT": -10,
        "Net Income": -11
    },
    "2021-12-31": {
        "Diluted EPS": -0.31,
        "Total Revenue": 15,
        "Gross Profit": 11,
        "Operating Income": -7,
        "EBIT": -7,
        "Net Income": -8
    },
    "2021-09-30": {
        "Diluted EPS": -0.31,
        "Total Revenue": 14,
        "Gross Profit": 11,
        "Operating Income": -7,
        "EBIT": -7,
        "Net Income": -8
    },
    "2021-06-30": {
        "Diluted EPS": -0.29,
        "Total Revenue": 14,
        "Gross Profit": 11,
        "Operating Income": -7,
        "EBIT": -6,
        "Net Income": -8
    },
    "2021-03-31": {
        "Diluted EPS": -0.31,
        "Total Revenue": 12,
        "Gross Profit": 10,
        "Operating Income": -7,
        "EBIT": -7,
        "Net Income": -8
    },
    "2020-12-31": {
        "Diluted EPS": -0.19,
        "Total Revenue": 16,
        "Gross Profit": 12,
        "Operating Income": -3,
        "EBIT": -2,
        "Net Income": -4
    },
    "2020-09-30": {
        "Diluted EPS": -0.18,
        "Total Revenue": 12,
        "Gross Profit": 10,
        "Operating Income": -2,
        "EBIT": -2,
        "Net Income": -3
    },
    "2020-06-30": {
        "Diluted EPS": -0.41,
        "Total Revenue": 10,
        "Gross Profit": 7,
        "Operating Income": -7,
        "EBIT": -7,
        "Net Income": -8
    },
    "2020-03-31": {
        "Diluted EPS": -0.68,
        "Total Revenue": 11,
        "Gross Profit": 9,
        "Operating Income": -10,
        "EBIT": -10,
        "Net Income": -13
    },
    "2019-12-31": {
        "Diluted EPS": -0.4,
        "Total Revenue": 17,
        "Gross Profit": 13,
        "Operating Income": -7,
        "EBIT": -7,
        "Net Income": -8
    },
    "2019-09-30": {
        "Diluted EPS": -0.37,
        "Total Revenue": 16,
        "Gross Profit": 12,
        "Operating Income": -6,
        "EBIT": -6,
        "Net Income": -7
    },
    "2019-06-30": {
        "Diluted EPS": -0.39,
        "Total Revenue": 17,
        "Gross Profit": 12,
        "Operating Income": -7,
        "EBIT": -6,
        "Net Income": -7
    },
    "2019-03-31": {
        "Diluted EPS": -0.42,
        "Total Revenue": 13,
        "Gross Profit": 10,
        "Operating Income": -7,
        "EBIT": -7,
        "Net Income": -8
    },
    "2018-12-31": {
        "Diluted EPS": 52.63,
        "Total Revenue": 16,
        "Gross Profit": 12,
        "Operating Income": -6,
        "EBIT": -5,
        "Net Income": -6
    },
    "2018-09-30": {
        "Diluted EPS": -0.29,
        "Total Revenue": 14,
        "Gross Profit": 11,
        "Operating Income": -4,
        "EBIT": -4,
        "Net Income": -5
    },
    "2018-06-30": {
        "Diluted EPS": -30.6,
        "Total Revenue": 13,
        "Gross Profit": 10,
        "Operating Income": -5,
        "EBIT": -5,
        "Net Income": -7
    },
    "2018-03-31": {
        "Diluted EPS": -24.43,
        "Total Revenue": 10,
        "Gross Profit": 8,
        "Operating Income": -5,
        "EBIT": -4,
        "Net Income": -5
    },
    "2017-12-31": {
        "Diluted EPS": 0.0,
        "Total Revenue": NaN,
        "Gross Profit": NaN,
        "Operating Income": NaN,
        "EBIT": NaN,
        "Net Income": NaN
    },
    "2017-09-30": {
        "Diluted EPS": -19.35,
        "Total Revenue": 10,
        "Gross Profit": 8,
        "Operating Income": -3,
        "EBIT": -3,
        "Net Income": -4
    },
    "2017-06-30": {
        "Diluted EPS": -16.58,
        "Total Revenue": 10,
        "Gross Profit": 8,
        "Operating Income": -3,
        "EBIT": -3,
        "Net Income": -3
    },
    "2016-12-31": {
        "Diluted EPS": 0.0,
        "Total Revenue": NaN,
        "Gross Profit": NaN,
        "Operating Income": NaN,
        "EBIT": NaN,
        "Net Income": NaN
    },
    "2023-06-30": {
        "Tax Effect Of Unusual Items": 0.0,
        "Tax Rate For Calcs": 0.0,
        "Normalized EBITDA": -3269000.0,
        "Net Income From Continuing Operation Net Minority Interest": -4901000.0,
        "Reconciled Depreciation": 488000.0,
        "Reconciled Cost Of Revenue": 4836000.0,
        "EBITDA": -3269000.0,
        "EBIT": -3757000.0,
        "Net Interest Income": -1144000.0,
        "Interest Expense": 1144000.0,
        "Normalized Income": -4901000.0,
        "Net Income From Continuing And Discontinued Operation": -4901000.0,
        "Total Expenses": 24959000.0,
        "Total Operating Income As Reported": -7349000.0,
        "Diluted Average Shares": 28590000.0,
        "Basic Average Shares": 28590000.0,
        "Diluted EPS": -0.17,
        "Basic EPS": -0.17,
        "Diluted NI Availto Com Stockholders": -4901000.0,
        "Net Income Common Stockholders": -4901000.0,
        "Net Income": -4901000.0,
        "Net Income Including Noncontrolling Interests": -4901000.0,
        "Net Income Continuous Operations": -4901000.0,
        "Pretax Income": -4901000.0,
        "Other Income Expense": 3592000.0,
        "Other Non Operating Income Expenses": 3592000.0,
        "Net Non Operating Interest Income Expense": -1144000.0,
        "Interest Expense Non Operating": 1144000.0,
        "Operating Income": -7349000.0,
        "Operating Expense": 20123000.0,
        "Research And Development": 2364000.0,
        "Selling General And Administration": 17759000.0,
        "Selling And Marketing Expense": 11559000.0,
        "General And Administrative Expense": 6200000.0,
        "Other Gand A": 6200000.0,
        "Gross Profit": 12774000.0,
        "Cost Of Revenue": 4836000.0,
        "Total Revenue": 17610000.0,
        "Operating Revenue": 17610000.0
    },
    "2023-09-30": {
        "Tax Effect Of Unusual Items": NaN,
        "Tax Rate For Calcs": NaN,
        "Normalized EBITDA": NaN,
        "Total Unusual Items": 0.0,
        "Total Unusual Items Excluding Goodwill": 0.0,
        "Net Income From Continuing Operation Net Minority Interest": NaN,
        "Reconciled Depreciation": NaN,
        "Reconciled Cost Of Revenue": NaN,
        "EBITDA": NaN,
        "EBIT": NaN,
        "Net Interest Income": NaN,
        "Interest Expense": NaN,
        "Normalized Income": NaN,
        "Net Income From Continuing And Discontinued Operation": NaN,
        "Total Expenses": NaN,
        "Total Operating Income As Reported": NaN,
        "Diluted Average Shares": NaN,
        "Basic Average Shares": NaN,
        "Diluted EPS": NaN,
        "Basic EPS": NaN,
        "Diluted NI Availto Com Stockholders": NaN,
        "Net Income Common Stockholders": NaN,
        "Net Income": NaN,
        "Minority Interests": NaN,
        "Net Income Including Noncontrolling Interests": NaN,
        "Net Income Continuous Operations": NaN,
        "Pretax Income": NaN,
        "Other Income Expense": NaN,
        "Other Non Operating Income Expenses": NaN,
        "Special Income Charges": 0.0,
        "Other Special Charges": NaN,
        "Net Non Operating Interest Income Expense": NaN,
        "Interest Expense Non Operating": NaN,
        "Operating Income": NaN,
        "Operating Expense": NaN,
        "Research And Development": NaN,
        "Selling General And Administration": NaN,
        "Selling And Marketing Expense": NaN,
        "General And Administrative Expense": NaN,
        "Other Gand A": NaN,
        "Gross Profit": NaN,
        "Cost Of Revenue": NaN,
        "Total Revenue": NaN,
        "Operating Revenue": NaN
    },
    "2023-12-31": {
        "Tax Effect Of Unusual Items": 0.0,
        "Tax Rate For Calcs": 0.0,
        "Normalized EBITDA": -3630000.0,
        "Total Unusual Items": NaN,
        "Total Unusual Items Excluding Goodwill": NaN,
        "Net Income From Continuing Operation Net Minority Interest": -5377000.0,
        "Reconciled Depreciation": 503000.0,
        "Reconciled Cost Of Revenue": 4543000.0,
        "EBITDA": -3630000.0,
        "EBIT": -4133000.0,
        "Net Interest Income": -1820000.0,
        "Interest Expense": 1220000.0,
        "Normalized Income": -5377000.0,
        "Net Income From Continuing And Discontinued Operation": -5377000.0,
        "Total Expenses": 24741000.0,
        "Total Operating Income As Reported": -4427000.0,
        "Diluted Average Shares": 29048000.0,
        "Basic Average Shares": 29048000.0,
        "Diluted EPS": -0.19,
        "Basic EPS": -0.19,
        "Diluted NI Availto Com Stockholders": -5377000.0,
        "Net Income Common Stockholders": -5377000.0,
        "Net Income": -5377000.0,
        "Net Income Including Noncontrolling Interests": -5353000.0,
        "Net Income Continuous Operations": -5353000.0,
        "Pretax Income": -5353000.0,
        "Other Income Expense": 894000.0,
        "Other Non Operating Income Expenses": 894000.0,
        "Special Income Charges": NaN,
        "Other Special Charges": NaN,
        "Net Non Operating Interest Income Expense": -1820000.0,
        "Interest Expense Non Operating": 1220000.0,
        "Operating Income": -4427000.0,
        "Operating Expense": 20198000.0,
        "Research And Development": 2207000.0,
        "Selling General And Administration": 17991000.0,
        "Selling And Marketing Expense": 11716000.0,
        "General And Administrative Expense": 6275000.0,
        "Other Gand A": 6275000.0,
        "Gross Profit": 15771000.0,
        "Cost Of Revenue": 4543000.0,
        "Total Revenue": 20314000.0,
        "Operating Revenue": 20314000.0
    },
    "2024-03-31": {
        "Tax Effect Of Unusual Items": NaN,
        "Tax Rate For Calcs": NaN,
        "Normalized EBITDA": NaN,
        "Total Unusual Items": NaN,
        "Total Unusual Items Excluding Goodwill": NaN,
        "Net Income From Continuing Operation Net Minority Interest": NaN,
        "Reconciled Depreciation": NaN,
        "Reconciled Cost Of Revenue": NaN,
        "EBITDA": NaN,
        "EBIT": NaN,
        "Net Interest Income": NaN,
        "Interest Expense": NaN,
        "Normalized Income": NaN,
        "Net Income From Continuing And Discontinued Operation": NaN,
        "Total Expenses": NaN,
        "Total Operating Income As Reported": NaN,
        "Diluted Average Shares": NaN,
        "Basic Average Shares": NaN,
        "Diluted EPS": NaN,
        "Basic EPS": NaN,
        "Diluted NI Availto Com Stockholders": NaN,
        "Net Income Common Stockholders": NaN,
        "Net Income": NaN,
        "Minority Interests": 0.0,
        "Net Income Including Noncontrolling Interests": NaN,
        "Net Income Continuous Operations": NaN,
        "Pretax Income": NaN,
        "Other Income Expense": NaN,
        "Other Non Operating Income Expenses": NaN,
        "Special Income Charges": NaN,
        "Other Special Charges": NaN,
        "Net Non Operating Interest Income Expense": NaN,
        "Total Other Finance Cost": NaN,
        "Interest Expense Non Operating": NaN,
        "Operating Income": NaN,
        "Operating Expense": NaN,
        "Research And Development": NaN,
        "Selling General And Administration": NaN,
        "Selling And Marketing Expense": NaN,
        "General And Administrative Expense": NaN,
        "Other Gand A": NaN,
        "Gross Profit": NaN,
        "Cost Of Revenue": NaN,
        "Total Revenue": NaN,
        "Operating Revenue": NaN
    },
    "2024-06-30": {
        "Tax Effect Of Unusual Items": NaN,
        "Tax Rate For Calcs": NaN,
        "Normalized EBITDA": NaN,
        "Total Unusual Items": NaN,
        "Total Unusual Items Excluding Goodwill": NaN,
        "Net Income From Continuing Operation Net Minority Interest": NaN,
        "Reconciled Depreciation": NaN,
        "Reconciled Cost Of Revenue": NaN,
        "EBITDA": NaN,
        "EBIT": NaN,
        "Net Interest Income": NaN,
        "Interest Expense": NaN,
        "Normalized Income": NaN,
        "Net Income From Continuing And Discontinued Operation": NaN,
        "Total Expenses": NaN,
        "Total Operating Income As Reported": NaN,
        "Diluted Average Shares": NaN,
        "Basic Average Shares": NaN,
        "Diluted EPS": NaN,
        "Basic EPS": NaN,
        "Diluted NI Availto Com Stockholders": NaN,
        "Net Income Common Stockholders": NaN,
        "Net Income": NaN,
        "Minority Interests": 0.0,
        "Net Income Including Noncontrolling Interests": NaN,
        "Net Income Continuous Operations": NaN,
        "Pretax Income": NaN,
        "Other Income Expense": NaN,
        "Other Non Operating Income Expenses": NaN,
        "Special Income Charges": NaN,
        "Other Special Charges": NaN,
        "Net Non Operating Interest Income Expense": NaN,
        "Total Other Finance Cost": NaN,
        "Interest Expense Non Operating": NaN,
        "Operating Income": NaN,
        "Operating Expense": NaN,
        "Research And Development": NaN,
        "Selling General And Administration": NaN,
        "Selling And Marketing Expense": NaN,
        "General And Administrative Expense": NaN,
        "Other Gand A": NaN,
        "Gross Profit": NaN,
        "Cost Of Revenue": NaN,
        "Total Revenue": NaN,
        "Operating Revenue": NaN
    },
    "2024-09-30": {
        "Tax Effect Of Unusual Items": 0.0,
        "Tax Rate For Calcs": 0.0,
        "Normalized EBITDA": -6777000.0,
        "Total Unusual Items": -4427000.0,
        "Total Unusual Items Excluding Goodwill": -4427000.0,
        "Net Income From Continuing Operation Net Minority Interest": -13341000.0,
        "Reconciled Depreciation": 512000.0,
        "Reconciled Cost Of Revenue": 4529000.0,
        "EBITDA": -11204000.0,
        "EBIT": -11716000.0,
        "Net Interest Income": -1700000.0,
        "Interest Expense": 1600000.0,
        "Normalized Income": -8914000.0,
        "Net Income From Continuing And Discontinued Operation": -13341000.0,
        "Total Expenses": 26258000.0,
        "Total Operating Income As Reported": -7728000.0,
        "Diluted Average Shares": 30267000.0,
        "Basic Average Shares": 30267000.0,
        "Diluted EPS": -0.44,
        "Basic EPS": -0.44,
        "Diluted NI Availto Com Stockholders": -13341000.0,
        "Net Income Common Stockholders": -13341000.0,
        "Net Income": -13341000.0,
        "Minority Interests": NaN,
        "Net Income Including Noncontrolling Interests": -13316000.0,
        "Net Income Continuous Operations": -13316000.0,
        "Pretax Income": -13316000.0,
        "Other Income Expense": -3888000.0,
        "Other Non Operating Income Expenses": 539000.0,
        "Special Income Charges": -4427000.0,
        "Other Special Charges": 4427000.0,
        "Net Non Operating Interest Income Expense": -1700000.0,
        "Total Other Finance Cost": 100000.0,
        "Interest Expense Non Operating": 1600000.0,
        "Operating Income": -7728000.0,
        "Operating Expense": 21729000.0,
        "Research And Development": 2416000.0,
        "Selling General And Administration": 19313000.0,
        "Selling And Marketing Expense": 11877000.0,
        "General And Administrative Expense": 7436000.0,
        "Other Gand A": 7436000.0,
        "Gross Profit": 14001000.0,
        "Cost Of Revenue": 4529000.0,
        "Total Revenue": 18530000.0,
        "Operating Revenue": 18530000.0
    },
    "2024-12-31": {
        "Tax Effect Of Unusual Items": 0.0,
        "Tax Rate For Calcs": 0.0,
        "Normalized EBITDA": -10678000.0,
        "Total Unusual Items": 0.0,
        "Total Unusual Items Excluding Goodwill": 0.0,
        "Net Income From Continuing Operation Net Minority Interest": -12662000.0,
        "Reconciled Depreciation": 446000.0,
        "Reconciled Cost Of Revenue": 7600000.0,
        "EBITDA": -10678000.0,
        "EBIT": -11124000.0,
        "Net Interest Income": -1800000.0,
        "Interest Expense": 1600000.0,
        "Normalized Income": -12662000.0,
        "Net Income From Continuing And Discontinued Operation": -12662000.0,
        "Total Expenses": 33965000.0,
        "Total Operating Income As Reported": -11472000.0,
        "Diluted Average Shares": 36674000.0,
        "Basic Average Shares": 36674000.0,
        "Diluted EPS": -0.33,
        "Basic EPS": -0.33,
        "Diluted NI Availto Com Stockholders": -12662000.0,
        "Net Income Common Stockholders": -12662000.0,
        "Net Income": -12662000.0,
        "Minority Interests": NaN,
        "Net Income Including Noncontrolling Interests": -12724000.0,
        "Net Income Continuous Operations": -12724000.0,
        "Pretax Income": -12724000.0,
        "Other Income Expense": 548000.0,
        "Other Non Operating Income Expenses": 548000.0,
        "Special Income Charges": 0.0,
        "Other Special Charges": 0.0,
        "Net Non Operating Interest Income Expense": -1800000.0,
        "Total Other Finance Cost": 200000.0,
        "Interest Expense Non Operating": 1600000.0,
        "Operating Income": -11472000.0,
        "Operating Expense": 26365000.0,
        "Research And Development": 5772000.0,
        "Selling General And Administration": 20593000.0,
        "Selling And Marketing Expense": 9811000.0,
        "General And Administrative Expense": 10782000.0,
        "Other Gand A": 10782000.0,
        "Gross Profit": 14893000.0,
        "Cost Of Revenue": 7600000.0,
        "Total Revenue": 22493000.0,
        "Operating Revenue": 22493000.0
    },
    "2025-03-31": {
        "Tax Effect Of Unusual Items": 0.0,
        "Tax Rate For Calcs": 0.0,
        "Normalized EBITDA": -10056000.0,
        "Total Unusual Items": NaN,
        "Total Unusual Items Excluding Goodwill": NaN,
        "Net Income From Continuing Operation Net Minority Interest": -12675000.0,
        "Reconciled Depreciation": 911000.0,
        "Reconciled Cost Of Revenue": 16237000.0,
        "EBITDA": -10056000.0,
        "EBIT": -10967000.0,
        "Net Interest Income": -1900000.0,
        "Interest Expense": 1700000.0,
        "Normalized Income": -12675000.0,
        "Net Income From Continuing And Discontinued Operation": -12675000.0,
        "Total Expenses": 42989000.0,
        "Total Operating Income As Reported": -11014000.0,
        "Diluted Average Shares": 61465000.0,
        "Basic Average Shares": 61465000.0,
        "Diluted EPS": -0.21,
        "Basic EPS": -0.21,
        "Diluted NI Availto Com Stockholders": -12675000.0,
        "Net Income Common Stockholders": -12675000.0,
        "Net Income": -12675000.0,
        "Minority Interests": 14000.0,
        "Net Income Including Noncontrolling Interests": -12667000.0,
        "Net Income Continuous Operations": -12667000.0,
        "Pretax Income": -12667000.0,
        "Other Income Expense": 247000.0,
        "Other Non Operating Income Expenses": 247000.0,
        "Special Income Charges": NaN,
        "Other Special Charges": NaN,
        "Net Non Operating Interest Income Expense": -1900000.0,
        "Total Other Finance Cost": 200000.0,
        "Interest Expense Non Operating": 1700000.0,
        "Operating Income": -11014000.0,
        "Operating Expense": 26752000.0,
        "Research And Development": 1616000.0,
        "Selling General And Administration": 25136000.0,
        "Selling And Marketing Expense": 11999000.0,
        "General And Administrative Expense": 13137000.0,
        "Other Gand A": 13137000.0,
        "Gross Profit": 15738000.0,
        "Cost Of Revenue": 16237000.0,
        "Total Revenue": 31975000.0,
        "Operating Revenue": 31975000.0
    },
    "2025-06-30": {
        "Tax Effect Of Unusual Items": 0.0,
        "Tax Rate For Calcs": 0.0,
        "Normalized EBITDA": -7169000.0,
        "Total Unusual Items": NaN,
        "Total Unusual Items Excluding Goodwill": NaN,
        "Net Income From Continuing Operation Net Minority Interest": -10120000.0,
        "Reconciled Depreciation": 901000.0,
        "Reconciled Cost Of Revenue": 20350000.0,
        "EBITDA": -7169000.0,
        "EBIT": -8070000.0,
        "Net Interest Income": -2000000.0,
        "Interest Expense": 1800000.0,
        "Normalized Income": -10120000.0,
        "Net Income From Continuing And Discontinued Operation": -10120000.0,
        "Total Expenses": 46166000.0,
        "Total Operating Income As Reported": -8058000.0,
        "Diluted Average Shares": 66180000.0,
        "Basic Average Shares": 66180000.0,
        "Diluted EPS": -0.15,
        "Basic EPS": -0.15,
        "Diluted NI Availto Com Stockholders": -10120000.0,
        "Net Income Common Stockholders": -10120000.0,
        "Net Income": -10120000.0,
        "Minority Interests": -281000.0,
        "Net Income Including Noncontrolling Interests": -9870000.0,
        "Net Income Continuous Operations": -9870000.0,
        "Pretax Income": -9870000.0,
        "Other Income Expense": 188000.0,
        "Other Non Operating Income Expenses": 188000.0,
        "Special Income Charges": NaN,
        "Other Special Charges": NaN,
        "Net Non Operating Interest Income Expense": -2000000.0,
        "Total Other Finance Cost": 200000.0,
        "Interest Expense Non Operating": 1800000.0,
        "Operating Income": -8058000.0,
        "Operating Expense": 25816000.0,
        "Research And Development": 1798000.0,
        "Selling General And Administration": 24018000.0,
        "Selling And Marketing Expense": 11868000.0,
        "General And Administrative Expense": 12150000.0,
        "Other Gand A": 12150000.0,
        "Gross Profit": 17758000.0,
        "Cost Of Revenue": 20350000.0,
        "Total Revenue": 38108000.0,
        "Operating Revenue": 38108000.0
    },
    "2025-09-30": {
        "Tax Effect Of Unusual Items": 0.0,
        "Tax Rate For Calcs": 0.0,
        "Normalized EBITDA": -6509000.0,
        "Total Unusual Items": 0.0,
        "Total Unusual Items Excluding Goodwill": 0.0,
        "Net Income From Continuing Operation Net Minority Interest": -9045000.0,
        "Reconciled Depreciation": 886000.0,
        "Reconciled Cost Of Revenue": 20189000.0,
        "EBITDA": -6509000.0,
        "EBIT": -7395000.0,
        "Net Interest Income": -2200000.0,
        "Interest Expense": 2000000.0,
        "Normalized Income": -9045000.0,
        "Net Income From Continuing And Discontinued Operation": -9045000.0,
        "Total Expenses": 44618000.0,
        "Total Operating Income As Reported": -7321000.0,
        "Diluted Average Shares": 67309000.0,
        "Basic Average Shares": 67309000.0,
        "Diluted EPS": -0.13,
        "Basic EPS": -0.13,
        "Diluted NI Availto Com Stockholders": -9045000.0,
        "Net Income Common Stockholders": -9045000.0,
        "Net Income": -9045000.0,
        "Minority Interests": 356000.0,
        "Net Income Including Noncontrolling Interests": -9395000.0,
        "Net Income Continuous Operations": -9395000.0,
        "Pretax Income": -9395000.0,
        "Other Income Expense": 126000.0,
        "Other Non Operating Income Expenses": 126000.0,
        "Special Income Charges": 0.0,
        "Other Special Charges": NaN,
        "Net Non Operating Interest Income Expense": -2200000.0,
        "Total Other Finance Cost": 200000.0,
        "Interest Expense Non Operating": 2000000.0,
        "Operating Income": -7321000.0,
        "Operating Expense": 24429000.0,
        "Research And Development": 1504000.0,
        "Selling General And Administration": 22925000.0,
        "Selling And Marketing Expense": 11848000.0,
        "General And Administrative Expense": 11077000.0,
        "Other Gand A": 11077000.0,
        "Gross Profit": 17108000.0,
        "Cost Of Revenue": 20189000.0,
        "Total Revenue": 37297000.0,
        "Operating Revenue": 37297000.0
    }
}