{
    "2023-03-31": {
        "Tax Effect Of Unusual Items": NaN,
        "Tax Rate For Calcs": NaN,
        "Normalized EBITDA": NaN,
        "Total Unusual Items": NaN,
        "Total Unusual Items Excluding Goodwill": NaN,
        "Net Income From Continuing Operation Net Minority Interest": NaN,
        "Reconciled Depreciation": NaN,
        "Reconciled Cost Of Revenue": NaN,
        "EBITDA": NaN,
        "EBIT": NaN,
        "Net Interest Income": NaN,
        "Interest Expense": NaN,
        "Normalized Income": NaN,
        "Net Income From Continuing And Discontinued Operation": NaN,
        "Total Expenses": NaN,
        "Total Operating Income As Reported": NaN,
        "Diluted Average Shares": NaN,
        "Basic Average Shares": NaN,
        "Diluted EPS": NaN,
        "Basic EPS": NaN,
        "Diluted NI Availto Com Stockholders": NaN,
        "Net Income Common Stockholders": NaN,
        "Preferred Stock Dividends": NaN,
        "Net Income": NaN,
        "Net Income Including Noncontrolling Interests": NaN,
        "Net Income Discontinuous Operations": NaN,
        "Net Income Continuous Operations": NaN,
        "Tax Provision": NaN,
        "Pretax Income": NaN,
        "Other Income Expense": NaN,
        "Other Non Operating Income Expenses": -42000.0,
        "Gain On Sale Of Security": NaN,
        "Net Non Operating Interest Income Expense": NaN,
        "Interest Expense Non Operating": NaN,
        "Operating Income": NaN,
        "Operating Expense": NaN,
        "Other Operating Expenses": NaN,
        "Depreciation Amortization Depletion Income Statement": NaN,
        "Depreciation And Amortization In Income Statement": NaN,
        "Amortization": NaN,
        "Amortization Of Intangibles Income Statement": NaN,
        "Selling General And Administration": NaN,
        "Gross Profit": NaN,
        "Cost Of Revenue": NaN,
        "Total Revenue": NaN,
        "Operating Revenue": NaN
    },
    "2022-12-31": {
        "Tax Effect Of Unusual Items": NaN,
        "Tax Rate For Calcs": NaN,
        "Normalized EBITDA": NaN,
        "Total Unusual Items": NaN,
        "Total Unusual Items Excluding Goodwill": NaN,
        "Net Income From Continuing Operation Net Minority Interest": NaN,
        "Reconciled Depreciation": NaN,
        "Reconciled Cost Of Revenue": NaN,
        "EBITDA": NaN,
        "EBIT": NaN,
        "Net Interest Income": NaN,
        "Interest Expense": NaN,
        "Normalized Income": NaN,
        "Net Income From Continuing And Discontinued Operation": NaN,
        "Total Expenses": NaN,
        "Total Operating Income As Reported": NaN,
        "Diluted Average Shares": NaN,
        "Basic Average Shares": NaN,
        "Diluted EPS": NaN,
        "Basic EPS": NaN,
        "Diluted NI Availto Com Stockholders": NaN,
        "Net Income Common Stockholders": NaN,
        "Preferred Stock Dividends": NaN,
        "Net Income": NaN,
        "Net Income Including Noncontrolling Interests": NaN,
        "Net Income Discontinuous Operations": NaN,
        "Net Income Continuous Operations": NaN,
        "Tax Provision": NaN,
        "Pretax Income": NaN,
        "Other Income Expense": NaN,
        "Other Non Operating Income Expenses": 22838000.0,
        "Special Income Charges": -22943000.0,
        "Gain On Sale Of Business": -23227000.0,
        "Restructuring And Mergern Acquisition": -1813000.0,
        "Gain On Sale Of Security": NaN,
        "Net Non Operating Interest Income Expense": NaN,
        "Interest Expense Non Operating": NaN,
        "Operating Income": NaN,
        "Operating Expense": NaN,
        "Other Operating Expenses": NaN,
        "Depreciation Amortization Depletion Income Statement": NaN,
        "Depreciation And Amortization In Income Statement": NaN,
        "Amortization": NaN,
        "Amortization Of Intangibles Income Statement": NaN,
        "Selling General And Administration": NaN,
        "Gross Profit": NaN,
        "Cost Of Revenue": NaN,
        "Total Revenue": NaN,
        "Operating Revenue": NaN
    },
    "2022-09-30": {
        "Tax Effect Of Unusual Items": NaN,
        "Tax Rate For Calcs": NaN,
        "Normalized EBITDA": NaN,
        "Total Unusual Items": NaN,
        "Total Unusual Items Excluding Goodwill": NaN,
        "Net Income From Continuing Operation Net Minority Interest": NaN,
        "Reconciled Depreciation": NaN,
        "Reconciled Cost Of Revenue": NaN,
        "EBITDA": NaN,
        "EBIT": NaN,
        "Net Interest Income": NaN,
        "Interest Expense": NaN,
        "Normalized Income": NaN,
        "Net Income From Continuing And Discontinued Operation": NaN,
        "Total Expenses": NaN,
        "Total Operating Income As Reported": NaN,
        "Diluted Average Shares": NaN,
        "Basic Average Shares": NaN,
        "Diluted EPS": NaN,
        "Basic EPS": NaN,
        "Diluted NI Availto Com Stockholders": NaN,
        "Net Income Common Stockholders": NaN,
        "Preferred Stock Dividends": NaN,
        "Net Income": NaN,
        "Net Income Including Noncontrolling Interests": NaN,
        "Net Income Discontinuous Operations": NaN,
        "Net Income Continuous Operations": NaN,
        "Tax Provision": NaN,
        "Pretax Income": NaN,
        "Other Income Expense": NaN,
        "Other Non Operating Income Expenses": NaN,
        "Special Income Charges": 3253000.0,
        "Gain On Sale Of Business": 3779000.0,
        "Restructuring And Mergern Acquisition": 526000.0,
        "Gain On Sale Of Security": NaN,
        "Net Non Operating Interest Income Expense": NaN,
        "Interest Expense Non Operating": NaN,
        "Operating Income": NaN,
        "Operating Expense": NaN,
        "Depreciation Amortization Depletion Income Statement": NaN,
        "Depreciation And Amortization In Income Statement": NaN,
        "Amortization": NaN,
        "Amortization Of Intangibles Income Statement": NaN,
        "Selling General And Administration": NaN,
        "Gross Profit": NaN,
        "Cost Of Revenue": NaN,
        "Total Revenue": NaN,
        "Operating Revenue": NaN
    },
    "2022-06-30": {
        "Tax Effect Of Unusual Items": 34696.82863,
        "Tax Rate For Calcs": 0.273203,
        "Normalized EBITDA": 15814000.0,
        "Total Unusual Items": 127000.0,
        "Total Unusual Items Excluding Goodwill": 127000.0,
        "Net Income From Continuing Operation Net Minority Interest": 2498000.0,
        "Reconciled Depreciation": 9372000.0,
        "Reconciled Cost Of Revenue": 201873000.0,
        "EBITDA": 15941000.0,
        "EBIT": 6569000.0,
        "Net Interest Income": -3132000.0,
        "Interest Expense": 3132000.0,
        "Normalized Income": 2405696.82863,
        "Net Income From Continuing And Discontinued Operation": 1684000.0,
        "Total Expenses": 235549000.0,
        "Diluted Average Shares": 108667000.0,
        "Basic Average Shares": 107622000.0,
        "Diluted EPS": 0.01,
        "Basic EPS": 0.01,
        "Diluted NI Availto Com Stockholders": 924000.0,
        "Net Income Common Stockholders": 924000.0,
        "Preferred Stock Dividends": 760000.0,
        "Net Income": 1684000.0,
        "Net Income Including Noncontrolling Interests": 1684000.0,
        "Net Income Discontinuous Operations": -814000.0,
        "Net Income Continuous Operations": 2498000.0,
        "Tax Provision": 939000.0,
        "Pretax Income": 3437000.0,
        "Other Income Expense": -1413000.0,
        "Other Non Operating Income Expenses": -1540000.0,
        "Special Income Charges": -1570000.0,
        "Gain On Sale Of Business": 0.0,
        "Other Special Charges": 283000.0,
        "Write Off": 0.0,
        "Restructuring And Mergern Acquisition": 1287000.0,
        "Gain On Sale Of Security": 127000.0,
        "Net Non Operating Interest Income Expense": -3132000.0,
        "Interest Expense Non Operating": 3132000.0,
        "Operating Income": 7982000.0,
        "Operating Expense": 26916000.0,
        "Depreciation Amortization Depletion Income Statement": 2612000.0,
        "Depreciation And Amortization In Income Statement": 2612000.0,
        "Amortization": 2612000.0,
        "Amortization Of Intangibles Income Statement": 2612000.0,
        "Selling General And Administration": 24304000.0,
        "Gross Profit": 34898000.0,
        "Cost Of Revenue": 208633000.0,
        "Total Revenue": 243531000.0,
        "Operating Revenue": 243531000.0
    },
    "2022-03-31": {
        "Diluted EPS": 0.04,
        "Total Revenue": 240,
        "Gross Profit": 28,
        "Operating Income": 3,
        "EBIT": 13,
        "Net Income": 4
    },
    "2021-12-31": {
        "Diluted EPS": 0.01,
        "Total Revenue": 204,
        "Gross Profit": 18,
        "Operating Income": -3,
        "EBIT": 7,
        "Net Income": 0
    },
    "2021-09-30": {
        "Diluted EPS": -0.04,
        "Total Revenue": 198,
        "Gross Profit": 23,
        "Operating Income": 3,
        "EBIT": 12,
        "Net Income": -4
    },
    "2021-06-30": {
        "Diluted EPS": -0.02,
        "Total Revenue": 202,
        "Gross Profit": 26,
        "Operating Income": -4,
        "EBIT": 6,
        "Net Income": -2
    },
    "2021-03-31": {
        "Diluted EPS": 0.0,
        "Total Revenue": 208,
        "Gross Profit": 30,
        "Operating Income": 5,
        "EBIT": 14,
        "Net Income": 0
    },
    "2020-12-31": {
        "Diluted EPS": 0.78,
        "Total Revenue": 206,
        "Gross Profit": 32,
        "Operating Income": -19,
        "EBIT": -10,
        "Net Income": 70
    },
    "2020-09-30": {
        "Diluted EPS": -0.03,
        "Total Revenue": 192,
        "Gross Profit": 27,
        "Operating Income": 2,
        "EBIT": 10,
        "Net Income": -3
    },
    "2020-06-30": {
        "Diluted EPS": -0.02,
        "Total Revenue": 184,
        "Gross Profit": 23,
        "Operating Income": 0,
        "EBIT": 9,
        "Net Income": -2
    },
    "2020-03-31": {
        "Diluted EPS": 0.02,
        "Total Revenue": 208,
        "Gross Profit": 27,
        "Operating Income": 4,
        "EBIT": 13,
        "Net Income": 1
    },
    "2019-12-31": {
        "Diluted EPS": -0.09,
        "Total Revenue": 186,
        "Gross Profit": 22,
        "Operating Income": 0,
        "EBIT": 5,
        "Net Income": -8
    },
    "2019-09-30": {
        "Diluted EPS": -0.16,
        "Total Revenue": 296,
        "Gross Profit": 26,
        "Operating Income": -7,
        "EBIT": 2,
        "Net Income": -14
    },
    "2019-06-30": {
        "Diluted EPS": -0.13,
        "Total Revenue": 293,
        "Gross Profit": 27,
        "Operating Income": -3,
        "EBIT": 6,
        "Net Income": -11
    },
    "2019-03-31": {
        "Diluted EPS": 0.26,
        "Total Revenue": 305,
        "Gross Profit": 28,
        "Operating Income": 43,
        "EBIT": 52,
        "Net Income": 24
    },
    "2018-12-31": {
        "Diluted EPS": -1.13,
        "Total Revenue": -156,
        "Gross Profit": -32,
        "Operating Income": -36,
        "EBIT": 49,
        "Net Income": -99
    },
    "2018-09-30": {
        "Diluted EPS": -0.08,
        "Total Revenue": 308,
        "Gross Profit": 34,
        "Operating Income": 3,
        "EBIT": 12,
        "Net Income": -7
    },
    "2018-06-30": {
        "Diluted EPS": -0.06,
        "Total Revenue": 319,
        "Gross Profit": 34,
        "Operating Income": 4,
        "EBIT": 13,
        "Net Income": -5
    },
    "2018-03-31": {
        "Diluted EPS": -0.07,
        "Total Revenue": 313,
        "Gross Profit": 34,
        "Operating Income": 3,
        "EBIT": 12,
        "Net Income": -6
    },
    "2017-12-31": {
        "Diluted EPS": -1.38,
        "Total Revenue": 292,
        "Gross Profit": 28,
        "Operating Income": -129,
        "EBIT": -5,
        "Net Income": -121
    },
    "2017-09-30": {
        "Diluted EPS": -0.09,
        "Total Revenue": 321,
        "Gross Profit": 36,
        "Operating Income": 2,
        "EBIT": 10,
        "Net Income": -8
    },
    "2017-06-30": {
        "Diluted EPS": -0.03,
        "Total Revenue": 336,
        "Gross Profit": 42,
        "Operating Income": 3,
        "EBIT": 12,
        "Net Income": -2
    },
    "2017-03-31": {
        "Diluted EPS": -0.16,
        "Total Revenue": 330,
        "Gross Profit": 39,
        "Operating Income": -8,
        "EBIT": 1,
        "Net Income": -11
    },
    "2016-12-31": {
        "Diluted EPS": -0.41,
        "Total Revenue": 298,
        "Gross Profit": 17,
        "Operating Income": -17,
        "EBIT": 9,
        "Net Income": -35
    },
    "2016-09-30": {
        "Diluted EPS": -0.04,
        "Total Revenue": 349,
        "Gross Profit": 41,
        "Operating Income": 4,
        "EBIT": 17,
        "Net Income": -3
    },
    "2016-06-30": {
        "Diluted EPS": -0.05,
        "Total Revenue": 348,
        "Gross Profit": 36,
        "Operating Income": 0,
        "EBIT": 12,
        "Net Income": -4
    },
    "2016-03-31": {
        "Diluted EPS": -0.12,
        "Total Revenue": 352,
        "Gross Profit": 32,
        "Operating Income": 1,
        "EBIT": 13,
        "Net Income": -10
    },
    "2015-12-31": {
        "Diluted EPS": -0.43,
        "Total Revenue": 316,
        "Gross Profit": 25,
        "Operating Income": -10,
        "EBIT": 4,
        "Net Income": -30
    },
    "2015-09-30": {
        "Diluted EPS": 0.01,
        "Total Revenue": 277,
        "Gross Profit": 26,
        "Operating Income": 1,
        "EBIT": 5,
        "Net Income": 0
    },
    "2015-06-30": {
        "Diluted EPS": 0.03,
        "Total Revenue": 278,
        "Gross Profit": 30,
        "Operating Income": 9,
        "EBIT": 13,
        "Net Income": 2
    },
    "2015-03-31": {
        "Diluted EPS": 0.08,
        "Total Revenue": 274,
        "Gross Profit": 29,
        "Operating Income": 8,
        "EBIT": 12,
        "Net Income": 5
    },
    "2014-12-31": {
        "Diluted EPS": -0.03,
        "Total Revenue": 145,
        "Gross Profit": 7,
        "Operating Income": 0,
        "EBIT": 0,
        "Net Income": -2
    },
    "2014-09-30": {
        "Diluted EPS": -0.01,
        "Total Revenue": 308,
        "Gross Profit": 36,
        "Operating Income": 12,
        "EBIT": 17,
        "Net Income": 0
    },
    "2014-06-30": {
        "Diluted EPS": 0.13,
        "Total Revenue": 328,
        "Gross Profit": 43,
        "Operating Income": 17,
        "EBIT": 23,
        "Net Income": 9
    },
    "2014-03-31": {
        "Diluted EPS": 0.1,
        "Total Revenue": 322,
        "Gross Profit": 36,
        "Operating Income": 13,
        "EBIT": 18,
        "Net Income": 7
    },
    "2013-12-31": {
        "Diluted EPS": -0.02,
        "Total Revenue": 102,
        "Gross Profit": -1,
        "Operating Income": -6,
        "EBIT": -11,
        "Net Income": -1
    },
    "2013-09-30": {
        "Diluted EPS": 0.04,
        "Total Revenue": 303,
        "Gross Profit": 31,
        "Operating Income": 9,
        "EBIT": 18,
        "Net Income": 3
    },
    "2013-06-30": {
        "Diluted EPS": -0.23,
        "Total Revenue": 311,
        "Gross Profit": 37,
        "Operating Income": 12,
        "EBIT": 18,
        "Net Income": -15
    },
    "2013-03-31": {
        "Diluted EPS": 0.08,
        "Total Revenue": 283,
        "Gross Profit": 34,
        "Operating Income": 10,
        "EBIT": 15,
        "Net Income": 5
    },
    "2012-12-31": {
        "Diluted EPS": 0.06,
        "Total Revenue": 223,
        "Gross Profit": 20,
        "Operating Income": 3,
        "EBIT": 6,
        "Net Income": 4
    },
    "2012-09-30": {
        "Diluted EPS": 0.09,
        "Total Revenue": 279,
        "Gross Profit": 33,
        "Operating Income": 12,
        "EBIT": 17,
        "Net Income": 6
    },
    "2012-06-30": {
        "Diluted EPS": 0.12,
        "Total Revenue": 282,
        "Gross Profit": 37,
        "Operating Income": 12,
        "EBIT": 17,
        "Net Income": 8
    },
    "2012-03-31": {
        "Diluted EPS": 0.09,
        "Total Revenue": 259,
        "Gross Profit": 34,
        "Operating Income": 12,
        "EBIT": 17,
        "Net Income": 6
    },
    "2011-12-31": {
        "Diluted EPS": -0.12,
        "Total Revenue": 227,
        "Gross Profit": 24,
        "Operating Income": 5,
        "EBIT": 9,
        "Net Income": -8
    },
    "2011-09-30": {
        "Diluted EPS": 0.05,
        "Total Revenue": 257,
        "Gross Profit": 30,
        "Operating Income": 8,
        "EBIT": 13,
        "Net Income": 3
    },
    "2011-06-30": {
        "Diluted EPS": 0.07,
        "Total Revenue": 275,
        "Gross Profit": 32,
        "Operating Income": 13,
        "EBIT": 17,
        "Net Income": 4
    },
    "2011-03-31": {
        "Diluted EPS": 0.08,
        "Total Revenue": 261,
        "Gross Profit": 36,
        "Operating Income": 11,
        "EBIT": 16,
        "Net Income": 5
    },
    "2010-12-31": {
        "Diluted EPS": 0.03,
        "Total Revenue": 230,
        "Gross Profit": 91,
        "Operating Income": 78,
        "EBIT": 82,
        "Net Income": 2
    },
    "2010-09-30": {
        "Diluted EPS": 0.52,
        "Total Revenue": 217,
        "Gross Profit": 33,
        "Operating Income": 3,
        "EBIT": 9,
        "Net Income": 34
    },
    "2010-06-30": {
        "Diluted EPS": 0.31,
        "Total Revenue": 234,
        "Gross Profit": 37,
        "Operating Income": 11,
        "EBIT": 14,
        "Net Income": 20
    },
    "2010-03-31": {
        "Diluted EPS": 0.07,
        "Total Revenue": 217,
        "Gross Profit": 35,
        "Operating Income": 8,
        "EBIT": 13,
        "Net Income": 5
    },
    "2009-12-31": {
        "Diluted EPS": -0.03,
        "Total Revenue": 246,
        "Gross Profit": 165,
        "Operating Income": 170,
        "EBIT": 175,
        "Net Income": -2
    },
    "2009-09-30": {
        "Diluted EPS": -0.07,
        "Total Revenue": 254,
        "Gross Profit": 38,
        "Operating Income": 4,
        "EBIT": 14,
        "Net Income": -5
    },
    "2009-06-30": {
        "Diluted EPS": 0.03,
        "Total Revenue": 258,
        "Gross Profit": 38,
        "Operating Income": 5,
        "EBIT": 5,
        "Net Income": 2
    },
    "2009-03-31": {
        "Diluted EPS": -0.03,
        "Total Revenue": 232,
        "Gross Profit": 34,
        "Operating Income": 1,
        "EBIT": 6,
        "Net Income": -2
    },
    "2023-06-30": {
        "Tax Effect Of Unusual Items": NaN,
        "Tax Rate For Calcs": NaN,
        "Normalized EBITDA": NaN,
        "Total Unusual Items": NaN,
        "Total Unusual Items Excluding Goodwill": NaN,
        "Net Income From Continuing Operation Net Minority Interest": NaN,
        "Reconciled Depreciation": NaN,
        "Reconciled Cost Of Revenue": NaN,
        "EBITDA": NaN,
        "EBIT": NaN,
        "Net Interest Income": NaN,
        "Interest Expense": NaN,
        "Normalized Income": NaN,
        "Net Income From Continuing And Discontinued Operation": NaN,
        "Total Expenses": NaN,
        "Total Operating Income As Reported": NaN,
        "Diluted Average Shares": NaN,
        "Basic Average Shares": NaN,
        "Diluted EPS": NaN,
        "Basic EPS": NaN,
        "Diluted NI Availto Com Stockholders": NaN,
        "Net Income Common Stockholders": NaN,
        "Preferred Stock Dividends": NaN,
        "Net Income": NaN,
        "Net Income Including Noncontrolling Interests": NaN,
        "Net Income Discontinuous Operations": NaN,
        "Net Income Continuous Operations": NaN,
        "Tax Provision": NaN,
        "Pretax Income": NaN,
        "Other Income Expense": NaN,
        "Other Non Operating Income Expenses": 227000.0,
        "Gain On Sale Of Security": NaN,
        "Net Non Operating Interest Income Expense": NaN,
        "Interest Expense Non Operating": NaN,
        "Operating Income": NaN,
        "Operating Expense": NaN,
        "Other Operating Expenses": -62000.0,
        "Depreciation Amortization Depletion Income Statement": NaN,
        "Depreciation And Amortization In Income Statement": NaN,
        "Amortization": NaN,
        "Amortization Of Intangibles Income Statement": NaN,
        "Selling General And Administration": NaN,
        "Gross Profit": NaN,
        "Cost Of Revenue": NaN,
        "Total Revenue": NaN,
        "Operating Revenue": NaN
    },
    "2023-09-30": {
        "Tax Effect Of Unusual Items": NaN,
        "Tax Rate For Calcs": NaN,
        "Normalized EBITDA": NaN,
        "Total Unusual Items": NaN,
        "Total Unusual Items Excluding Goodwill": NaN,
        "Net Income From Continuing Operation Net Minority Interest": NaN,
        "Reconciled Depreciation": NaN,
        "Reconciled Cost Of Revenue": NaN,
        "EBITDA": NaN,
        "EBIT": NaN,
        "Net Interest Income": NaN,
        "Interest Expense": NaN,
        "Normalized Income": NaN,
        "Net Income From Continuing And Discontinued Operation": NaN,
        "Total Expenses": NaN,
        "Total Operating Income As Reported": NaN,
        "Diluted Average Shares": 115616000.0,
        "Basic Average Shares": 115616000.0,
        "Diluted EPS": -1.26,
        "Basic EPS": -1.26,
        "Diluted NI Availto Com Stockholders": NaN,
        "Net Income Common Stockholders": NaN,
        "Preferred Stock Dividends": NaN,
        "Net Income": NaN,
        "Net Income Including Noncontrolling Interests": NaN,
        "Net Income Discontinuous Operations": NaN,
        "Net Income Continuous Operations": NaN,
        "Tax Provision": NaN,
        "Pretax Income": NaN,
        "Other Income Expense": NaN,
        "Other Non Operating Income Expenses": NaN,
        "Gain On Sale Of Security": NaN,
        "Net Non Operating Interest Income Expense": NaN,
        "Interest Expense Non Operating": NaN,
        "Operating Income": NaN,
        "Operating Expense": NaN,
        "Other Operating Expenses": NaN,
        "Depreciation Amortization Depletion Income Statement": NaN,
        "Depreciation And Amortization In Income Statement": NaN,
        "Amortization": NaN,
        "Amortization Of Intangibles Income Statement": NaN,
        "Selling General And Administration": NaN,
        "Gross Profit": NaN,
        "Cost Of Revenue": NaN,
        "Total Revenue": NaN,
        "Operating Revenue": NaN
    },
    "2023-12-31": {
        "Tax Effect Of Unusual Items": NaN,
        "Tax Rate For Calcs": NaN,
        "Normalized EBITDA": NaN,
        "Total Unusual Items": NaN,
        "Total Unusual Items Excluding Goodwill": NaN,
        "Net Income From Continuing Operation Net Minority Interest": NaN,
        "Reconciled Depreciation": NaN,
        "Reconciled Cost Of Revenue": NaN,
        "EBITDA": NaN,
        "EBIT": NaN,
        "Net Interest Income": NaN,
        "Interest Expense": NaN,
        "Normalized Income": NaN,
        "Net Income From Continuing And Discontinued Operation": NaN,
        "Total Expenses": NaN,
        "Total Operating Income As Reported": NaN,
        "Diluted Average Shares": NaN,
        "Basic Average Shares": NaN,
        "Diluted EPS": NaN,
        "Basic EPS": NaN,
        "Diluted NI Availto Com Stockholders": NaN,
        "Net Income Common Stockholders": NaN,
        "Preferred Stock Dividends": NaN,
        "Net Income": NaN,
        "Net Income Including Noncontrolling Interests": NaN,
        "Net Income Discontinuous Operations": NaN,
        "Net Income Continuous Operations": NaN,
        "Tax Provision": NaN,
        "Pretax Income": NaN,
        "Other Income Expense": NaN,
        "Other Non Operating Income Expenses": -475000.0,
        "Gain On Sale Of Security": NaN,
        "Net Non Operating Interest Income Expense": NaN,
        "Interest Expense Non Operating": NaN,
        "Operating Income": NaN,
        "Operating Expense": NaN,
        "Other Operating Expenses": NaN,
        "Depreciation Amortization Depletion Income Statement": NaN,
        "Depreciation And Amortization In Income Statement": NaN,
        "Amortization": NaN,
        "Amortization Of Intangibles Income Statement": NaN,
        "Selling General And Administration": NaN,
        "Gross Profit": NaN,
        "Cost Of Revenue": NaN,
        "Total Revenue": NaN,
        "Operating Revenue": NaN
    },
    "2024-03-31": {
        "Tax Effect Of Unusual Items": NaN,
        "Tax Rate For Calcs": NaN,
        "Normalized EBITDA": NaN,
        "Total Unusual Items": NaN,
        "Total Unusual Items Excluding Goodwill": NaN,
        "Net Income From Continuing Operation Net Minority Interest": NaN,
        "Reconciled Depreciation": NaN,
        "Reconciled Cost Of Revenue": NaN,
        "EBITDA": NaN,
        "EBIT": NaN,
        "Net Interest Income": NaN,
        "Interest Expense": NaN,
        "Interest Income": NaN,
        "Normalized Income": NaN,
        "Net Income From Continuing And Discontinued Operation": NaN,
        "Total Expenses": NaN,
        "Total Operating Income As Reported": NaN,
        "Diluted Average Shares": NaN,
        "Basic Average Shares": NaN,
        "Diluted EPS": NaN,
        "Basic EPS": NaN,
        "Diluted NI Availto Com Stockholders": NaN,
        "Net Income Common Stockholders": NaN,
        "Preferred Stock Dividends": NaN,
        "Net Income": NaN,
        "Net Income Including Noncontrolling Interests": NaN,
        "Net Income Discontinuous Operations": NaN,
        "Net Income Continuous Operations": NaN,
        "Tax Provision": NaN,
        "Pretax Income": NaN,
        "Other Income Expense": NaN,
        "Other Non Operating Income Expenses": 1800000.0,
        "Gain On Sale Of Security": NaN,
        "Net Non Operating Interest Income Expense": NaN,
        "Total Other Finance Cost": NaN,
        "Interest Expense Non Operating": NaN,
        "Interest Income Non Operating": NaN,
        "Operating Income": NaN,
        "Operating Expense": NaN,
        "Other Operating Expenses": NaN,
        "Depreciation Amortization Depletion Income Statement": NaN,
        "Depreciation And Amortization In Income Statement": NaN,
        "Amortization": NaN,
        "Amortization Of Intangibles Income Statement": NaN,
        "Selling General And Administration": NaN,
        "Gross Profit": NaN,
        "Cost Of Revenue": NaN,
        "Total Revenue": NaN,
        "Operating Revenue": NaN
    },
    "2024-06-30": {
        "Tax Effect Of Unusual Items": NaN,
        "Tax Rate For Calcs": NaN,
        "Normalized EBITDA": NaN,
        "Total Unusual Items": NaN,
        "Total Unusual Items Excluding Goodwill": NaN,
        "Net Income From Continuing Operation Net Minority Interest": NaN,
        "Reconciled Depreciation": NaN,
        "Reconciled Cost Of Revenue": NaN,
        "EBITDA": NaN,
        "EBIT": NaN,
        "Net Interest Income": NaN,
        "Interest Expense": NaN,
        "Interest Income": 454000.0,
        "Normalized Income": NaN,
        "Net Income From Continuing And Discontinued Operation": NaN,
        "Total Expenses": NaN,
        "Total Operating Income As Reported": NaN,
        "Diluted Average Shares": NaN,
        "Basic Average Shares": NaN,
        "Diluted EPS": NaN,
        "Basic EPS": NaN,
        "Diluted NI Availto Com Stockholders": NaN,
        "Net Income Common Stockholders": NaN,
        "Preferred Stock Dividends": -169000.0,
        "Net Income": NaN,
        "Net Income Including Noncontrolling Interests": NaN,
        "Net Income Discontinuous Operations": NaN,
        "Net Income Continuous Operations": NaN,
        "Tax Provision": NaN,
        "Pretax Income": NaN,
        "Other Income Expense": NaN,
        "Other Non Operating Income Expenses": NaN,
        "Gain On Sale Of Security": NaN,
        "Net Non Operating Interest Income Expense": NaN,
        "Total Other Finance Cost": 228000.0,
        "Interest Expense Non Operating": NaN,
        "Interest Income Non Operating": 454000.0,
        "Operating Income": NaN,
        "Operating Expense": NaN,
        "Other Operating Expenses": -304000.0,
        "Depreciation Amortization Depletion Income Statement": NaN,
        "Depreciation And Amortization In Income Statement": NaN,
        "Amortization": NaN,
        "Amortization Of Intangibles Income Statement": NaN,
        "Selling General And Administration": NaN,
        "Gross Profit": NaN,
        "Cost Of Revenue": NaN,
        "Total Revenue": NaN,
        "Operating Revenue": NaN
    },
    "2024-09-30": {
        "Tax Effect Of Unusual Items": -23730.0,
        "Tax Rate For Calcs": 0.21,
        "Normalized EBITDA": 10719000.0,
        "Total Unusual Items": -113000.0,
        "Total Unusual Items Excluding Goodwill": -113000.0,
        "Net Income From Continuing Operation Net Minority Interest": -5498000.0,
        "Reconciled Depreciation": 9319000.0,
        "Reconciled Cost Of Revenue": 143759000.0,
        "EBITDA": 10606000.0,
        "EBIT": 1287000.0,
        "Net Interest Income": -6762000.0,
        "Interest Expense": 6762000.0,
        "Interest Income": NaN,
        "Normalized Income": -5408730.0,
        "Net Income From Continuing And Discontinued Operation": -5498000.0,
        "Total Expenses": 174130000.0,
        "Total Operating Income As Reported": 1523000.0,
        "Diluted Average Shares": 116841000.0,
        "Basic Average Shares": 116841000.0,
        "Diluted EPS": -0.05,
        "Basic EPS": -0.05,
        "Diluted NI Availto Com Stockholders": -5635000.0,
        "Net Income Common Stockholders": -5635000.0,
        "Preferred Stock Dividends": 137000.0,
        "Net Income": -5498000.0,
        "Net Income Including Noncontrolling Interests": -5498000.0,
        "Net Income Discontinuous Operations": 0.0,
        "Net Income Continuous Operations": -5498000.0,
        "Tax Provision": 23000.0,
        "Pretax Income": -5475000.0,
        "Other Income Expense": -799000.0,
        "Other Non Operating Income Expenses": -686000.0,
        "Gain On Sale Of Security": -113000.0,
        "Net Non Operating Interest Income Expense": -6762000.0,
        "Total Other Finance Cost": NaN,
        "Interest Expense Non Operating": 6762000.0,
        "Interest Income Non Operating": NaN,
        "Operating Income": 2086000.0,
        "Operating Expense": 21498000.0,
        "Other Operating Expenses": NaN,
        "Depreciation Amortization Depletion Income Statement": 446000.0,
        "Depreciation And Amortization In Income Statement": 446000.0,
        "Amortization": 446000.0,
        "Amortization Of Intangibles Income Statement": 446000.0,
        "Selling General And Administration": 21052000.0,
        "Gross Profit": 23584000.0,
        "Cost Of Revenue": 152632000.0,
        "Total Revenue": 176216000.0,
        "Operating Revenue": 176216000.0
    },
    "2024-12-31": {
        "Tax Effect Of Unusual Items": 3150.0,
        "Tax Rate For Calcs": 0.21,
        "Normalized EBITDA": 11717000.0,
        "Total Unusual Items": 15000.0,
        "Total Unusual Items Excluding Goodwill": 15000.0,
        "Net Income From Continuing Operation Net Minority Interest": -6032000.0,
        "Reconciled Depreciation": 9492000.0,
        "Reconciled Cost Of Revenue": 165498000.0,
        "EBITDA": 11732000.0,
        "EBIT": 2240000.0,
        "Net Interest Income": -5686000.0,
        "Interest Expense": 7085000.0,
        "Interest Income": NaN,
        "Normalized Income": -6043850.0,
        "Net Income From Continuing And Discontinued Operation": -9637000.0,
        "Total Expenses": 192572000.0,
        "Total Operating Income As Reported": 1291000.0,
        "Diluted Average Shares": 116951000.0,
        "Basic Average Shares": 116951000.0,
        "Diluted EPS": -0.08,
        "Basic EPS": -0.08,
        "Diluted NI Availto Com Stockholders": -9775000.0,
        "Net Income Common Stockholders": -9775000.0,
        "Preferred Stock Dividends": 138000.0,
        "Net Income": -9637000.0,
        "Net Income Including Noncontrolling Interests": -9637000.0,
        "Net Income Discontinuous Operations": -3605000.0,
        "Net Income Continuous Operations": -6032000.0,
        "Tax Provision": 1187000.0,
        "Pretax Income": -4845000.0,
        "Other Income Expense": -256000.0,
        "Other Non Operating Income Expenses": -271000.0,
        "Gain On Sale Of Security": 15000.0,
        "Net Non Operating Interest Income Expense": -5686000.0,
        "Total Other Finance Cost": NaN,
        "Interest Expense Non Operating": 7085000.0,
        "Interest Income Non Operating": NaN,
        "Operating Income": 1097000.0,
        "Operating Expense": 18028000.0,
        "Other Operating Expenses": NaN,
        "Depreciation Amortization Depletion Income Statement": 446000.0,
        "Depreciation And Amortization In Income Statement": 446000.0,
        "Amortization": 446000.0,
        "Amortization Of Intangibles Income Statement": 446000.0,
        "Selling General And Administration": 17582000.0,
        "Gross Profit": 19125000.0,
        "Cost Of Revenue": 174544000.0,
        "Total Revenue": 193669000.0,
        "Operating Revenue": 193669000.0
    },
    "2025-03-31": {
        "Tax Effect Of Unusual Items": -3450.0,
        "Tax Rate For Calcs": 0.03,
        "Normalized EBITDA": 19906000.0,
        "Total Unusual Items": -115000.0,
        "Total Unusual Items Excluding Goodwill": -115000.0,
        "Net Income From Continuing Operation Net Minority Interest": 4811000.0,
        "Reconciled Depreciation": 9726000.0,
        "Reconciled Cost Of Revenue": 162029000.0,
        "EBITDA": 19791000.0,
        "EBIT": 10065000.0,
        "Net Interest Income": -5107000.0,
        "Interest Expense": 5107000.0,
        "Interest Income": NaN,
        "Normalized Income": 4922550.0,
        "Net Income From Continuing And Discontinued Operation": 4811000.0,
        "Total Expenses": 190951000.0,
        "Total Operating Income As Reported": 10487000.0,
        "Diluted Average Shares": 125007000.0,
        "Basic Average Shares": 117201000.0,
        "Diluted EPS": 0.04,
        "Basic EPS": 0.04,
        "Diluted NI Availto Com Stockholders": 4671000.0,
        "Net Income Common Stockholders": 4671000.0,
        "Preferred Stock Dividends": 140000.0,
        "Net Income": 4811000.0,
        "Net Income Including Noncontrolling Interests": 4811000.0,
        "Net Income Discontinuous Operations": 0.0,
        "Net Income Continuous Operations": 4811000.0,
        "Tax Provision": 147000.0,
        "Pretax Income": 4958000.0,
        "Other Income Expense": -612000.0,
        "Other Non Operating Income Expenses": -497000.0,
        "Gain On Sale Of Security": -115000.0,
        "Net Non Operating Interest Income Expense": -5107000.0,
        "Total Other Finance Cost": NaN,
        "Interest Expense Non Operating": 5107000.0,
        "Interest Income Non Operating": NaN,
        "Operating Income": 10677000.0,
        "Operating Expense": 19642000.0,
        "Other Operating Expenses": NaN,
        "Depreciation Amortization Depletion Income Statement": 446000.0,
        "Depreciation And Amortization In Income Statement": 446000.0,
        "Amortization": 446000.0,
        "Amortization Of Intangibles Income Statement": 446000.0,
        "Selling General And Administration": 19196000.0,
        "Gross Profit": 30319000.0,
        "Cost Of Revenue": 171309000.0,
        "Total Revenue": 201628000.0,
        "Operating Revenue": 201628000.0
    },
    "2025-06-30": {
        "Tax Effect Of Unusual Items": 18104.0,
        "Tax Rate For Calcs": 0.073,
        "Normalized EBITDA": 20150000.0,
        "Total Unusual Items": 248000.0,
        "Total Unusual Items Excluding Goodwill": 248000.0,
        "Net Income From Continuing Operation Net Minority Interest": 4351000.0,
        "Reconciled Depreciation": 9960000.0,
        "Reconciled Cost Of Revenue": 153648000.0,
        "EBITDA": 20398000.0,
        "EBIT": 10438000.0,
        "Net Interest Income": -5301000.0,
        "Interest Expense": 5743000.0,
        "Interest Income": 670000.0,
        "Normalized Income": 4121104.0,
        "Net Income From Continuing And Discontinued Operation": 4351000.0,
        "Total Expenses": 181204000.0,
        "Total Operating Income As Reported": 10533000.0,
        "Diluted Average Shares": 124676000.0,
        "Basic Average Shares": 118168000.0,
        "Diluted EPS": 0.03,
        "Basic EPS": 0.04,
        "Diluted NI Availto Com Stockholders": 4316000.0,
        "Net Income Common Stockholders": 4316000.0,
        "Preferred Stock Dividends": 35000.0,
        "Net Income": 4351000.0,
        "Net Income Including Noncontrolling Interests": 4351000.0,
        "Net Income Discontinuous Operations": 0.0,
        "Net Income Continuous Operations": 4351000.0,
        "Tax Provision": 344000.0,
        "Pretax Income": 4695000.0,
        "Other Income Expense": -289000.0,
        "Other Non Operating Income Expenses": -537000.0,
        "Gain On Sale Of Security": 248000.0,
        "Net Non Operating Interest Income Expense": -5301000.0,
        "Total Other Finance Cost": 228000.0,
        "Interest Expense Non Operating": 5743000.0,
        "Interest Income Non Operating": 670000.0,
        "Operating Income": 10285000.0,
        "Operating Expense": 18122000.0,
        "Other Operating Expenses": -131000.0,
        "Depreciation Amortization Depletion Income Statement": 526000.0,
        "Depreciation And Amortization In Income Statement": 526000.0,
        "Amortization": 526000.0,
        "Amortization Of Intangibles Income Statement": 526000.0,
        "Selling General And Administration": 17727000.0,
        "Gross Profit": 28407000.0,
        "Cost Of Revenue": 163082000.0,
        "Total Revenue": 191489000.0,
        "Operating Revenue": 191489000.0
    },
    "2025-09-30": {
        "Tax Effect Of Unusual Items": 3348.0,
        "Tax Rate For Calcs": 0.027,
        "Normalized EBITDA": 16544000.0,
        "Total Unusual Items": 124000.0,
        "Total Unusual Items Excluding Goodwill": 124000.0,
        "Net Income From Continuing Operation Net Minority Interest": 816000.0,
        "Reconciled Depreciation": 9987000.0,
        "Reconciled Cost Of Revenue": 170482000.0,
        "EBITDA": 16668000.0,
        "EBIT": 6681000.0,
        "Net Interest Income": -5424000.0,
        "Interest Expense": 5842000.0,
        "Interest Income": 675000.0,
        "Normalized Income": 695348.0,
        "Net Income From Continuing And Discontinued Operation": 816000.0,
        "Total Expenses": 195868000.0,
        "Total Operating Income As Reported": 6866000.0,
        "Diluted Average Shares": 124743000.0,
        "Basic Average Shares": 118245000.0,
        "Diluted EPS": 0.01,
        "Basic EPS": 0.01,
        "Diluted NI Availto Com Stockholders": 816000.0,
        "Net Income Common Stockholders": 816000.0,
        "Preferred Stock Dividends": NaN,
        "Net Income": 816000.0,
        "Net Income Including Noncontrolling Interests": 816000.0,
        "Net Income Discontinuous Operations": 0.0,
        "Net Income Continuous Operations": 816000.0,
        "Tax Provision": 23000.0,
        "Pretax Income": 839000.0,
        "Other Income Expense": -3279000.0,
        "Other Non Operating Income Expenses": -3403000.0,
        "Gain On Sale Of Security": 124000.0,
        "Net Non Operating Interest Income Expense": -5424000.0,
        "Total Other Finance Cost": 257000.0,
        "Interest Expense Non Operating": 5842000.0,
        "Interest Income Non Operating": 675000.0,
        "Operating Income": 9542000.0,
        "Operating Expense": 15925000.0,
        "Other Operating Expenses": NaN,
        "Depreciation Amortization Depletion Income Statement": 526000.0,
        "Depreciation And Amortization In Income Statement": 526000.0,
        "Amortization": 526000.0,
        "Amortization Of Intangibles Income Statement": 526000.0,
        "Selling General And Administration": 15399000.0,
        "Gross Profit": 25467000.0,
        "Cost Of Revenue": 179943000.0,
        "Total Revenue": 205410000.0,
        "Operating Revenue": 205410000.0
    }
}