{
    "2023-03-31": {
        "Tax Effect Of Unusual Items": NaN,
        "Tax Rate For Calcs": NaN,
        "Normalized EBITDA": NaN,
        "Total Unusual Items": NaN,
        "Total Unusual Items Excluding Goodwill": NaN,
        "Net Income From Continuing Operation Net Minority Interest": NaN,
        "Reconciled Depreciation": NaN,
        "Reconciled Cost Of Revenue": NaN,
        "EBITDA": NaN,
        "EBIT": NaN,
        "Net Interest Income": NaN,
        "Normalized Income": NaN,
        "Net Income From Continuing And Discontinued Operation": NaN,
        "Total Expenses": NaN,
        "Total Operating Income As Reported": NaN,
        "Diluted Average Shares": NaN,
        "Basic Average Shares": NaN,
        "Diluted EPS": NaN,
        "Basic EPS": NaN,
        "Diluted NI Availto Com Stockholders": NaN,
        "Net Income Common Stockholders": NaN,
        "Preferred Stock Dividends": NaN,
        "Net Income": NaN,
        "Minority Interests": NaN,
        "Net Income Including Noncontrolling Interests": NaN,
        "Net Income Continuous Operations": NaN,
        "Tax Provision": NaN,
        "Pretax Income": NaN,
        "Other Income Expense": -1299000.0,
        "Special Income Charges": NaN,
        "Other Special Charges": 1299000.0,
        "Restructuring And Mergern Acquisition": NaN,
        "Net Non Operating Interest Income Expense": NaN,
        "Total Other Finance Cost": NaN,
        "Operating Income": NaN,
        "Operating Expense": NaN,
        "Other Operating Expenses": NaN,
        "Depreciation Amortization Depletion Income Statement": NaN,
        "Depreciation And Amortization In Income Statement": NaN,
        "Selling General And Administration": NaN,
        "General And Administrative Expense": NaN,
        "Other Gand A": NaN,
        "Salaries And Wages": NaN,
        "Gross Profit": NaN,
        "Cost Of Revenue": NaN,
        "Total Revenue": NaN,
        "Operating Revenue": NaN
    },
    "2022-12-31": {
        "Tax Effect Of Unusual Items": NaN,
        "Tax Rate For Calcs": NaN,
        "Normalized EBITDA": NaN,
        "Total Unusual Items": NaN,
        "Total Unusual Items Excluding Goodwill": NaN,
        "Net Income From Continuing Operation Net Minority Interest": NaN,
        "Reconciled Depreciation": NaN,
        "Reconciled Cost Of Revenue": NaN,
        "EBITDA": NaN,
        "EBIT": NaN,
        "Net Interest Income": NaN,
        "Normalized Income": NaN,
        "Net Income From Continuing And Discontinued Operation": NaN,
        "Total Expenses": NaN,
        "Total Operating Income As Reported": NaN,
        "Diluted Average Shares": NaN,
        "Basic Average Shares": NaN,
        "Diluted EPS": NaN,
        "Basic EPS": NaN,
        "Diluted NI Availto Com Stockholders": NaN,
        "Net Income Common Stockholders": NaN,
        "Preferred Stock Dividends": NaN,
        "Net Income": NaN,
        "Minority Interests": NaN,
        "Net Income Including Noncontrolling Interests": NaN,
        "Net Income Continuous Operations": NaN,
        "Tax Provision": NaN,
        "Pretax Income": NaN,
        "Other Income Expense": 3129000.0,
        "Special Income Charges": NaN,
        "Other Special Charges": -3831000.0,
        "Restructuring And Mergern Acquisition": 72000.0,
        "Net Non Operating Interest Income Expense": NaN,
        "Total Other Finance Cost": NaN,
        "Operating Income": NaN,
        "Operating Expense": NaN,
        "Other Operating Expenses": NaN,
        "Depreciation Amortization Depletion Income Statement": NaN,
        "Depreciation And Amortization In Income Statement": NaN,
        "Selling General And Administration": NaN,
        "General And Administrative Expense": NaN,
        "Other Gand A": NaN,
        "Salaries And Wages": NaN,
        "Gross Profit": NaN,
        "Cost Of Revenue": NaN,
        "Total Revenue": NaN,
        "Operating Revenue": NaN
    },
    "2022-09-30": {
        "Tax Effect Of Unusual Items": NaN,
        "Tax Rate For Calcs": NaN,
        "Normalized EBITDA": NaN,
        "Total Unusual Items": NaN,
        "Total Unusual Items Excluding Goodwill": NaN,
        "Net Income From Continuing Operation Net Minority Interest": NaN,
        "Reconciled Depreciation": NaN,
        "Reconciled Cost Of Revenue": NaN,
        "EBITDA": NaN,
        "EBIT": NaN,
        "Net Interest Income": NaN,
        "Normalized Income": NaN,
        "Net Income From Continuing And Discontinued Operation": NaN,
        "Total Expenses": NaN,
        "Total Operating Income As Reported": NaN,
        "Diluted Average Shares": NaN,
        "Basic Average Shares": NaN,
        "Diluted EPS": NaN,
        "Basic EPS": NaN,
        "Diluted NI Availto Com Stockholders": NaN,
        "Net Income Common Stockholders": NaN,
        "Net Income": NaN,
        "Minority Interests": NaN,
        "Net Income Including Noncontrolling Interests": NaN,
        "Net Income Continuous Operations": NaN,
        "Tax Provision": NaN,
        "Pretax Income": NaN,
        "Other Income Expense": -51000.0,
        "Special Income Charges": NaN,
        "Other Special Charges": 2684000.0,
        "Restructuring And Mergern Acquisition": 51000.0,
        "Net Non Operating Interest Income Expense": NaN,
        "Total Other Finance Cost": NaN,
        "Operating Income": NaN,
        "Operating Expense": NaN,
        "Other Operating Expenses": NaN,
        "Depreciation Amortization Depletion Income Statement": NaN,
        "Depreciation And Amortization In Income Statement": NaN,
        "Selling General And Administration": NaN,
        "General And Administrative Expense": NaN,
        "Other Gand A": NaN,
        "Salaries And Wages": 1001000.0,
        "Gross Profit": NaN,
        "Cost Of Revenue": NaN,
        "Total Revenue": NaN,
        "Operating Revenue": NaN
    },
    "2022-06-30": {
        "Tax Effect Of Unusual Items": -36244.0,
        "Tax Rate For Calcs": 0.164,
        "Normalized EBITDA": 8900000.0,
        "Total Unusual Items": -221000.0,
        "Total Unusual Items Excluding Goodwill": -221000.0,
        "Net Income From Continuing Operation Net Minority Interest": 4303000.0,
        "Reconciled Depreciation": 2926000.0,
        "Reconciled Cost Of Revenue": 64160000.0,
        "EBITDA": 8679000.0,
        "EBIT": 5753000.0,
        "Net Interest Income": -444000.0,
        "Interest Expense": 444000.0,
        "Normalized Income": 4487756.0,
        "Net Income From Continuing And Discontinued Operation": 4303000.0,
        "Total Expenses": 75151000.0,
        "Total Operating Income As Reported": 5753000.0,
        "Diluted Average Shares": 33959991.0,
        "Basic Average Shares": 32601203.0,
        "Diluted EPS": 0.13,
        "Basic EPS": 0.13,
        "Diluted NI Availto Com Stockholders": 4303000.0,
        "Net Income Common Stockholders": 4303000.0,
        "Net Income": 4303000.0,
        "Minority Interests": -137000.0,
        "Net Income Including Noncontrolling Interests": 4440000.0,
        "Net Income Continuous Operations": 4440000.0,
        "Tax Provision": 869000.0,
        "Pretax Income": 5309000.0,
        "Other Income Expense": -221000.0,
        "Special Income Charges": -221000.0,
        "Other Special Charges": 221000.0,
        "Impairment Of Capital Assets": NaN,
        "Restructuring And Mergern Acquisition": 0.0,
        "Net Non Operating Interest Income Expense": -444000.0,
        "Total Other Finance Cost": NaN,
        "Interest Expense Non Operating": 444000.0,
        "Operating Income": 5974000.0,
        "Operating Expense": 10991000.0,
        "Other Operating Expenses": NaN,
        "Depreciation Amortization Depletion Income Statement": 2926000.0,
        "Depreciation And Amortization In Income Statement": 2926000.0,
        "Selling General And Administration": 8065000.0,
        "General And Administrative Expense": 8065000.0,
        "Other Gand A": 8065000.0,
        "Salaries And Wages": NaN,
        "Gross Profit": 16965000.0,
        "Cost Of Revenue": 64160000.0,
        "Total Revenue": 81125000.0,
        "Operating Revenue": 81125000.0
    },
    "2022-03-31": {
        "Diluted EPS": 0.11,
        "Total Revenue": 74,
        "Gross Profit": 17,
        "Operating Income": 4,
        "EBIT": 7,
        "Net Income": 4
    },
    "2021-12-31": {
        "Diluted EPS": 0.18,
        "Total Revenue": 84,
        "Gross Profit": 21,
        "Operating Income": 6,
        "EBIT": 9,
        "Net Income": 6
    },
    "2021-09-30": {
        "Diluted EPS": 0.34,
        "Total Revenue": 72,
        "Gross Profit": 15,
        "Operating Income": 5,
        "EBIT": 8,
        "Net Income": 12
    },
    "2021-06-30": {
        "Diluted EPS": 0.41,
        "Total Revenue": 71,
        "Gross Profit": 18,
        "Operating Income": 8,
        "EBIT": 10,
        "Net Income": 14
    },
    "2021-03-31": {
        "Diluted EPS": 0.0,
        "Total Revenue": 50,
        "Gross Profit": 11,
        "Operating Income": 1,
        "EBIT": 4,
        "Net Income": 0
    },
    "2020-12-31": {
        "Diluted EPS": -0.15,
        "Total Revenue": 45,
        "Gross Profit": 8,
        "Operating Income": -4,
        "EBIT": -1,
        "Net Income": -4
    },
    "2020-09-30": {
        "Diluted EPS": -0.03,
        "Total Revenue": 40,
        "Gross Profit": 8,
        "Operating Income": 0,
        "EBIT": 3,
        "Net Income": -1
    },
    "2020-06-30": {
        "Diluted EPS": -0.1,
        "Total Revenue": 17,
        "Gross Profit": 0,
        "Operating Income": -5,
        "EBIT": -3,
        "Net Income": -3
    },
    "2020-03-31": {
        "Diluted EPS": -0.16,
        "Total Revenue": 41,
        "Gross Profit": 4,
        "Operating Income": -4,
        "EBIT": -2,
        "Net Income": -5
    },
    "2019-12-31": {
        "Diluted EPS": 0.66,
        "Total Revenue": 52,
        "Gross Profit": 10,
        "Operating Income": 10,
        "EBIT": 13,
        "Net Income": 20
    },
    "2019-09-30": {
        "Diluted EPS": 0.02,
        "Total Revenue": 22,
        "Gross Profit": 5,
        "Operating Income": 1,
        "EBIT": 2,
        "Net Income": 0
    },
    "2019-06-30": {
        "Diluted EPS": -0.01,
        "Total Revenue": 24,
        "Gross Profit": 4,
        "Operating Income": 0,
        "EBIT": 2,
        "Net Income": 0
    },
    "2019-03-31": {
        "Diluted EPS": 0.03,
        "Total Revenue": 23,
        "Gross Profit": 5,
        "Operating Income": 1,
        "EBIT": 2,
        "Net Income": 1
    },
    "2018-12-31": {
        "Diluted EPS": 0.11,
        "Total Revenue": 26,
        "Gross Profit": 8,
        "Operating Income": 4,
        "EBIT": 5,
        "Net Income": 3
    },
    "2018-09-30": {
        "Diluted EPS": -0.01,
        "Total Revenue": 20,
        "Gross Profit": 4,
        "Operating Income": 0,
        "EBIT": 1,
        "Net Income": 0
    },
    "2018-06-30": {
        "Diluted EPS": 0.01,
        "Total Revenue": 20,
        "Gross Profit": 5,
        "Operating Income": 1,
        "EBIT": 2,
        "Net Income": 0
    },
    "2018-03-31": {
        "Diluted EPS": 0.01,
        "Total Revenue": 20,
        "Gross Profit": 4,
        "Operating Income": 0,
        "EBIT": 1,
        "Net Income": 0
    },
    "2017-12-31": {
        "Diluted EPS": -0.01,
        "Total Revenue": 22,
        "Gross Profit": 6,
        "Operating Income": 0,
        "EBIT": 0,
        "Net Income": 0
    },
    "2017-09-30": {
        "Diluted EPS": -0.05,
        "Total Revenue": 18,
        "Gross Profit": 3,
        "Operating Income": -1,
        "EBIT": 0,
        "Net Income": -1
    },
    "2017-06-30": {
        "Diluted EPS": -0.09,
        "Total Revenue": 20,
        "Gross Profit": 4,
        "Operating Income": -2,
        "EBIT": -1,
        "Net Income": -2
    },
    "2017-03-31": {
        "Diluted EPS": -0.02,
        "Total Revenue": 20,
        "Gross Profit": 4,
        "Operating Income": 0,
        "EBIT": 1,
        "Net Income": 0
    },
    "2016-12-31": {
        "Diluted EPS": -0.64,
        "Total Revenue": 20,
        "Gross Profit": 20,
        "Operating Income": -2,
        "EBIT": -2,
        "Net Income": -16
    },
    "2016-09-30": {
        "Diluted EPS": 0.06,
        "Total Revenue": 18,
        "Gross Profit": 18,
        "Operating Income": -2,
        "EBIT": -2,
        "Net Income": 1
    },
    "2016-06-30": {
        "Diluted EPS": -0.06,
        "Total Revenue": 17,
        "Gross Profit": 17,
        "Operating Income": -1,
        "EBIT": 0,
        "Net Income": -2
    },
    "2016-03-31": {
        "Diluted EPS": -0.02,
        "Total Revenue": 16,
        "Gross Profit": 16,
        "Operating Income": 0,
        "EBIT": 0,
        "Net Income": 0
    },
    "2015-12-31": {
        "Diluted EPS": 0.06,
        "Total Revenue": 19,
        "Gross Profit": 19,
        "Operating Income": -5,
        "EBIT": -4,
        "Net Income": 2
    },
    "2015-09-30": {
        "Diluted EPS": -0.08,
        "Total Revenue": 15,
        "Gross Profit": 15,
        "Operating Income": -2,
        "EBIT": -2,
        "Net Income": -2
    },
    "2015-06-30": {
        "Diluted EPS": 0.34,
        "Total Revenue": 15,
        "Gross Profit": 15,
        "Operating Income": -1,
        "EBIT": -1,
        "Net Income": 8
    },
    "2015-03-31": {
        "Diluted EPS": -0.04,
        "Total Revenue": 12,
        "Gross Profit": 12,
        "Operating Income": -2,
        "EBIT": -1,
        "Net Income": -1
    },
    "2014-12-31": {
        "Diluted EPS": 0.07,
        "Total Revenue": 14,
        "Gross Profit": 14,
        "Operating Income": -1,
        "EBIT": -1,
        "Net Income": 2
    },
    "2014-09-30": {
        "Diluted EPS": 0.03,
        "Total Revenue": 12,
        "Gross Profit": 12,
        "Operating Income": 1,
        "EBIT": 1,
        "Net Income": 1
    },
    "2014-06-30": {
        "Diluted EPS": 0.12,
        "Total Revenue": 12,
        "Gross Profit": 12,
        "Operating Income": 1,
        "EBIT": 1,
        "Net Income": 3
    },
    "2014-03-31": {
        "Diluted EPS": -0.03,
        "Total Revenue": 10,
        "Gross Profit": 10,
        "Operating Income": 0,
        "EBIT": 1,
        "Net Income": -1
    },
    "2013-12-31": {
        "Diluted EPS": -1.26,
        "Total Revenue": 11,
        "Gross Profit": 11,
        "Operating Income": -9,
        "EBIT": -10,
        "Net Income": -19
    },
    "2013-09-30": {
        "Diluted EPS": -0.2,
        "Total Revenue": 11,
        "Gross Profit": 11,
        "Operating Income": 1,
        "EBIT": 1,
        "Net Income": -2
    },
    "2013-06-30": {
        "Diluted EPS": -0.04,
        "Total Revenue": 11,
        "Gross Profit": 11,
        "Operating Income": 1,
        "EBIT": 2,
        "Net Income": 0
    },
    "2013-03-31": {
        "Diluted EPS": 0.01,
        "Total Revenue": 11,
        "Gross Profit": 11,
        "Operating Income": 2,
        "EBIT": 2,
        "Net Income": 0
    },
    "2012-12-31": {
        "Diluted EPS": -0.18,
        "Total Revenue": NaN,
        "Gross Profit": NaN,
        "Operating Income": -57,
        "EBIT": -57,
        "Net Income": -2
    },
    "2012-09-30": {
        "Diluted EPS": -0.01,
        "Total Revenue": NaN,
        "Gross Profit": NaN,
        "Operating Income": 0,
        "EBIT": 0,
        "Net Income": 0
    },
    "2012-06-30": {
        "Diluted EPS": -0.01,
        "Total Revenue": NaN,
        "Gross Profit": NaN,
        "Operating Income": 0,
        "EBIT": 0,
        "Net Income": 0
    },
    "2012-03-31": {
        "Diluted EPS": -0.0,
        "Total Revenue": NaN,
        "Gross Profit": NaN,
        "Operating Income": 0,
        "EBIT": 0,
        "Net Income": 0
    },
    "2011-12-31": {
        "Diluted EPS": -0.04,
        "Total Revenue": NaN,
        "Gross Profit": NaN,
        "Operating Income": 0,
        "EBIT": 0,
        "Net Income": 0
    },
    "2011-09-30": {
        "Diluted EPS": 0.0,
        "Total Revenue": NaN,
        "Gross Profit": NaN,
        "Operating Income": 0,
        "EBIT": 0,
        "Net Income": 0
    },
    "2011-06-30": {
        "Diluted EPS": 0.0,
        "Total Revenue": NaN,
        "Gross Profit": NaN,
        "Operating Income": 0,
        "EBIT": 0,
        "Net Income": 0
    },
    "2011-03-31": {
        "Diluted EPS": -0.0,
        "Total Revenue": NaN,
        "Gross Profit": NaN,
        "Operating Income": 0,
        "EBIT": 0,
        "Net Income": 0
    },
    "2023-06-30": {
        "Tax Effect Of Unusual Items": NaN,
        "Tax Rate For Calcs": NaN,
        "Normalized EBITDA": NaN,
        "Total Unusual Items": NaN,
        "Total Unusual Items Excluding Goodwill": NaN,
        "Net Income From Continuing Operation Net Minority Interest": NaN,
        "Reconciled Depreciation": NaN,
        "Reconciled Cost Of Revenue": NaN,
        "EBITDA": NaN,
        "EBIT": NaN,
        "Net Interest Income": NaN,
        "Normalized Income": NaN,
        "Net Income From Continuing And Discontinued Operation": NaN,
        "Total Expenses": NaN,
        "Total Operating Income As Reported": NaN,
        "Diluted Average Shares": 32673457.0,
        "Basic Average Shares": 31782783.0,
        "Diluted EPS": 0.02,
        "Basic EPS": 0.02,
        "Diluted NI Availto Com Stockholders": NaN,
        "Net Income Common Stockholders": NaN,
        "Preferred Stock Dividends": NaN,
        "Net Income": NaN,
        "Minority Interests": NaN,
        "Net Income Including Noncontrolling Interests": NaN,
        "Net Income Continuous Operations": NaN,
        "Tax Provision": NaN,
        "Pretax Income": NaN,
        "Other Income Expense": NaN,
        "Special Income Charges": NaN,
        "Other Special Charges": NaN,
        "Restructuring And Mergern Acquisition": NaN,
        "Net Non Operating Interest Income Expense": NaN,
        "Total Other Finance Cost": NaN,
        "Operating Income": NaN,
        "Operating Expense": NaN,
        "Other Operating Expenses": NaN,
        "Depreciation Amortization Depletion Income Statement": NaN,
        "Depreciation And Amortization In Income Statement": NaN,
        "Selling General And Administration": NaN,
        "General And Administrative Expense": NaN,
        "Other Gand A": NaN,
        "Salaries And Wages": 1234000.0,
        "Gross Profit": NaN,
        "Cost Of Revenue": NaN,
        "Total Revenue": NaN,
        "Operating Revenue": NaN
    },
    "2023-09-30": {
        "Tax Effect Of Unusual Items": NaN,
        "Tax Rate For Calcs": NaN,
        "Normalized EBITDA": NaN,
        "Total Unusual Items": NaN,
        "Total Unusual Items Excluding Goodwill": NaN,
        "Net Income From Continuing Operation Net Minority Interest": NaN,
        "Reconciled Depreciation": NaN,
        "Reconciled Cost Of Revenue": NaN,
        "EBITDA": NaN,
        "EBIT": NaN,
        "Net Interest Income": NaN,
        "Normalized Income": NaN,
        "Net Income From Continuing And Discontinued Operation": NaN,
        "Total Expenses": NaN,
        "Total Operating Income As Reported": NaN,
        "Diluted Average Shares": NaN,
        "Basic Average Shares": NaN,
        "Diluted EPS": NaN,
        "Basic EPS": NaN,
        "Diluted NI Availto Com Stockholders": NaN,
        "Net Income Common Stockholders": NaN,
        "Preferred Stock Dividends": NaN,
        "Net Income": NaN,
        "Minority Interests": NaN,
        "Net Income Including Noncontrolling Interests": NaN,
        "Net Income Continuous Operations": NaN,
        "Tax Provision": NaN,
        "Pretax Income": NaN,
        "Other Income Expense": NaN,
        "Special Income Charges": NaN,
        "Other Special Charges": NaN,
        "Restructuring And Mergern Acquisition": NaN,
        "Net Non Operating Interest Income Expense": NaN,
        "Total Other Finance Cost": NaN,
        "Operating Income": NaN,
        "Operating Expense": NaN,
        "Other Operating Expenses": NaN,
        "Depreciation Amortization Depletion Income Statement": NaN,
        "Depreciation And Amortization In Income Statement": NaN,
        "Selling General And Administration": NaN,
        "General And Administrative Expense": NaN,
        "Other Gand A": NaN,
        "Salaries And Wages": 1244000.0,
        "Gross Profit": NaN,
        "Cost Of Revenue": NaN,
        "Total Revenue": NaN,
        "Operating Revenue": NaN
    },
    "2023-12-31": {
        "Tax Effect Of Unusual Items": -1903020.0,
        "Tax Rate For Calcs": 0.21,
        "Normalized EBITDA": 27820000.0,
        "Total Unusual Items": -9062000.0,
        "Total Unusual Items Excluding Goodwill": -9062000.0,
        "Net Income From Continuing Operation Net Minority Interest": 4642000.0,
        "Reconciled Depreciation": 4770000.0,
        "Reconciled Cost Of Revenue": 68694000.0,
        "EBITDA": 18758000.0,
        "EBIT": 13988000.0,
        "Net Interest Income": -1926000.0,
        "Normalized Income": 11800980.0,
        "Net Income From Continuing And Discontinued Operation": 4642000.0,
        "Total Expenses": 75948000.0,
        "Total Operating Income As Reported": 4926000.0,
        "Diluted Average Shares": NaN,
        "Basic Average Shares": NaN,
        "Diluted EPS": NaN,
        "Basic EPS": NaN,
        "Diluted NI Availto Com Stockholders": 4642000.0,
        "Net Income Common Stockholders": 4642000.0,
        "Preferred Stock Dividends": NaN,
        "Net Income": 4642000.0,
        "Minority Interests": 109000.0,
        "Net Income Including Noncontrolling Interests": 4533000.0,
        "Net Income Continuous Operations": 4533000.0,
        "Tax Provision": -1533000.0,
        "Pretax Income": 3000000.0,
        "Other Income Expense": NaN,
        "Special Income Charges": -9062000.0,
        "Other Special Charges": NaN,
        "Restructuring And Mergern Acquisition": NaN,
        "Net Non Operating Interest Income Expense": -1926000.0,
        "Total Other Finance Cost": 1926000.0,
        "Operating Income": 13988000.0,
        "Operating Expense": 7254000.0,
        "Other Operating Expenses": -5464000.0,
        "Depreciation Amortization Depletion Income Statement": 4770000.0,
        "Depreciation And Amortization In Income Statement": 4770000.0,
        "Selling General And Administration": 7948000.0,
        "General And Administrative Expense": 7948000.0,
        "Other Gand A": 11746000.0,
        "Salaries And Wages": NaN,
        "Gross Profit": 21242000.0,
        "Cost Of Revenue": 68694000.0,
        "Total Revenue": 89936000.0,
        "Operating Revenue": 89936000.0
    },
    "2024-03-31": {
        "Tax Effect Of Unusual Items": NaN,
        "Tax Rate For Calcs": NaN,
        "Normalized EBITDA": NaN,
        "Total Unusual Items": NaN,
        "Total Unusual Items Excluding Goodwill": NaN,
        "Net Income From Continuing Operation Net Minority Interest": NaN,
        "Reconciled Depreciation": NaN,
        "Reconciled Cost Of Revenue": NaN,
        "EBITDA": NaN,
        "EBIT": NaN,
        "Net Interest Income": NaN,
        "Normalized Income": NaN,
        "Net Income From Continuing And Discontinued Operation": NaN,
        "Total Expenses": NaN,
        "Total Operating Income As Reported": NaN,
        "Diluted Average Shares": NaN,
        "Basic Average Shares": NaN,
        "Diluted EPS": NaN,
        "Basic EPS": NaN,
        "Diluted NI Availto Com Stockholders": NaN,
        "Net Income Common Stockholders": NaN,
        "Preferred Stock Dividends": NaN,
        "Net Income": NaN,
        "Minority Interests": NaN,
        "Net Income Including Noncontrolling Interests": NaN,
        "Net Income Continuous Operations": NaN,
        "Tax Provision": NaN,
        "Pretax Income": NaN,
        "Other Income Expense": NaN,
        "Special Income Charges": NaN,
        "Other Special Charges": NaN,
        "Impairment Of Capital Assets": NaN,
        "Restructuring And Mergern Acquisition": NaN,
        "Net Non Operating Interest Income Expense": NaN,
        "Total Other Finance Cost": NaN,
        "Operating Income": NaN,
        "Operating Expense": NaN,
        "Other Operating Expenses": NaN,
        "Depreciation Amortization Depletion Income Statement": NaN,
        "Depreciation And Amortization In Income Statement": NaN,
        "Selling General And Administration": NaN,
        "General And Administrative Expense": NaN,
        "Other Gand A": NaN,
        "Salaries And Wages": 1358000.0,
        "Gross Profit": NaN,
        "Cost Of Revenue": NaN,
        "Total Revenue": NaN,
        "Operating Revenue": NaN
    },
    "2024-06-30": {
        "Tax Effect Of Unusual Items": NaN,
        "Tax Rate For Calcs": NaN,
        "Normalized EBITDA": NaN,
        "Total Unusual Items": NaN,
        "Total Unusual Items Excluding Goodwill": NaN,
        "Net Income From Continuing Operation Net Minority Interest": NaN,
        "Reconciled Depreciation": NaN,
        "Reconciled Cost Of Revenue": NaN,
        "EBITDA": NaN,
        "EBIT": NaN,
        "Net Interest Income": NaN,
        "Normalized Income": NaN,
        "Net Income From Continuing And Discontinued Operation": NaN,
        "Total Expenses": NaN,
        "Total Operating Income As Reported": NaN,
        "Diluted Average Shares": NaN,
        "Basic Average Shares": NaN,
        "Diluted EPS": NaN,
        "Basic EPS": NaN,
        "Diluted NI Availto Com Stockholders": NaN,
        "Net Income Common Stockholders": NaN,
        "Preferred Stock Dividends": NaN,
        "Net Income": NaN,
        "Minority Interests": NaN,
        "Net Income Including Noncontrolling Interests": NaN,
        "Net Income Continuous Operations": NaN,
        "Tax Provision": NaN,
        "Pretax Income": NaN,
        "Other Income Expense": NaN,
        "Special Income Charges": NaN,
        "Other Special Charges": NaN,
        "Impairment Of Capital Assets": NaN,
        "Restructuring And Mergern Acquisition": NaN,
        "Net Non Operating Interest Income Expense": NaN,
        "Total Other Finance Cost": NaN,
        "Operating Income": NaN,
        "Operating Expense": NaN,
        "Other Operating Expenses": NaN,
        "Depreciation Amortization Depletion Income Statement": NaN,
        "Depreciation And Amortization In Income Statement": NaN,
        "Selling General And Administration": NaN,
        "General And Administrative Expense": NaN,
        "Other Gand A": NaN,
        "Salaries And Wages": 1495000.0,
        "Gross Profit": NaN,
        "Cost Of Revenue": NaN,
        "Total Revenue": NaN,
        "Operating Revenue": NaN
    },
    "2024-09-30": {
        "Tax Effect Of Unusual Items": -3132925.095986,
        "Tax Rate For Calcs": 0.338988,
        "Normalized EBITDA": 24254000.0,
        "Total Unusual Items": -9242000.0,
        "Total Unusual Items Excluding Goodwill": -9242000.0,
        "Net Income From Continuing Operation Net Minority Interest": -9304000.0,
        "Reconciled Depreciation": 9416000.0,
        "Reconciled Cost Of Revenue": 166103000.0,
        "EBITDA": 15012000.0,
        "EBIT": 5596000.0,
        "Net Interest Income": -10679000.0,
        "Normalized Income": -3194925.095986,
        "Net Income From Continuing And Discontinued Operation": -9304000.0,
        "Total Expenses": 188379000.0,
        "Total Operating Income As Reported": -3646000.0,
        "Diluted Average Shares": 31008275.0,
        "Basic Average Shares": 31008275.0,
        "Diluted EPS": -0.53,
        "Basic EPS": -0.53,
        "Diluted NI Availto Com Stockholders": -16429000.0,
        "Net Income Common Stockholders": -16429000.0,
        "Preferred Stock Dividends": 7125000.0,
        "Net Income": -9304000.0,
        "Minority Interests": 165000.0,
        "Net Income Including Noncontrolling Interests": -9469000.0,
        "Net Income Continuous Operations": -9469000.0,
        "Tax Provision": -4856000.0,
        "Pretax Income": -14325000.0,
        "Other Income Expense": -9242000.0,
        "Special Income Charges": -9242000.0,
        "Other Special Charges": 2118000.0,
        "Impairment Of Capital Assets": 0.0,
        "Restructuring And Mergern Acquisition": 7124000.0,
        "Net Non Operating Interest Income Expense": -10679000.0,
        "Total Other Finance Cost": 10679000.0,
        "Operating Income": 5596000.0,
        "Operating Expense": 22276000.0,
        "Other Operating Expenses": 46000.0,
        "Depreciation Amortization Depletion Income Statement": 9416000.0,
        "Depreciation And Amortization In Income Statement": 9416000.0,
        "Selling General And Administration": 12814000.0,
        "General And Administrative Expense": 12814000.0,
        "Other Gand A": 12814000.0,
        "Salaries And Wages": 1580000.0,
        "Gross Profit": 27872000.0,
        "Cost Of Revenue": 166103000.0,
        "Total Revenue": 193975000.0,
        "Operating Revenue": 193975000.0
    },
    "2024-12-31": {
        "Tax Effect Of Unusual Items": -2183305.726872,
        "Tax Rate For Calcs": 0.152423,
        "Normalized EBITDA": 52800000.0,
        "Total Unusual Items": -14324000.0,
        "Total Unusual Items Excluding Goodwill": -14324000.0,
        "Net Income From Continuing Operation Net Minority Interest": 2064000.0,
        "Reconciled Depreciation": 11395000.0,
        "Reconciled Cost Of Revenue": 177657000.0,
        "EBITDA": 38476000.0,
        "EBIT": 27081000.0,
        "Net Interest Income": -10487000.0,
        "Normalized Income": 14204694.273128,
        "Net Income From Continuing And Discontinued Operation": 2064000.0,
        "Total Expenses": 194799000.0,
        "Total Operating Income As Reported": 12757000.0,
        "Diluted Average Shares": 30850443.0,
        "Basic Average Shares": 30850443.0,
        "Diluted EPS": -0.18,
        "Basic EPS": -0.18,
        "Diluted NI Availto Com Stockholders": -5415000.0,
        "Net Income Common Stockholders": -5415000.0,
        "Preferred Stock Dividends": 7479000.0,
        "Net Income": 2064000.0,
        "Minority Interests": 140000.0,
        "Net Income Including Noncontrolling Interests": 1924000.0,
        "Net Income Continuous Operations": 1924000.0,
        "Tax Provision": 346000.0,
        "Pretax Income": 2270000.0,
        "Other Income Expense": -14324000.0,
        "Special Income Charges": -14324000.0,
        "Other Special Charges": 10584000.0,
        "Impairment Of Capital Assets": NaN,
        "Restructuring And Mergern Acquisition": 3740000.0,
        "Net Non Operating Interest Income Expense": -10487000.0,
        "Total Other Finance Cost": 10487000.0,
        "Operating Income": 27081000.0,
        "Operating Expense": 17142000.0,
        "Other Operating Expenses": -7482000.0,
        "Depreciation Amortization Depletion Income Statement": 11395000.0,
        "Depreciation And Amortization In Income Statement": 11395000.0,
        "Selling General And Administration": 13229000.0,
        "General And Administrative Expense": 13229000.0,
        "Other Gand A": 13229000.0,
        "Salaries And Wages": NaN,
        "Gross Profit": 44223000.0,
        "Cost Of Revenue": 177657000.0,
        "Total Revenue": 221880000.0,
        "Operating Revenue": 221880000.0
    },
    "2025-03-31": {
        "Tax Effect Of Unusual Items": -1739560.0,
        "Tax Rate For Calcs": 0.314,
        "Normalized EBITDA": 31638000.0,
        "Total Unusual Items": -5540000.0,
        "Total Unusual Items Excluding Goodwill": -5540000.0,
        "Net Income From Continuing Operation Net Minority Interest": 975000.0,
        "Reconciled Depreciation": 9829000.0,
        "Reconciled Cost Of Revenue": 171895000.0,
        "EBITDA": 26098000.0,
        "EBIT": 16269000.0,
        "Net Interest Income": -9822000.0,
        "Normalized Income": 4775440.0,
        "Net Income From Continuing And Discontinued Operation": 975000.0,
        "Total Expenses": 194860000.0,
        "Total Operating Income As Reported": 10729000.0,
        "Diluted Average Shares": 31045156.0,
        "Basic Average Shares": 31045156.0,
        "Diluted EPS": -0.21,
        "Basic EPS": -0.21,
        "Diluted NI Availto Com Stockholders": -6616000.0,
        "Net Income Common Stockholders": -6616000.0,
        "Preferred Stock Dividends": 7591000.0,
        "Net Income": 975000.0,
        "Minority Interests": 353000.0,
        "Net Income Including Noncontrolling Interests": 622000.0,
        "Net Income Continuous Operations": 622000.0,
        "Tax Provision": 285000.0,
        "Pretax Income": 907000.0,
        "Other Income Expense": -5540000.0,
        "Special Income Charges": -5540000.0,
        "Other Special Charges": 1752000.0,
        "Impairment Of Capital Assets": NaN,
        "Restructuring And Mergern Acquisition": 3788000.0,
        "Net Non Operating Interest Income Expense": -9822000.0,
        "Total Other Finance Cost": 9822000.0,
        "Operating Income": 16269000.0,
        "Operating Expense": 22965000.0,
        "Other Operating Expenses": 45000.0,
        "Depreciation Amortization Depletion Income Statement": 9829000.0,
        "Depreciation And Amortization In Income Statement": 9829000.0,
        "Selling General And Administration": 13091000.0,
        "General And Administrative Expense": 13091000.0,
        "Other Gand A": 13091000.0,
        "Salaries And Wages": 1632000.0,
        "Gross Profit": 39234000.0,
        "Cost Of Revenue": 171895000.0,
        "Total Revenue": 211129000.0,
        "Operating Revenue": 211129000.0
    },
    "2025-06-30": {
        "Tax Effect Of Unusual Items": -2357040.0,
        "Tax Rate For Calcs": 0.21,
        "Normalized EBITDA": 33980000.0,
        "Total Unusual Items": -11224000.0,
        "Total Unusual Items Excluding Goodwill": -11224000.0,
        "Net Income From Continuing Operation Net Minority Interest": -10104000.0,
        "Reconciled Depreciation": 10870000.0,
        "Reconciled Cost Of Revenue": 172683000.0,
        "EBITDA": 22756000.0,
        "EBIT": 11886000.0,
        "Net Interest Income": -10295000.0,
        "Normalized Income": -1237040.0,
        "Net Income From Continuing And Discontinued Operation": -10104000.0,
        "Total Expenses": 195493000.0,
        "Total Operating Income As Reported": 662000.0,
        "Diluted Average Shares": 30935737.0,
        "Basic Average Shares": 30935737.0,
        "Diluted EPS": -0.59,
        "Basic EPS": -0.59,
        "Diluted NI Availto Com Stockholders": -18241000.0,
        "Net Income Common Stockholders": -18241000.0,
        "Preferred Stock Dividends": 8137000.0,
        "Net Income": -10104000.0,
        "Minority Interests": 228000.0,
        "Net Income Including Noncontrolling Interests": -10332000.0,
        "Net Income Continuous Operations": -10332000.0,
        "Tax Provision": 699000.0,
        "Pretax Income": -9633000.0,
        "Other Income Expense": -11224000.0,
        "Special Income Charges": -11224000.0,
        "Other Special Charges": 7214000.0,
        "Impairment Of Capital Assets": NaN,
        "Restructuring And Mergern Acquisition": 4010000.0,
        "Net Non Operating Interest Income Expense": -10295000.0,
        "Total Other Finance Cost": 10295000.0,
        "Operating Income": 11886000.0,
        "Operating Expense": 22810000.0,
        "Other Operating Expenses": 278000.0,
        "Depreciation Amortization Depletion Income Statement": 10870000.0,
        "Depreciation And Amortization In Income Statement": 10870000.0,
        "Selling General And Administration": 11662000.0,
        "General And Administrative Expense": 11662000.0,
        "Other Gand A": 11662000.0,
        "Salaries And Wages": NaN,
        "Gross Profit": 34696000.0,
        "Cost Of Revenue": 172683000.0,
        "Total Revenue": 207379000.0,
        "Operating Revenue": 207379000.0
    },
    "2025-09-30": {
        "Tax Effect Of Unusual Items": -1349460.0,
        "Tax Rate For Calcs": 0.21,
        "Normalized EBITDA": 16509000.0,
        "Total Unusual Items": -6426000.0,
        "Total Unusual Items Excluding Goodwill": -6426000.0,
        "Net Income From Continuing Operation Net Minority Interest": -76740000.0,
        "Reconciled Depreciation": 11530000.0,
        "Reconciled Cost Of Revenue": 157313000.0,
        "EBITDA": 10083000.0,
        "EBIT": -1447000.0,
        "Net Interest Income": -10483000.0,
        "Normalized Income": -71663460.0,
        "Net Income From Continuing And Discontinued Operation": -76740000.0,
        "Total Expenses": 181647000.0,
        "Total Operating Income As Reported": -7873000.0,
        "Diluted Average Shares": 30966736.0,
        "Basic Average Shares": 30966736.0,
        "Diluted EPS": -2.75,
        "Basic EPS": -2.75,
        "Diluted NI Availto Com Stockholders": -85275000.0,
        "Net Income Common Stockholders": -85275000.0,
        "Preferred Stock Dividends": 8535000.0,
        "Net Income": -76740000.0,
        "Minority Interests": 757000.0,
        "Net Income Including Noncontrolling Interests": -77497000.0,
        "Net Income Continuous Operations": -77497000.0,
        "Tax Provision": 59141000.0,
        "Pretax Income": -18356000.0,
        "Other Income Expense": -6426000.0,
        "Special Income Charges": -6426000.0,
        "Other Special Charges": 420000.0,
        "Impairment Of Capital Assets": 3386000.0,
        "Restructuring And Mergern Acquisition": 2620000.0,
        "Net Non Operating Interest Income Expense": -10483000.0,
        "Total Other Finance Cost": 10483000.0,
        "Operating Income": -1447000.0,
        "Operating Expense": 24334000.0,
        "Other Operating Expenses": -470000.0,
        "Depreciation Amortization Depletion Income Statement": 11530000.0,
        "Depreciation And Amortization In Income Statement": 11530000.0,
        "Selling General And Administration": 13274000.0,
        "General And Administrative Expense": 13274000.0,
        "Other Gand A": 13274000.0,
        "Salaries And Wages": NaN,
        "Gross Profit": 22887000.0,
        "Cost Of Revenue": 157313000.0,
        "Total Revenue": 180200000.0,
        "Operating Revenue": 180200000.0
    }
}