{
    "2023-03-31": {
        "Tax Effect Of Unusual Items": NaN,
        "Tax Rate For Calcs": NaN,
        "Normalized EBITDA": NaN,
        "Total Unusual Items": NaN,
        "Total Unusual Items Excluding Goodwill": NaN,
        "Net Income From Continuing Operation Net Minority Interest": NaN,
        "Reconciled Depreciation": NaN,
        "Reconciled Cost Of Revenue": NaN,
        "EBITDA": NaN,
        "EBIT": NaN,
        "Net Interest Income": NaN,
        "Interest Expense": NaN,
        "Interest Income": NaN,
        "Normalized Income": NaN,
        "Net Income From Continuing And Discontinued Operation": NaN,
        "Total Expenses": NaN,
        "Diluted Average Shares": 324911839.0,
        "Basic Average Shares": 312748594.0,
        "Diluted EPS": 0.7,
        "Basic EPS": 0.72,
        "Diluted NI Availto Com Stockholders": NaN,
        "Net Income Common Stockholders": NaN,
        "Net Income": NaN,
        "Minority Interests": NaN,
        "Net Income Including Noncontrolling Interests": NaN,
        "Net Income Continuous Operations": NaN,
        "Tax Provision": NaN,
        "Pretax Income": NaN,
        "Other Income Expense": NaN,
        "Other Non Operating Income Expenses": NaN,
        "Earnings From Equity Interest": NaN,
        "Gain On Sale Of Security": NaN,
        "Net Non Operating Interest Income Expense": NaN,
        "Total Other Finance Cost": NaN,
        "Interest Expense Non Operating": NaN,
        "Interest Income Non Operating": NaN,
        "Operating Income": NaN,
        "Operating Expense": NaN,
        "Selling General And Administration": NaN,
        "Selling And Marketing Expense": NaN,
        "General And Administrative Expense": NaN,
        "Other Gand A": NaN,
        "Gross Profit": NaN,
        "Cost Of Revenue": NaN,
        "Total Revenue": NaN,
        "Operating Revenue": NaN
    },
    "2022-12-31": {
        "Tax Effect Of Unusual Items": NaN,
        "Tax Rate For Calcs": NaN,
        "Normalized EBITDA": NaN,
        "Total Unusual Items": NaN,
        "Total Unusual Items Excluding Goodwill": NaN,
        "Net Income From Continuing Operation Net Minority Interest": NaN,
        "Reconciled Depreciation": NaN,
        "Reconciled Cost Of Revenue": NaN,
        "EBITDA": NaN,
        "EBIT": NaN,
        "Net Interest Income": NaN,
        "Interest Expense": NaN,
        "Interest Income": NaN,
        "Normalized Income": NaN,
        "Net Income From Continuing And Discontinued Operation": NaN,
        "Total Expenses": NaN,
        "Diluted Average Shares": 312639827.0,
        "Basic Average Shares": 312639827.0,
        "Diluted EPS": 0.252047,
        "Basic EPS": 0.252047,
        "Diluted NI Availto Com Stockholders": NaN,
        "Net Income Common Stockholders": NaN,
        "Net Income": NaN,
        "Minority Interests": NaN,
        "Net Income Including Noncontrolling Interests": NaN,
        "Net Income Continuous Operations": NaN,
        "Tax Provision": NaN,
        "Pretax Income": NaN,
        "Other Income Expense": NaN,
        "Other Non Operating Income Expenses": NaN,
        "Earnings From Equity Interest": NaN,
        "Gain On Sale Of Security": NaN,
        "Net Non Operating Interest Income Expense": NaN,
        "Total Other Finance Cost": NaN,
        "Interest Expense Non Operating": NaN,
        "Interest Income Non Operating": NaN,
        "Operating Income": NaN,
        "Operating Expense": NaN,
        "Selling General And Administration": NaN,
        "Selling And Marketing Expense": NaN,
        "General And Administrative Expense": NaN,
        "Other Gand A": NaN,
        "Gross Profit": NaN,
        "Cost Of Revenue": NaN,
        "Total Revenue": NaN,
        "Operating Revenue": NaN
    },
    "2022-09-30": {
        "Tax Effect Of Unusual Items": 22345233.26572,
        "Tax Rate For Calcs": 0.200406,
        "Normalized EBITDA": 1279100000.0,
        "Total Unusual Items": 111500000.0,
        "Total Unusual Items Excluding Goodwill": 111500000.0,
        "Net Income From Continuing Operation Net Minority Interest": 197100000.0,
        "Reconciled Depreciation": 203800000.0,
        "Reconciled Cost Of Revenue": 671300000.0,
        "EBITDA": 1390600000.0,
        "EBIT": 1186800000.0,
        "Net Interest Income": -787600000.0,
        "Interest Expense": 940300000.0,
        "Interest Income": 152700000.0,
        "Normalized Income": 107945233.26572,
        "Net Income From Continuing And Discontinued Operation": 197100000.0,
        "Total Expenses": 1340600000.0,
        "Diluted Average Shares": 312396238.0,
        "Basic Average Shares": 312396238.0,
        "Diluted EPS": 0.62,
        "Basic EPS": 0.65,
        "Diluted NI Availto Com Stockholders": 197100000.0,
        "Net Income Common Stockholders": 197100000.0,
        "Net Income": 197100000.0,
        "Minority Interests": 5097000.0,
        "Net Income Including Noncontrolling Interests": 197100000.0,
        "Net Income Continuous Operations": 197100000.0,
        "Tax Provision": 49400000.0,
        "Pretax Income": 246500000.0,
        "Other Income Expense": 19000000.0,
        "Other Non Operating Income Expenses": -91300000.0,
        "Earnings From Equity Interest": -1200000.0,
        "Gain On Sale Of Security": 111500000.0,
        "Net Non Operating Interest Income Expense": -787600000.0,
        "Total Other Finance Cost": NaN,
        "Interest Expense Non Operating": 940300000.0,
        "Interest Income Non Operating": 152700000.0,
        "Operating Income": 1015200000.0,
        "Operating Expense": 669300000.0,
        "Selling General And Administration": 669300000.0,
        "Selling And Marketing Expense": 385400000.0,
        "General And Administrative Expense": 283900000.0,
        "Other Gand A": 283900000.0,
        "Gross Profit": 1684500000.0,
        "Cost Of Revenue": 671300000.0,
        "Total Revenue": 2355800000.0,
        "Operating Revenue": 2355800000.0
    },
    "2022-06-30": {
        "Tax Effect Of Unusual Items": -340031600.0,
        "Tax Rate For Calcs": 0.4,
        "Normalized EBITDA": 1936670000.0,
        "Total Unusual Items": -850079000.0,
        "Total Unusual Items Excluding Goodwill": -850079000.0,
        "Net Income From Continuing Operation Net Minority Interest": -800614000.0,
        "Reconciled Depreciation": 196881000.0,
        "Reconciled Cost Of Revenue": 1300538000.0,
        "EBITDA": 1086591000.0,
        "EBIT": 889710000.0,
        "Net Interest Income": -1375103000.0,
        "Interest Expense": 1662958000.0,
        "Interest Income": 287855000.0,
        "Normalized Income": -290566600.0,
        "Net Income From Continuing And Discontinued Operation": -800614000.0,
        "Total Expenses": 2530471000.0,
        "Diluted Average Shares": 312161248.0,
        "Basic Average Shares": 312161248.0,
        "Diluted EPS": -1.56,
        "Basic EPS": -1.56,
        "Diluted NI Availto Com Stockholders": -800614000.0,
        "Net Income Common Stockholders": -800614000.0,
        "Net Income": -800614000.0,
        "Minority Interests": 1684000.0,
        "Net Income Including Noncontrolling Interests": -802298000.0,
        "Net Income Continuous Operations": -802298000.0,
        "Tax Provision": 29050000.0,
        "Pretax Income": -773248000.0,
        "Other Income Expense": -954222000.0,
        "Other Non Operating Income Expenses": -102142000.0,
        "Earnings From Equity Interest": -2001000.0,
        "Gain On Sale Of Security": -850079000.0,
        "Net Non Operating Interest Income Expense": -1375103000.0,
        "Total Other Finance Cost": NaN,
        "Interest Expense Non Operating": 1662958000.0,
        "Interest Income Non Operating": 287855000.0,
        "Operating Income": 1556077000.0,
        "Operating Expense": 1229933000.0,
        "Selling General And Administration": 1229933000.0,
        "Selling And Marketing Expense": 719664000.0,
        "General And Administrative Expense": 510269000.0,
        "Other Gand A": 510269000.0,
        "Gross Profit": 2786010000.0,
        "Cost Of Revenue": 1300538000.0,
        "Total Revenue": 4086548000.0,
        "Operating Revenue": 4086548000.0
    },
    "2022-03-31": {
        "Diluted EPS": -0.19,
        "Total Revenue": 396,
        "Gross Profit": 267,
        "Operating Income": 142,
        "EBIT": 177,
        "Net Income": -60
    },
    "2021-12-31": {
        "Diluted EPS": -0.45,
        "Total Revenue": 338,
        "Gross Profit": 222,
        "Operating Income": 211,
        "EBIT": 229,
        "Net Income": -141
    },
    "2021-09-30": {
        "Diluted EPS": -0.78,
        "Total Revenue": 281,
        "Gross Profit": 181,
        "Operating Income": -204,
        "EBIT": -162,
        "Net Income": -240
    },
    "2021-06-30": {
        "Diluted EPS": 0.32,
        "Total Revenue": 116,
        "Gross Profit": 59,
        "Operating Income": 140,
        "EBIT": 159,
        "Net Income": 100
    },
    "2021-03-31": {
        "Diluted EPS": 0.09,
        "Total Revenue": 159,
        "Gross Profit": 115,
        "Operating Income": 56,
        "EBIT": 71,
        "Net Income": 29
    },
    "2020-12-31": {
        "Diluted EPS": 0.18,
        "Total Revenue": 184,
        "Gross Profit": 144,
        "Operating Income": 78,
        "EBIT": 93,
        "Net Income": 59
    },
    "2020-09-30": {
        "Diluted EPS": 0.16,
        "Total Revenue": 174,
        "Gross Profit": 135,
        "Operating Income": 81,
        "EBIT": 93,
        "Net Income": 47
    },
    "2020-06-30": {
        "Diluted EPS": 0.1,
        "Total Revenue": 124,
        "Gross Profit": 87,
        "Operating Income": 42,
        "EBIT": 51,
        "Net Income": 23
    },
    "2020-03-31": {
        "Diluted EPS": 0.13,
        "Total Revenue": 162,
        "Gross Profit": 128,
        "Operating Income": 85,
        "EBIT": 99,
        "Net Income": 36
    },
    "2019-12-31": {
        "Diluted EPS": 0.23,
        "Total Revenue": 192,
        "Gross Profit": 160,
        "Operating Income": 115,
        "EBIT": 130,
        "Net Income": 64
    },
    "2019-09-30": {
        "Diluted EPS": 0.17,
        "Total Revenue": 169,
        "Gross Profit": 141,
        "Operating Income": 94,
        "EBIT": 105,
        "Net Income": 48
    },
    "2019-06-30": {
        "Diluted EPS": 0.16,
        "Total Revenue": 150,
        "Gross Profit": 124,
        "Operating Income": 74,
        "EBIT": 82,
        "Net Income": 44
    },
    "2019-03-31": {
        "Diluted EPS": 0.17,
        "Total Revenue": 142,
        "Gross Profit": 120,
        "Operating Income": 83,
        "EBIT": 91,
        "Net Income": 47
    },
    "2018-12-31": {
        "Diluted EPS": 0.14,
        "Total Revenue": 139,
        "Gross Profit": 139,
        "Operating Income": 139,
        "EBIT": 139,
        "Net Income": 33
    },
    "2018-09-30": {
        "Diluted EPS": 0.1,
        "Total Revenue": 105,
        "Gross Profit": 105,
        "Operating Income": 105,
        "EBIT": 105,
        "Net Income": 23
    },
    "2023-06-30": {
        "Tax Effect Of Unusual Items": NaN,
        "Tax Rate For Calcs": NaN,
        "Normalized EBITDA": NaN,
        "Total Unusual Items": NaN,
        "Total Unusual Items Excluding Goodwill": NaN,
        "Net Income From Continuing Operation Net Minority Interest": NaN,
        "Reconciled Depreciation": NaN,
        "Reconciled Cost Of Revenue": NaN,
        "EBITDA": NaN,
        "EBIT": NaN,
        "Net Interest Income": NaN,
        "Interest Expense": NaN,
        "Interest Income": NaN,
        "Normalized Income": NaN,
        "Net Income From Continuing And Discontinued Operation": NaN,
        "Total Expenses": NaN,
        "Diluted Average Shares": 326912231.0,
        "Basic Average Shares": 313074253.0,
        "Diluted EPS": 0.9,
        "Basic EPS": 0.98,
        "Diluted NI Availto Com Stockholders": NaN,
        "Net Income Common Stockholders": NaN,
        "Net Income": NaN,
        "Minority Interests": NaN,
        "Net Income Including Noncontrolling Interests": NaN,
        "Net Income Continuous Operations": NaN,
        "Tax Provision": NaN,
        "Pretax Income": NaN,
        "Other Income Expense": NaN,
        "Other Non Operating Income Expenses": NaN,
        "Earnings From Equity Interest": NaN,
        "Gain On Sale Of Security": NaN,
        "Net Non Operating Interest Income Expense": NaN,
        "Total Other Finance Cost": NaN,
        "Interest Expense Non Operating": NaN,
        "Interest Income Non Operating": NaN,
        "Operating Income": NaN,
        "Operating Expense": NaN,
        "Selling General And Administration": NaN,
        "Selling And Marketing Expense": NaN,
        "General And Administrative Expense": NaN,
        "Other Gand A": NaN,
        "Gross Profit": NaN,
        "Cost Of Revenue": NaN,
        "Total Revenue": NaN,
        "Operating Revenue": NaN
    },
    "2023-09-30": {
        "Tax Effect Of Unusual Items": NaN,
        "Tax Rate For Calcs": NaN,
        "Normalized EBITDA": NaN,
        "Total Unusual Items": NaN,
        "Total Unusual Items Excluding Goodwill": NaN,
        "Net Income From Continuing Operation Net Minority Interest": NaN,
        "Reconciled Depreciation": NaN,
        "Reconciled Cost Of Revenue": NaN,
        "EBITDA": NaN,
        "EBIT": NaN,
        "Net Interest Income": NaN,
        "Interest Expense": NaN,
        "Interest Income": NaN,
        "Normalized Income": NaN,
        "Net Income From Continuing And Discontinued Operation": NaN,
        "Total Expenses": NaN,
        "Diluted Average Shares": 326888910.0,
        "Basic Average Shares": 313806713.0,
        "Diluted EPS": 1.25,
        "Basic EPS": 1.3,
        "Diluted NI Availto Com Stockholders": NaN,
        "Net Income Common Stockholders": NaN,
        "Net Income": NaN,
        "Minority Interests": NaN,
        "Net Income Including Noncontrolling Interests": NaN,
        "Net Income Continuous Operations": NaN,
        "Tax Provision": NaN,
        "Pretax Income": NaN,
        "Other Income Expense": NaN,
        "Other Non Operating Income Expenses": NaN,
        "Earnings From Equity Interest": NaN,
        "Gain On Sale Of Security": NaN,
        "Net Non Operating Interest Income Expense": NaN,
        "Total Other Finance Cost": NaN,
        "Interest Expense Non Operating": NaN,
        "Interest Income Non Operating": NaN,
        "Operating Income": NaN,
        "Operating Expense": NaN,
        "Selling General And Administration": NaN,
        "Selling And Marketing Expense": NaN,
        "General And Administrative Expense": NaN,
        "Other Gand A": NaN,
        "Gross Profit": NaN,
        "Cost Of Revenue": NaN,
        "Total Revenue": NaN,
        "Operating Revenue": NaN
    },
    "2023-12-31": {
        "Tax Effect Of Unusual Items": 18443.270116,
        "Tax Rate For Calcs": 0.111104,
        "Normalized EBITDA": 1134538000.0,
        "Total Unusual Items": 166000.0,
        "Total Unusual Items Excluding Goodwill": 166000.0,
        "Net Income From Continuing Operation Net Minority Interest": 651303000.0,
        "Reconciled Depreciation": 221043000.0,
        "Reconciled Cost Of Revenue": 802694000.0,
        "EBITDA": 1134704000.0,
        "EBIT": 913661000.0,
        "Net Interest Income": -792525000.0,
        "Interest Expense": 175461000.0,
        "Interest Income": 150741000.0,
        "Normalized Income": 651155443.270116,
        "Net Income From Continuing And Discontinued Operation": 651303000.0,
        "Total Expenses": 1565300000.0,
        "Diluted Average Shares": NaN,
        "Basic Average Shares": NaN,
        "Diluted EPS": NaN,
        "Basic EPS": NaN,
        "Diluted NI Availto Com Stockholders": 651303000.0,
        "Net Income Common Stockholders": 651303000.0,
        "Net Income": 651303000.0,
        "Minority Interests": -4880000.0,
        "Net Income Including Noncontrolling Interests": 656183000.0,
        "Net Income Continuous Operations": 656183000.0,
        "Tax Provision": 82017000.0,
        "Pretax Income": 738200000.0,
        "Other Income Expense": -1916000.0,
        "Other Non Operating Income Expenses": -346000.0,
        "Earnings From Equity Interest": -1736000.0,
        "Gain On Sale Of Security": 166000.0,
        "Net Non Operating Interest Income Expense": -792525000.0,
        "Total Other Finance Cost": 767805000.0,
        "Interest Expense Non Operating": 175461000.0,
        "Interest Income Non Operating": 150741000.0,
        "Operating Income": 1532641000.0,
        "Operating Expense": 762606000.0,
        "Selling General And Administration": 762606000.0,
        "Selling And Marketing Expense": 454023000.0,
        "General And Administrative Expense": 308583000.0,
        "Other Gand A": 308583000.0,
        "Gross Profit": 2295247000.0,
        "Cost Of Revenue": 802694000.0,
        "Total Revenue": 3097941000.0,
        "Operating Revenue": 3097941000.0
    },
    "2024-03-31": {
        "Tax Effect Of Unusual Items": 676881.336813,
        "Tax Rate For Calcs": 0.228137,
        "Normalized EBITDA": 900078000.0,
        "Total Unusual Items": 2967000.0,
        "Total Unusual Items Excluding Goodwill": 2967000.0,
        "Net Income From Continuing Operation Net Minority Interest": 372981000.0,
        "Reconciled Depreciation": 217335000.0,
        "Reconciled Cost Of Revenue": 809926000.0,
        "EBITDA": 903045000.0,
        "EBIT": 685710000.0,
        "Net Interest Income": -762257000.0,
        "Interest Expense": 201693000.0,
        "Interest Income": 137257000.0,
        "Normalized Income": 370690881.336813,
        "Net Income From Continuing And Discontinued Operation": 372981000.0,
        "Total Expenses": 1596601000.0,
        "Diluted Average Shares": 316091433.0,
        "Basic Average Shares": 309118623.0,
        "Diluted EPS": 1.18,
        "Basic EPS": 1.21,
        "Diluted NI Availto Com Stockholders": 372981000.0,
        "Net Income Common Stockholders": 372981000.0,
        "Net Income": 372981000.0,
        "Minority Interests": -614000.0,
        "Net Income Including Noncontrolling Interests": 373595000.0,
        "Net Income Continuous Operations": 373595000.0,
        "Tax Provision": 110422000.0,
        "Pretax Income": 484017000.0,
        "Other Income Expense": -104778000.0,
        "Other Non Operating Income Expenses": -108056000.0,
        "Earnings From Equity Interest": 311000.0,
        "Gain On Sale Of Security": 2967000.0,
        "Net Non Operating Interest Income Expense": -762257000.0,
        "Total Other Finance Cost": 697821000.0,
        "Interest Expense Non Operating": 201693000.0,
        "Interest Income Non Operating": 137257000.0,
        "Operating Income": 1351052000.0,
        "Operating Expense": 786675000.0,
        "Selling General And Administration": 786675000.0,
        "Selling And Marketing Expense": 529675000.0,
        "General And Administrative Expense": 257000000.0,
        "Other Gand A": 257000000.0,
        "Gross Profit": 2137727000.0,
        "Cost Of Revenue": 809926000.0,
        "Total Revenue": 2947653000.0,
        "Operating Revenue": 2947653000.0
    },
    "2024-06-30": {
        "Tax Effect Of Unusual Items": 1670145.0,
        "Tax Rate For Calcs": 0.235,
        "Normalized EBITDA": 1124161000.0,
        "Total Unusual Items": 7107000.0,
        "Total Unusual Items Excluding Goodwill": 7107000.0,
        "Net Income From Continuing Operation Net Minority Interest": 496114000.0,
        "Reconciled Depreciation": 224224000.0,
        "Reconciled Cost Of Revenue": 841374000.0,
        "EBITDA": 1131268000.0,
        "EBIT": 907044000.0,
        "Net Interest Income": -739725000.0,
        "Interest Expense": 255357000.0,
        "Interest Income": 118434000.0,
        "Normalized Income": 490677145.0,
        "Net Income From Continuing And Discontinued Operation": 496114000.0,
        "Total Expenses": 1621791000.0,
        "Diluted Average Shares": 314811241.0,
        "Basic Average Shares": 307828896.0,
        "Diluted EPS": 1.58,
        "Basic EPS": 1.61,
        "Diluted NI Availto Com Stockholders": 496114000.0,
        "Net Income Common Stockholders": 496114000.0,
        "Net Income": 496114000.0,
        "Minority Interests": -2187000.0,
        "Net Income Including Noncontrolling Interests": 498301000.0,
        "Net Income Continuous Operations": 498301000.0,
        "Tax Provision": 153386000.0,
        "Pretax Income": 651687000.0,
        "Other Income Expense": -74237000.0,
        "Other Non Operating Income Expenses": -80920000.0,
        "Earnings From Equity Interest": -424000.0,
        "Gain On Sale Of Security": 7107000.0,
        "Net Non Operating Interest Income Expense": -739725000.0,
        "Total Other Finance Cost": 602802000.0,
        "Interest Expense Non Operating": 255357000.0,
        "Interest Income Non Operating": 118434000.0,
        "Operating Income": 1465649000.0,
        "Operating Expense": 780417000.0,
        "Selling General And Administration": 780417000.0,
        "Selling And Marketing Expense": 524930000.0,
        "General And Administrative Expense": 255487000.0,
        "Other Gand A": 255487000.0,
        "Gross Profit": 2246066000.0,
        "Cost Of Revenue": 841374000.0,
        "Total Revenue": 3087440000.0,
        "Operating Revenue": 3087440000.0
    },
    "2024-09-30": {
        "Tax Effect Of Unusual Items": 3454960.0,
        "Tax Rate For Calcs": 0.19,
        "Normalized EBITDA": 1196537000.0,
        "Total Unusual Items": 18184000.0,
        "Total Unusual Items Excluding Goodwill": 18184000.0,
        "Net Income From Continuing Operation Net Minority Interest": 539692000.0,
        "Reconciled Depreciation": 263833000.0,
        "Reconciled Cost Of Revenue": 859044000.0,
        "EBITDA": 1214721000.0,
        "EBIT": 950888000.0,
        "Net Interest Income": -784783000.0,
        "Interest Expense": 280964000.0,
        "Interest Income": 143935000.0,
        "Normalized Income": 524962960.0,
        "Net Income From Continuing And Discontinued Operation": 539692000.0,
        "Total Expenses": 1675530000.0,
        "Diluted Average Shares": 303571205.0,
        "Basic Average Shares": 297021624.0,
        "Diluted EPS": 1.78,
        "Basic EPS": 1.82,
        "Diluted NI Availto Com Stockholders": 539692000.0,
        "Net Income Common Stockholders": 539692000.0,
        "Net Income": 539692000.0,
        "Minority Interests": -3185000.0,
        "Net Income Including Noncontrolling Interests": 542877000.0,
        "Net Income Continuous Operations": 542877000.0,
        "Tax Provision": 127047000.0,
        "Pretax Income": 669924000.0,
        "Other Income Expense": -83061000.0,
        "Other Non Operating Income Expenses": -101624000.0,
        "Earnings From Equity Interest": 379000.0,
        "Gain On Sale Of Security": 18184000.0,
        "Net Non Operating Interest Income Expense": -784783000.0,
        "Total Other Finance Cost": 647754000.0,
        "Interest Expense Non Operating": 280964000.0,
        "Interest Income Non Operating": 143935000.0,
        "Operating Income": 1537768000.0,
        "Operating Expense": 816486000.0,
        "Selling General And Administration": 816486000.0,
        "Selling And Marketing Expense": 501758000.0,
        "General And Administrative Expense": 314728000.0,
        "Other Gand A": 314728000.0,
        "Gross Profit": 2354254000.0,
        "Cost Of Revenue": 859044000.0,
        "Total Revenue": 3213298000.0,
        "Operating Revenue": 3213298000.0
    },
    "2024-12-31": {
        "Tax Effect Of Unusual Items": -1212608640.0,
        "Tax Rate For Calcs": 0.34,
        "Normalized EBITDA": 1305620000.0,
        "Total Unusual Items": -3566496000.0,
        "Total Unusual Items Excluding Goodwill": -3566496000.0,
        "Net Income From Continuing Operation Net Minority Interest": -2924009000.0,
        "Reconciled Depreciation": 244002000.0,
        "Reconciled Cost Of Revenue": 878783000.0,
        "EBITDA": -2260876000.0,
        "EBIT": -2504878000.0,
        "Net Interest Income": -908351000.0,
        "Interest Expense": 318379000.0,
        "Interest Income": 118675000.0,
        "Normalized Income": -570121640.0,
        "Net Income From Continuing And Discontinued Operation": -2924009000.0,
        "Total Expenses": 1731179000.0,
        "Diluted Average Shares": 293100000.0,
        "Basic Average Shares": 293100000.0,
        "Diluted EPS": -9.968611,
        "Basic EPS": -9.968611,
        "Diluted NI Availto Com Stockholders": -2924009000.0,
        "Net Income Common Stockholders": -2924009000.0,
        "Net Income": -2924009000.0,
        "Minority Interests": -2186000.0,
        "Net Income Including Noncontrolling Interests": -2921823000.0,
        "Net Income Continuous Operations": -2921823000.0,
        "Tax Provision": 98566000.0,
        "Pretax Income": -2823257000.0,
        "Other Income Expense": -3674489000.0,
        "Other Non Operating Income Expenses": -108126000.0,
        "Earnings From Equity Interest": 133000.0,
        "Gain On Sale Of Security": -8447000.0,
        "Net Non Operating Interest Income Expense": -908351000.0,
        "Total Other Finance Cost": 708647000.0,
        "Interest Expense Non Operating": 318379000.0,
        "Interest Income Non Operating": 118675000.0,
        "Operating Income": 1759583000.0,
        "Operating Expense": 852396000.0,
        "Selling General And Administration": 852396000.0,
        "Selling And Marketing Expense": 549112000.0,
        "General And Administrative Expense": 303284000.0,
        "Other Gand A": 303284000.0,
        "Gross Profit": 2611979000.0,
        "Cost Of Revenue": 878783000.0,
        "Total Revenue": 3490762000.0,
        "Operating Revenue": 3490762000.0
    },
    "2025-03-31": {
        "Tax Effect Of Unusual Items": -626239.458467,
        "Tax Rate For Calcs": 0.18954,
        "Normalized EBITDA": 1288030000.0,
        "Total Unusual Items": -3304000.0,
        "Total Unusual Items Excluding Goodwill": -3304000.0,
        "Net Income From Continuing Operation Net Minority Interest": 514458000.0,
        "Reconciled Depreciation": 258399000.0,
        "Reconciled Cost Of Revenue": 933863000.0,
        "EBITDA": 1284726000.0,
        "EBIT": 1026327000.0,
        "Net Interest Income": -904074000.0,
        "Interest Expense": 388730000.0,
        "Interest Income": 189312000.0,
        "Normalized Income": 517135760.541533,
        "Net Income From Continuing And Discontinued Operation": 514458000.0,
        "Total Expenses": 1804894000.0,
        "Diluted Average Shares": 286082045.0,
        "Basic Average Shares": 279845233.0,
        "Diluted EPS": 1.8,
        "Basic EPS": 1.84,
        "Diluted NI Availto Com Stockholders": 514458000.0,
        "Net Income Common Stockholders": 514458000.0,
        "Net Income": 514458000.0,
        "Minority Interests": -2289000.0,
        "Net Income Including Noncontrolling Interests": 516747000.0,
        "Net Income Continuous Operations": 516747000.0,
        "Tax Provision": 120850000.0,
        "Pretax Income": 637597000.0,
        "Other Income Expense": -134067000.0,
        "Other Non Operating Income Expenses": -131124000.0,
        "Earnings From Equity Interest": 361000.0,
        "Gain On Sale Of Security": -3304000.0,
        "Net Non Operating Interest Income Expense": -904074000.0,
        "Total Other Finance Cost": 704656000.0,
        "Interest Expense Non Operating": 388730000.0,
        "Interest Income Non Operating": 189312000.0,
        "Operating Income": 1675738000.0,
        "Operating Expense": 871031000.0,
        "Selling General And Administration": 871031000.0,
        "Selling And Marketing Expense": 593097000.0,
        "General And Administrative Expense": 277934000.0,
        "Other Gand A": 277934000.0,
        "Gross Profit": 2546769000.0,
        "Cost Of Revenue": 933863000.0,
        "Total Revenue": 3480632000.0,
        "Operating Revenue": 3480632000.0
    }
}