{
    "2023-03-31": {
        "Tax Effect Of Unusual Items": NaN,
        "Tax Rate For Calcs": NaN,
        "Normalized EBITDA": NaN,
        "Total Unusual Items": NaN,
        "Total Unusual Items Excluding Goodwill": NaN,
        "Net Income From Continuing Operation Net Minority Interest": NaN,
        "Reconciled Depreciation": NaN,
        "Reconciled Cost Of Revenue": NaN,
        "EBITDA": NaN,
        "EBIT": NaN,
        "Net Interest Income": NaN,
        "Interest Expense": NaN,
        "Interest Income": NaN,
        "Normalized Income": NaN,
        "Net Income From Continuing And Discontinued Operation": NaN,
        "Total Expenses": NaN,
        "Total Operating Income As Reported": NaN,
        "Diluted Average Shares": NaN,
        "Basic Average Shares": NaN,
        "Diluted EPS": NaN,
        "Basic EPS": NaN,
        "Diluted NI Availto Com Stockholders": NaN,
        "Net Income Common Stockholders": NaN,
        "Net Income": NaN,
        "Net Income Including Noncontrolling Interests": NaN,
        "Net Income Continuous Operations": NaN,
        "Pretax Income": NaN,
        "Other Income Expense": NaN,
        "Other Non Operating Income Expenses": NaN,
        "Special Income Charges": NaN,
        "Gain On Sale Of Ppe": NaN,
        "Earnings From Equity Interest": 1441000.0,
        "Net Non Operating Interest Income Expense": NaN,
        "Interest Expense Non Operating": NaN,
        "Interest Income Non Operating": NaN,
        "Operating Income": NaN,
        "Operating Expense": NaN,
        "Selling General And Administration": NaN,
        "General And Administrative Expense": NaN,
        "Other Gand A": NaN,
        "Gross Profit": NaN,
        "Cost Of Revenue": NaN,
        "Total Revenue": NaN,
        "Operating Revenue": NaN
    },
    "2022-12-31": {
        "Tax Effect Of Unusual Items": NaN,
        "Tax Rate For Calcs": NaN,
        "Normalized EBITDA": NaN,
        "Total Unusual Items": NaN,
        "Total Unusual Items Excluding Goodwill": NaN,
        "Net Income From Continuing Operation Net Minority Interest": NaN,
        "Reconciled Depreciation": NaN,
        "Reconciled Cost Of Revenue": NaN,
        "EBITDA": NaN,
        "EBIT": NaN,
        "Net Interest Income": NaN,
        "Interest Expense": NaN,
        "Interest Income": NaN,
        "Normalized Income": NaN,
        "Net Income From Continuing And Discontinued Operation": NaN,
        "Total Expenses": NaN,
        "Total Operating Income As Reported": NaN,
        "Diluted Average Shares": 61096967.0,
        "Basic Average Shares": 55814716.0,
        "Diluted EPS": 4.37,
        "Basic EPS": 4.74,
        "Diluted NI Availto Com Stockholders": NaN,
        "Net Income Common Stockholders": NaN,
        "Net Income": NaN,
        "Net Income Including Noncontrolling Interests": NaN,
        "Net Income Continuous Operations": NaN,
        "Pretax Income": NaN,
        "Other Income Expense": NaN,
        "Other Non Operating Income Expenses": NaN,
        "Special Income Charges": NaN,
        "Gain On Sale Of Ppe": NaN,
        "Earnings From Equity Interest": NaN,
        "Net Non Operating Interest Income Expense": NaN,
        "Interest Expense Non Operating": NaN,
        "Interest Income Non Operating": NaN,
        "Operating Income": NaN,
        "Operating Expense": NaN,
        "Selling General And Administration": NaN,
        "General And Administrative Expense": NaN,
        "Other Gand A": NaN,
        "Gross Profit": NaN,
        "Cost Of Revenue": NaN,
        "Total Revenue": NaN,
        "Operating Revenue": NaN
    },
    "2022-09-30": {
        "Tax Effect Of Unusual Items": 1092800.0,
        "Tax Rate For Calcs": 0.4,
        "Normalized EBITDA": 356724000.0,
        "Total Unusual Items": 2732000.0,
        "Total Unusual Items Excluding Goodwill": 2732000.0,
        "Net Income From Continuing Operation Net Minority Interest": 266165000.0,
        "Reconciled Depreciation": 50989000.0,
        "Reconciled Cost Of Revenue": 160511000.0,
        "EBITDA": 359456000.0,
        "EBIT": 308467000.0,
        "Net Interest Income": -40119000.0,
        "Interest Expense": 42302000.0,
        "Interest Income": 2183000.0,
        "Normalized Income": 264525800.0,
        "Net Income From Continuing And Discontinued Operation": 266165000.0,
        "Total Expenses": 187001000.0,
        "Total Operating Income As Reported": 305727000.0,
        "Diluted Average Shares": 62820207.0,
        "Basic Average Shares": 55003149.0,
        "Diluted EPS": 4.31,
        "Basic EPS": 4.84,
        "Diluted NI Availto Com Stockholders": 266165000.0,
        "Net Income Common Stockholders": 266165000.0,
        "Net Income": 266165000.0,
        "Net Income Including Noncontrolling Interests": 266165000.0,
        "Net Income Continuous Operations": 266165000.0,
        "Pretax Income": 266165000.0,
        "Other Income Expense": 3289000.0,
        "Other Non Operating Income Expenses": 557000.0,
        "Special Income Charges": 2732000.0,
        "Gain On Sale Of Ppe": 2732000.0,
        "Write Off": NaN,
        "Net Non Operating Interest Income Expense": -40119000.0,
        "Interest Expense Non Operating": 42302000.0,
        "Interest Income Non Operating": 2183000.0,
        "Operating Income": 302995000.0,
        "Operating Expense": 26490000.0,
        "Selling General And Administration": 26490000.0,
        "General And Administrative Expense": 26490000.0,
        "Other Gand A": 26490000.0,
        "Gross Profit": 329485000.0,
        "Cost Of Revenue": 160511000.0,
        "Total Revenue": 489996000.0,
        "Operating Revenue": 489996000.0
    },
    "2022-06-30": {
        "Tax Effect Of Unusual Items": -592000.0,
        "Tax Rate For Calcs": 0.4,
        "Normalized EBITDA": 274872000.0,
        "Total Unusual Items": -1480000.0,
        "Total Unusual Items Excluding Goodwill": -1480000.0,
        "Net Income From Continuing Operation Net Minority Interest": 191131000.0,
        "Reconciled Depreciation": 50819000.0,
        "Reconciled Cost Of Revenue": 151227000.0,
        "EBITDA": 273392000.0,
        "EBIT": 222573000.0,
        "Net Interest Income": -39873000.0,
        "Interest Expense": 31442000.0,
        "Interest Income": 836000.0,
        "Normalized Income": 192019000.0,
        "Net Income From Continuing And Discontinued Operation": 191131000.0,
        "Total Expenses": 174030000.0,
        "Total Operating Income As Reported": 229563000.0,
        "Diluted Average Shares": 64419318.0,
        "Basic Average Shares": 55594623.0,
        "Diluted EPS": 3.06,
        "Basic EPS": 3.44,
        "Diluted NI Availto Com Stockholders": 203163000.0,
        "Net Income Common Stockholders": 191131000.0,
        "Net Income": 191131000.0,
        "Net Income Including Noncontrolling Interests": 191131000.0,
        "Net Income Continuous Operations": 191131000.0,
        "Pretax Income": 191131000.0,
        "Other Income Expense": -39000.0,
        "Other Non Operating Income Expenses": 1441000.0,
        "Special Income Charges": -1480000.0,
        "Gain On Sale Of Ppe": -1480000.0,
        "Write Off": NaN,
        "Net Non Operating Interest Income Expense": -39873000.0,
        "Interest Expense Non Operating": 31442000.0,
        "Interest Income Non Operating": 836000.0,
        "Operating Income": 231043000.0,
        "Operating Expense": 22803000.0,
        "Selling General And Administration": 22803000.0,
        "General And Administrative Expense": 22803000.0,
        "Other Gand A": 22803000.0,
        "Gross Profit": 253846000.0,
        "Cost Of Revenue": 151227000.0,
        "Total Revenue": 405073000.0,
        "Operating Revenue": 405073000.0
    },
    "2023-06-30": {
        "Tax Effect Of Unusual Items": NaN,
        "Tax Rate For Calcs": NaN,
        "Normalized EBITDA": NaN,
        "Total Unusual Items": NaN,
        "Total Unusual Items Excluding Goodwill": NaN,
        "Net Income From Continuing Operation Net Minority Interest": NaN,
        "Reconciled Depreciation": NaN,
        "Reconciled Cost Of Revenue": NaN,
        "EBITDA": NaN,
        "EBIT": NaN,
        "Net Interest Income": NaN,
        "Interest Expense": NaN,
        "Interest Income": NaN,
        "Normalized Income": NaN,
        "Net Income From Continuing And Discontinued Operation": NaN,
        "Total Expenses": NaN,
        "Total Operating Income As Reported": NaN,
        "Diluted Average Shares": NaN,
        "Basic Average Shares": NaN,
        "Diluted EPS": NaN,
        "Basic EPS": NaN,
        "Diluted NI Availto Com Stockholders": NaN,
        "Net Income Common Stockholders": NaN,
        "Net Income": NaN,
        "Net Income Including Noncontrolling Interests": NaN,
        "Net Income Continuous Operations": NaN,
        "Pretax Income": NaN,
        "Other Income Expense": NaN,
        "Other Non Operating Income Expenses": NaN,
        "Special Income Charges": NaN,
        "Gain On Sale Of Ppe": NaN,
        "Earnings From Equity Interest": 954000.0,
        "Gain On Sale Of Security": NaN,
        "Net Non Operating Interest Income Expense": NaN,
        "Interest Expense Non Operating": NaN,
        "Interest Income Non Operating": NaN,
        "Operating Income": NaN,
        "Operating Expense": NaN,
        "Selling General And Administration": NaN,
        "General And Administrative Expense": NaN,
        "Other Gand A": NaN,
        "Gross Profit": NaN,
        "Cost Of Revenue": NaN,
        "Total Revenue": NaN,
        "Operating Revenue": NaN
    },
    "2022-03-31": {
        "Diluted EPS": -1.52,
        "Total Revenue": 174,
        "Gross Profit": 87,
        "Operating Income": -47,
        "EBIT": 13,
        "Net Income": -84
    },
    "2021-12-31": {
        "Diluted EPS": -0.82,
        "Total Revenue": 148,
        "Gross Profit": 63,
        "Operating Income": -10,
        "EBIT": 57,
        "Net Income": -46
    },
    "2021-09-30": {
        "Diluted EPS": -1.34,
        "Total Revenue": 119,
        "Gross Profit": 33,
        "Operating Income": -40,
        "EBIT": 27,
        "Net Income": -73
    },
    "2021-06-30": {
        "Diluted EPS": -0.97,
        "Total Revenue": 139,
        "Gross Profit": 57,
        "Operating Income": -15,
        "EBIT": 52,
        "Net Income": -53
    },
    "2021-03-31": {
        "Diluted EPS": -1.15,
        "Total Revenue": 134,
        "Gross Profit": 49,
        "Operating Income": -25,
        "EBIT": 44,
        "Net Income": -62
    },
    "2020-12-31": {
        "Diluted EPS": -1.18,
        "Total Revenue": 138,
        "Gross Profit": 51,
        "Operating Income": -26,
        "EBIT": 45,
        "Net Income": -76
    },
    "2020-09-30": {
        "Diluted EPS": -0.37,
        "Total Revenue": 177,
        "Gross Profit": 91,
        "Operating Income": 14,
        "EBIT": 84,
        "Net Income": -20
    },
    "2020-06-30": {
        "Diluted EPS": 2.4,
        "Total Revenue": 346,
        "Gross Profit": 264,
        "Operating Income": 183,
        "EBIT": 254,
        "Net Income": 144
    },
    "2020-03-31": {
        "Diluted EPS": 0.82,
        "Total Revenue": 254,
        "Gross Profit": 168,
        "Operating Income": 91,
        "EBIT": 161,
        "Net Income": 47
    },
    "2019-12-31": {
        "Diluted EPS": 0.28,
        "Total Revenue": 222,
        "Gross Profit": 134,
        "Operating Income": 59,
        "EBIT": 126,
        "Net Income": 12
    },
    "2019-09-30": {
        "Diluted EPS": -0.93,
        "Total Revenue": 136,
        "Gross Profit": 63,
        "Operating Income": -4,
        "EBIT": 56,
        "Net Income": -45
    },
    "2019-06-30": {
        "Diluted EPS": -0.62,
        "Total Revenue": 151,
        "Gross Profit": 81,
        "Operating Income": 15,
        "EBIT": 74,
        "Net Income": -30
    },
    "2019-03-31": {
        "Diluted EPS": 0.3,
        "Total Revenue": 196,
        "Gross Profit": 126,
        "Operating Income": 60,
        "EBIT": 115,
        "Net Income": 14
    },
    "2018-12-31": {
        "Diluted EPS": 0.11,
        "Total Revenue": 168,
        "Gross Profit": 96,
        "Operating Income": 28,
        "EBIT": 81,
        "Net Income": -18
    },
    "2018-09-30": {
        "Diluted EPS": -2.31,
        "Total Revenue": 119,
        "Gross Profit": 49,
        "Operating Income": -21,
        "EBIT": 25,
        "Net Income": -72
    },
    "2018-06-30": {
        "Diluted EPS": -2.23,
        "Total Revenue": 142,
        "Gross Profit": 71,
        "Operating Income": -3,
        "EBIT": 57,
        "Net Income": -69
    },
    "2018-03-31": {
        "Diluted EPS": -1.03,
        "Total Revenue": 156,
        "Gross Profit": 83,
        "Operating Income": 7,
        "EBIT": 61,
        "Net Income": -32
    },
    "2017-12-31": {
        "Diluted EPS": -1.25,
        "Total Revenue": 148,
        "Gross Profit": 71,
        "Operating Income": -27,
        "EBIT": 24,
        "Net Income": -42
    },
    "2017-09-30": {
        "Diluted EPS": -1.6,
        "Total Revenue": 123,
        "Gross Profit": 63,
        "Operating Income": -7,
        "EBIT": 39,
        "Net Income": -37
    },
    "2017-06-30": {
        "Diluted EPS": -3.8,
        "Total Revenue": 118,
        "Gross Profit": 68,
        "Operating Income": -22,
        "EBIT": 18,
        "Net Income": -68
    },
    "2017-03-31": {
        "Diluted EPS": -0.7,
        "Total Revenue": 123,
        "Gross Profit": 72,
        "Operating Income": 10,
        "EBIT": 50,
        "Net Income": -12
    },
    "2016-12-31": {
        "Diluted EPS": -1.7,
        "Total Revenue": 106,
        "Gross Profit": 59,
        "Operating Income": -10,
        "EBIT": 31,
        "Net Income": -30
    },
    "2016-09-30": {
        "Diluted EPS": -1.7,
        "Total Revenue": 114,
        "Gross Profit": 68,
        "Operating Income": 4,
        "EBIT": 46,
        "Net Income": -27
    },
    "2016-06-30": {
        "Diluted EPS": 0.2,
        "Total Revenue": 137,
        "Gross Profit": 91,
        "Operating Income": 29,
        "EBIT": 70,
        "Net Income": 4
    },
    "2016-03-31": {
        "Diluted EPS": 1.7,
        "Total Revenue": 165,
        "Gross Profit": 117,
        "Operating Income": 54,
        "EBIT": 96,
        "Net Income": 28
    },
    "2015-12-31": {
        "Diluted EPS": 1.9,
        "Total Revenue": 178,
        "Gross Profit": 127,
        "Operating Income": 60,
        "EBIT": 102,
        "Net Income": 34
    },
    "2015-09-30": {
        "Diluted EPS": 4.4,
        "Total Revenue": 228,
        "Gross Profit": 182,
        "Operating Income": 109,
        "EBIT": 154,
        "Net Income": 85
    },
    "2015-06-30": {
        "Diluted EPS": 3.2,
        "Total Revenue": 188,
        "Gross Profit": 146,
        "Operating Income": 79,
        "EBIT": 116,
        "Net Income": 58
    },
    "2015-03-31": {
        "Diluted EPS": 2.5,
        "Total Revenue": 161,
        "Gross Profit": 121,
        "Operating Income": 59,
        "EBIT": 92,
        "Net Income": 41
    },
    "2014-12-31": {
        "Diluted EPS": 0.3,
        "Total Revenue": 126,
        "Gross Profit": 92,
        "Operating Income": 31,
        "EBIT": 59,
        "Net Income": 0
    },
    "2014-09-30": {
        "Diluted EPS": -0.1,
        "Total Revenue": 83,
        "Gross Profit": 61,
        "Operating Income": 5,
        "EBIT": 26,
        "Net Income": -1
    },
    "2014-06-30": {
        "Diluted EPS": 0.0,
        "Total Revenue": 57,
        "Gross Profit": 43,
        "Operating Income": -1,
        "EBIT": 14,
        "Net Income": -1
    },
    "2014-03-31": {
        "Diluted EPS": 2.8,
        "Total Revenue": 77,
        "Gross Profit": 60,
        "Operating Income": 54,
        "EBIT": 67,
        "Net Income": 53
    },
    "2013-12-31": {
        "Diluted EPS": 0.0,
        "Total Revenue": 53,
        "Gross Profit": 40,
        "Operating Income": 27,
        "EBIT": 40,
        "Net Income": 6
    },
    "2013-09-30": {
        "Diluted EPS": 0.0,
        "Total Revenue": 58,
        "Gross Profit": 45,
        "Operating Income": 1,
        "EBIT": 11,
        "Net Income": 1
    },
    "2013-06-30": {
        "Diluted EPS": 0.3,
        "Total Revenue": 52,
        "Gross Profit": 42,
        "Operating Income": 4,
        "EBIT": 12,
        "Net Income": 4
    },
    "2013-03-31": {
        "Diluted EPS": 0.8,
        "Total Revenue": 45,
        "Gross Profit": 36,
        "Operating Income": 8,
        "EBIT": 13,
        "Net Income": 7
    },
    "2012-12-31": {
        "Diluted EPS": -1.0,
        "Total Revenue": 30,
        "Gross Profit": 20,
        "Operating Income": 4,
        "EBIT": 10,
        "Net Income": -5
    },
    "2012-09-30": {
        "Diluted EPS": -3.0,
        "Total Revenue": 29,
        "Gross Profit": 16,
        "Operating Income": -9,
        "EBIT": -1,
        "Net Income": -13
    },
    "2012-06-30": {
        "Diluted EPS": -1.0,
        "Total Revenue": 27,
        "Gross Profit": 13,
        "Operating Income": -3,
        "EBIT": 1,
        "Net Income": -4
    },
    "2012-03-31": {
        "Diluted EPS": -1.4,
        "Total Revenue": 29,
        "Gross Profit": 14,
        "Operating Income": 1,
        "EBIT": 6,
        "Net Income": -5
    },
    "2011-12-31": {
        "Diluted EPS": -25.0,
        "Total Revenue": 23,
        "Gross Profit": 12,
        "Operating Income": -3,
        "EBIT": 3,
        "Net Income": -72
    },
    "2011-09-30": {
        "Diluted EPS": -2.2,
        "Total Revenue": 21,
        "Gross Profit": 11,
        "Operating Income": -5,
        "EBIT": 1,
        "Net Income": -7
    },
    "2011-06-30": {
        "Diluted EPS": -1.0,
        "Total Revenue": 21,
        "Gross Profit": 12,
        "Operating Income": -1,
        "EBIT": 5,
        "Net Income": -3
    },
    "2011-03-31": {
        "Diluted EPS": -0.6,
        "Total Revenue": 17,
        "Gross Profit": 10,
        "Operating Income": 0,
        "EBIT": 5,
        "Net Income": -1
    },
    "2010-12-31": {
        "Diluted EPS": -3.2,
        "Total Revenue": 12,
        "Gross Profit": 5,
        "Operating Income": -1,
        "EBIT": 3,
        "Net Income": -3
    },
    "2010-09-30": {
        "Diluted EPS": -0.9,
        "Total Revenue": 13,
        "Gross Profit": 5,
        "Operating Income": 0,
        "EBIT": 5,
        "Net Income": -2
    },
    "2010-06-30": {
        "Diluted EPS": 0.2,
        "Total Revenue": 7,
        "Gross Profit": 4,
        "Operating Income": 1,
        "EBIT": 3,
        "Net Income": 0
    },
    "2010-03-31": {
        "Diluted EPS": 2.1,
        "Total Revenue": 6,
        "Gross Profit": 4,
        "Operating Income": 2,
        "EBIT": 4,
        "Net Income": 1
    },
    "2009-12-31": {
        "Diluted EPS": 3.0,
        "Total Revenue": 6,
        "Gross Profit": 4,
        "Operating Income": 2,
        "EBIT": 4,
        "Net Income": 2
    },
    "2009-09-30": {
        "Diluted EPS": -5.6,
        "Total Revenue": 6,
        "Gross Profit": 4,
        "Operating Income": 2,
        "EBIT": 4,
        "Net Income": -3
    },
    "2009-06-30": {
        "Diluted EPS": 3.7,
        "Total Revenue": 7,
        "Gross Profit": 5,
        "Operating Income": 2,
        "EBIT": 4,
        "Net Income": 2
    },
    "2009-03-31": {
        "Diluted EPS": 5.0,
        "Total Revenue": 10,
        "Gross Profit": 7,
        "Operating Income": 3,
        "EBIT": 5,
        "Net Income": 3
    },
    "2023-09-30": {
        "Tax Effect Of Unusual Items": NaN,
        "Tax Rate For Calcs": NaN,
        "Normalized EBITDA": NaN,
        "Total Unusual Items": NaN,
        "Total Unusual Items Excluding Goodwill": NaN,
        "Net Income From Continuing Operation Net Minority Interest": NaN,
        "Reconciled Depreciation": NaN,
        "Reconciled Cost Of Revenue": NaN,
        "EBITDA": NaN,
        "EBIT": NaN,
        "Net Interest Income": NaN,
        "Interest Expense": NaN,
        "Interest Income": NaN,
        "Normalized Income": NaN,
        "Net Income From Continuing And Discontinued Operation": NaN,
        "Total Expenses": NaN,
        "Total Operating Income As Reported": NaN,
        "Diluted Average Shares": 51943617.0,
        "Basic Average Shares": 49906783.0,
        "Diluted EPS": 1.93,
        "Basic EPS": 2.01,
        "Diluted NI Availto Com Stockholders": NaN,
        "Net Income Common Stockholders": NaN,
        "Net Income": NaN,
        "Net Income Including Noncontrolling Interests": NaN,
        "Net Income Continuous Operations": NaN,
        "Pretax Income": NaN,
        "Other Income Expense": NaN,
        "Other Non Operating Income Expenses": NaN,
        "Special Income Charges": NaN,
        "Gain On Sale Of Ppe": NaN,
        "Earnings From Equity Interest": 2544000.0,
        "Gain On Sale Of Security": NaN,
        "Net Non Operating Interest Income Expense": NaN,
        "Interest Expense Non Operating": NaN,
        "Interest Income Non Operating": NaN,
        "Operating Income": NaN,
        "Operating Expense": NaN,
        "Selling General And Administration": NaN,
        "General And Administrative Expense": NaN,
        "Other Gand A": NaN,
        "Gross Profit": NaN,
        "Cost Of Revenue": NaN,
        "Total Revenue": NaN,
        "Operating Revenue": NaN
    },
    "2023-12-31": {
        "Tax Effect Of Unusual Items": -8856400.0,
        "Tax Rate For Calcs": 0.4,
        "Normalized EBITDA": 216155000.0,
        "Total Unusual Items": -22141000.0,
        "Total Unusual Items Excluding Goodwill": -22141000.0,
        "Net Income From Continuing Operation Net Minority Interest": 120890000.0,
        "Reconciled Depreciation": 50660000.0,
        "Reconciled Cost Of Revenue": 136842000.0,
        "EBITDA": 194014000.0,
        "EBIT": 143354000.0,
        "Net Interest Income": -25259000.0,
        "Interest Expense": 22464000.0,
        "Interest Income": 4497000.0,
        "Normalized Income": 134174600.0,
        "Net Income From Continuing And Discontinued Operation": 120890000.0,
        "Total Expenses": 168970000.0,
        "Total Operating Income As Reported": 161727000.0,
        "Diluted Average Shares": 51637739.0,
        "Basic Average Shares": 49799818.0,
        "Diluted EPS": 2.34,
        "Basic EPS": 2.43,
        "Diluted NI Availto Com Stockholders": 120890000.0,
        "Net Income Common Stockholders": 120890000.0,
        "Net Income": 120890000.0,
        "Net Income Including Noncontrolling Interests": 120890000.0,
        "Net Income Continuous Operations": 120890000.0,
        "Pretax Income": 120890000.0,
        "Other Income Expense": -21194000.0,
        "Other Non Operating Income Expenses": 947000.0,
        "Special Income Charges": -22141000.0,
        "Gain On Sale Of Ppe": 4892000.0,
        "Earnings From Equity Interest": NaN,
        "Gain On Sale Of Security": NaN,
        "Net Non Operating Interest Income Expense": -25259000.0,
        "Interest Expense Non Operating": 22464000.0,
        "Interest Income Non Operating": 4497000.0,
        "Operating Income": 167343000.0,
        "Operating Expense": 32128000.0,
        "Selling General And Administration": 32128000.0,
        "General And Administrative Expense": 32128000.0,
        "Other Gand A": 32128000.0,
        "Gross Profit": 199471000.0,
        "Cost Of Revenue": 136842000.0,
        "Total Revenue": 336313000.0,
        "Operating Revenue": 336313000.0
    },
    "2024-03-31": {
        "Tax Effect Of Unusual Items": 4532000.0,
        "Tax Rate For Calcs": 0.4,
        "Normalized EBITDA": 287765000.0,
        "Total Unusual Items": 11330000.0,
        "Total Unusual Items Excluding Goodwill": 11330000.0,
        "Net Income From Continuing Operation Net Minority Interest": 214191000.0,
        "Reconciled Depreciation": 47910000.0,
        "Reconciled Cost Of Revenue": 127610000.0,
        "EBITDA": 299095000.0,
        "EBIT": 251185000.0,
        "Net Interest Income": -32404000.0,
        "Interest Expense": 36994000.0,
        "Interest Income": 4590000.0,
        "Normalized Income": 207393000.0,
        "Net Income From Continuing And Discontinued Operation": 214191000.0,
        "Total Expenses": 157699000.0,
        "Total Operating Income As Reported": 244967000.0,
        "Diluted Average Shares": 52069380.0,
        "Basic Average Shares": 49905272.0,
        "Diluted EPS": 4.11,
        "Basic EPS": 4.29,
        "Diluted NI Availto Com Stockholders": 214191000.0,
        "Net Income Common Stockholders": 214191000.0,
        "Net Income": 214191000.0,
        "Net Income Including Noncontrolling Interests": 214191000.0,
        "Net Income Continuous Operations": 214191000.0,
        "Pretax Income": 214191000.0,
        "Other Income Expense": 12958000.0,
        "Other Non Operating Income Expenses": 109000.0,
        "Special Income Charges": 11330000.0,
        "Gain On Sale Of Ppe": 11330000.0,
        "Earnings From Equity Interest": 1519000.0,
        "Gain On Sale Of Security": NaN,
        "Net Non Operating Interest Income Expense": -32404000.0,
        "Interest Expense Non Operating": 36994000.0,
        "Interest Income Non Operating": 4590000.0,
        "Operating Income": 233637000.0,
        "Operating Expense": 30089000.0,
        "Selling General And Administration": 30089000.0,
        "General And Administrative Expense": 30089000.0,
        "Other Gand A": 30089000.0,
        "Gross Profit": 263726000.0,
        "Cost Of Revenue": 127610000.0,
        "Total Revenue": 391336000.0,
        "Operating Revenue": 391336000.0
    },
    "2024-06-30": {
        "Tax Effect Of Unusual Items": 17330000.0,
        "Tax Rate For Calcs": 0.4,
        "Normalized EBITDA": 264000000.0,
        "Total Unusual Items": 43325000.0,
        "Total Unusual Items Excluding Goodwill": 43325000.0,
        "Net Income From Continuing Operation Net Minority Interest": 227321000.0,
        "Reconciled Depreciation": 46677000.0,
        "Reconciled Cost Of Revenue": 133131000.0,
        "EBITDA": 307325000.0,
        "EBIT": 260648000.0,
        "Net Interest Income": -27799000.0,
        "Interest Expense": 33327000.0,
        "Interest Income": 5528000.0,
        "Normalized Income": 201326000.0,
        "Net Income From Continuing And Discontinued Operation": 227321000.0,
        "Total Expenses": 170239000.0,
        "Total Operating Income As Reported": 253746000.0,
        "Diluted Average Shares": 52354175.0,
        "Basic Average Shares": 50024615.0,
        "Diluted EPS": 4.34,
        "Basic EPS": 4.54,
        "Diluted NI Availto Com Stockholders": 227321000.0,
        "Net Income Common Stockholders": 227321000.0,
        "Net Income": 227321000.0,
        "Net Income Including Noncontrolling Interests": 227321000.0,
        "Net Income Continuous Operations": 227321000.0,
        "Pretax Income": 227321000.0,
        "Other Income Expense": 44699000.0,
        "Other Non Operating Income Expenses": 47000.0,
        "Special Income Charges": 43325000.0,
        "Gain On Sale Of Ppe": 43325000.0,
        "Earnings From Equity Interest": 1327000.0,
        "Gain On Sale Of Security": NaN,
        "Net Non Operating Interest Income Expense": -27799000.0,
        "Interest Expense Non Operating": 33327000.0,
        "Interest Income Non Operating": 5528000.0,
        "Operating Income": 210421000.0,
        "Operating Expense": 37108000.0,
        "Selling General And Administration": 37108000.0,
        "General And Administrative Expense": 37108000.0,
        "Other Gand A": 37108000.0,
        "Gross Profit": 247529000.0,
        "Cost Of Revenue": 133131000.0,
        "Total Revenue": 380660000.0,
        "Operating Revenue": 380660000.0
    },
    "2024-09-30": {
        "Tax Effect Of Unusual Items": 28105200.0,
        "Tax Rate For Calcs": 0.4,
        "Normalized EBITDA": 154837000.0,
        "Total Unusual Items": 70263000.0,
        "Total Unusual Items Excluding Goodwill": 70263000.0,
        "Net Income From Continuing Operation Net Minority Interest": 158705000.0,
        "Reconciled Depreciation": 45512000.0,
        "Reconciled Cost Of Revenue": 136240000.0,
        "EBITDA": 225100000.0,
        "EBIT": 179588000.0,
        "Net Interest Income": -18024000.0,
        "Interest Expense": 20883000.0,
        "Interest Income": 2859000.0,
        "Normalized Income": 116547200.0,
        "Net Income From Continuing And Discontinued Operation": 158705000.0,
        "Total Expenses": 166231000.0,
        "Total Operating Income As Reported": 171061000.0,
        "Diluted Average Shares": 50150721.0,
        "Basic Average Shares": 47941734.0,
        "Diluted EPS": 3.16,
        "Basic EPS": 3.31,
        "Diluted NI Availto Com Stockholders": 158705000.0,
        "Net Income Common Stockholders": 158705000.0,
        "Net Income": 158705000.0,
        "Net Income Including Noncontrolling Interests": 158705000.0,
        "Net Income Continuous Operations": 158705000.0,
        "Pretax Income": 158705000.0,
        "Other Income Expense": 74974000.0,
        "Other Non Operating Income Expenses": 1005000.0,
        "Special Income Charges": 69306000.0,
        "Gain On Sale Of Ppe": 69306000.0,
        "Earnings From Equity Interest": 3706000.0,
        "Gain On Sale Of Security": 957000.0,
        "Net Non Operating Interest Income Expense": -18024000.0,
        "Interest Expense Non Operating": 20883000.0,
        "Interest Income Non Operating": 2859000.0,
        "Operating Income": 101755000.0,
        "Operating Expense": 29991000.0,
        "Selling General And Administration": 29991000.0,
        "General And Administrative Expense": 29991000.0,
        "Other Gand A": 29991000.0,
        "Gross Profit": 131746000.0,
        "Cost Of Revenue": 136240000.0,
        "Total Revenue": 267986000.0,
        "Operating Revenue": 267986000.0
    },
    "2024-12-31": {
        "Tax Effect Of Unusual Items": 12767200.0,
        "Tax Rate For Calcs": 0.4,
        "Normalized EBITDA": 82433000.0,
        "Total Unusual Items": 31918000.0,
        "Total Unusual Items Excluding Goodwill": 31918000.0,
        "Net Income From Continuing Operation Net Minority Interest": 68557000.0,
        "Reconciled Depreciation": 45220000.0,
        "Reconciled Cost Of Revenue": 137856000.0,
        "EBITDA": 114351000.0,
        "EBIT": 69131000.0,
        "Net Interest Income": -6840000.0,
        "Interest Expense": 574000.0,
        "Interest Income": 2970000.0,
        "Normalized Income": 49406200.0,
        "Net Income From Continuing And Discontinued Operation": 68557000.0,
        "Total Expenses": 161716000.0,
        "Total Operating Income As Reported": 94829000.0,
        "Diluted Average Shares": 48020815.0,
        "Basic Average Shares": 46335812.0,
        "Diluted EPS": 1.43,
        "Basic EPS": 1.48,
        "Diluted NI Availto Com Stockholders": 68557000.0,
        "Net Income Common Stockholders": 68557000.0,
        "Net Income": 68557000.0,
        "Net Income Including Noncontrolling Interests": 68557000.0,
        "Net Income Continuous Operations": 68557000.0,
        "Pretax Income": 68557000.0,
        "Other Income Expense": 33144000.0,
        "Other Non Operating Income Expenses": 114000.0,
        "Special Income Charges": 44051000.0,
        "Gain On Sale Of Ppe": 52576000.0,
        "Earnings From Equity Interest": 1112000.0,
        "Gain On Sale Of Security": -12133000.0,
        "Net Non Operating Interest Income Expense": -6840000.0,
        "Interest Expense Non Operating": 574000.0,
        "Interest Income Non Operating": 2970000.0,
        "Operating Income": 42253000.0,
        "Operating Expense": 23860000.0,
        "Selling General And Administration": 23860000.0,
        "General And Administrative Expense": 23860000.0,
        "Other Gand A": 23860000.0,
        "Gross Profit": 66113000.0,
        "Cost Of Revenue": 137856000.0,
        "Total Revenue": 203969000.0,
        "Operating Revenue": 203969000.0
    },
    "2025-03-31": {
        "Tax Effect Of Unusual Items": 4541200.0,
        "Tax Rate For Calcs": 0.4,
        "Normalized EBITDA": 111150000.0,
        "Total Unusual Items": 11353000.0,
        "Total Unusual Items Excluding Goodwill": 11353000.0,
        "Net Income From Continuing Operation Net Minority Interest": 58213000.0,
        "Reconciled Depreciation": 44671000.0,
        "Reconciled Cost Of Revenue": 125059000.0,
        "EBITDA": 122503000.0,
        "EBIT": 77832000.0,
        "Net Interest Income": -15096000.0,
        "Interest Expense": 19619000.0,
        "Interest Income": 4523000.0,
        "Normalized Income": 51401200.0,
        "Net Income From Continuing And Discontinued Operation": 58213000.0,
        "Total Expenses": 153571000.0,
        "Total Operating Income As Reported": 60413000.0,
        "Diluted Average Shares": 47729905.0,
        "Basic Average Shares": 46172628.0,
        "Diluted EPS": 1.22,
        "Basic EPS": 1.26,
        "Diluted NI Availto Com Stockholders": 58213000.0,
        "Net Income Common Stockholders": 58213000.0,
        "Net Income": 58213000.0,
        "Net Income Including Noncontrolling Interests": 58213000.0,
        "Net Income Continuous Operations": 58213000.0,
        "Pretax Income": 58213000.0,
        "Other Income Expense": 12896000.0,
        "Other Non Operating Income Expenses": 492000.0,
        "Special Income Charges": 0.0,
        "Gain On Sale Of Ppe": 0.0,
        "Earnings From Equity Interest": 1051000.0,
        "Gain On Sale Of Security": 11353000.0,
        "Net Non Operating Interest Income Expense": -15096000.0,
        "Interest Expense Non Operating": 19619000.0,
        "Interest Income Non Operating": 4523000.0,
        "Operating Income": 60413000.0,
        "Operating Expense": 28512000.0,
        "Selling General And Administration": 28512000.0,
        "General And Administrative Expense": 28512000.0,
        "Other Gand A": 28512000.0,
        "Gross Profit": 88925000.0,
        "Cost Of Revenue": 125059000.0,
        "Total Revenue": 213984000.0,
        "Operating Revenue": 213984000.0
    }
}