{
    "2023-03-31": {
        "Tax Effect Of Unusual Items": NaN,
        "Tax Rate For Calcs": NaN,
        "Normalized EBITDA": NaN,
        "Net Income From Continuing Operation Net Minority Interest": NaN,
        "Reconciled Depreciation": NaN,
        "EBITDA": NaN,
        "EBIT": NaN,
        "Net Interest Income": NaN,
        "Normalized Income": NaN,
        "Net Income From Continuing And Discontinued Operation": NaN,
        "Total Expenses": NaN,
        "Total Operating Income As Reported": NaN,
        "Diluted Average Shares": 42536474.0,
        "Basic Average Shares": 42536474.0,
        "Diluted EPS": -0.53,
        "Basic EPS": -0.53,
        "Diluted NI Availto Com Stockholders": NaN,
        "Net Income Common Stockholders": NaN,
        "Net Income": NaN,
        "Net Income Including Noncontrolling Interests": NaN,
        "Net Income Continuous Operations": NaN,
        "Pretax Income": NaN,
        "Other Income Expense": NaN,
        "Other Non Operating Income Expenses": NaN,
        "Net Non Operating Interest Income Expense": NaN,
        "Total Other Finance Cost": NaN,
        "Operating Income": NaN,
        "Operating Expense": NaN,
        "Research And Development": NaN,
        "Selling General And Administration": NaN,
        "General And Administrative Expense": NaN,
        "Other Gand A": NaN,
        "Total Revenue": NaN,
        "Operating Revenue": NaN
    },
    "2022-12-31": {
        "Tax Effect Of Unusual Items": NaN,
        "Tax Rate For Calcs": NaN,
        "Normalized EBITDA": NaN,
        "Net Income From Continuing Operation Net Minority Interest": NaN,
        "Reconciled Depreciation": NaN,
        "EBITDA": NaN,
        "EBIT": NaN,
        "Net Interest Income": NaN,
        "Normalized Income": NaN,
        "Net Income From Continuing And Discontinued Operation": NaN,
        "Total Expenses": NaN,
        "Total Operating Income As Reported": NaN,
        "Diluted Average Shares": 39434027.0,
        "Basic Average Shares": 39434027.0,
        "Diluted EPS": -0.65,
        "Basic EPS": -0.65,
        "Diluted NI Availto Com Stockholders": NaN,
        "Net Income Common Stockholders": NaN,
        "Net Income": NaN,
        "Net Income Including Noncontrolling Interests": NaN,
        "Net Income Continuous Operations": NaN,
        "Pretax Income": NaN,
        "Other Income Expense": NaN,
        "Other Non Operating Income Expenses": NaN,
        "Net Non Operating Interest Income Expense": NaN,
        "Total Other Finance Cost": NaN,
        "Operating Income": NaN,
        "Operating Expense": NaN,
        "Research And Development": NaN,
        "Selling General And Administration": NaN,
        "General And Administrative Expense": NaN,
        "Other Gand A": NaN,
        "Total Revenue": NaN,
        "Operating Revenue": NaN
    },
    "2022-09-30": {
        "Tax Effect Of Unusual Items": 0.0,
        "Tax Rate For Calcs": 0.0,
        "Normalized EBITDA": -26760000.0,
        "Net Income From Continuing Operation Net Minority Interest": -26111000.0,
        "Reconciled Depreciation": 388000.0,
        "EBITDA": -26760000.0,
        "EBIT": -27148000.0,
        "Net Interest Income": 995000.0,
        "Normalized Income": -26111000.0,
        "Net Income From Continuing And Discontinued Operation": -26111000.0,
        "Total Expenses": 30053000.0,
        "Total Operating Income As Reported": -27148000.0,
        "Diluted Average Shares": 39420310.0,
        "Basic Average Shares": 39420310.0,
        "Diluted EPS": -0.66,
        "Basic EPS": -0.66,
        "Diluted NI Availto Com Stockholders": -26111000.0,
        "Net Income Common Stockholders": -26111000.0,
        "Net Income": -26111000.0,
        "Net Income Including Noncontrolling Interests": -26111000.0,
        "Net Income Continuous Operations": -26111000.0,
        "Pretax Income": -26111000.0,
        "Other Income Expense": 42000.0,
        "Other Non Operating Income Expenses": 42000.0,
        "Net Non Operating Interest Income Expense": 995000.0,
        "Total Other Finance Cost": -995000.0,
        "Operating Income": -27148000.0,
        "Operating Expense": 30053000.0,
        "Research And Development": 20109000.0,
        "Selling General And Administration": 9944000.0,
        "General And Administrative Expense": 9944000.0,
        "Other Gand A": 9944000.0,
        "Total Revenue": 2905000.0,
        "Operating Revenue": 2905000.0
    },
    "2022-06-30": {
        "Tax Effect Of Unusual Items": 0.0,
        "Tax Rate For Calcs": 0.0,
        "Normalized EBITDA": -25238000.0,
        "Net Income From Continuing Operation Net Minority Interest": -24652000.0,
        "Reconciled Depreciation": 302000.0,
        "EBITDA": -25238000.0,
        "EBIT": -25238000.0,
        "Net Interest Income": 544000.0,
        "Interest Income": 544000.0,
        "Normalized Income": -24652000.0,
        "Net Income From Continuing And Discontinued Operation": -24652000.0,
        "Total Expenses": 28469000.0,
        "Total Operating Income As Reported": -25238000.0,
        "Diluted Average Shares": 39258358.0,
        "Basic Average Shares": 39258358.0,
        "Diluted EPS": -0.63,
        "Basic EPS": -0.63,
        "Diluted NI Availto Com Stockholders": -24652000.0,
        "Net Income Common Stockholders": -24652000.0,
        "Net Income": -24652000.0,
        "Net Income Including Noncontrolling Interests": -24652000.0,
        "Net Income Continuous Operations": -24652000.0,
        "Pretax Income": -24652000.0,
        "Other Income Expense": 42000.0,
        "Other Non Operating Income Expenses": 42000.0,
        "Net Non Operating Interest Income Expense": 544000.0,
        "Total Other Finance Cost": -544000.0,
        "Interest Income Non Operating": 544000.0,
        "Operating Income": -25238000.0,
        "Operating Expense": 28469000.0,
        "Research And Development": 18358000.0,
        "Selling General And Administration": 10111000.0,
        "General And Administrative Expense": 10111000.0,
        "Other Gand A": 10111000.0,
        "Total Revenue": 3231000.0,
        "Operating Revenue": 3231000.0
    },
    "2023-06-30": {
        "Tax Effect Of Unusual Items": NaN,
        "Tax Rate For Calcs": NaN,
        "Normalized EBITDA": NaN,
        "Net Income From Continuing Operation Net Minority Interest": NaN,
        "Reconciled Depreciation": NaN,
        "EBITDA": NaN,
        "EBIT": NaN,
        "Net Interest Income": NaN,
        "Normalized Income": NaN,
        "Net Income From Continuing And Discontinued Operation": NaN,
        "Total Expenses": NaN,
        "Total Operating Income As Reported": NaN,
        "Diluted Average Shares": 44188464.0,
        "Basic Average Shares": 44188464.0,
        "Diluted EPS": -0.69,
        "Basic EPS": -0.69,
        "Diluted NI Availto Com Stockholders": NaN,
        "Net Income Common Stockholders": NaN,
        "Net Income": NaN,
        "Net Income Including Noncontrolling Interests": NaN,
        "Net Income Continuous Operations": NaN,
        "Pretax Income": NaN,
        "Other Income Expense": NaN,
        "Other Non Operating Income Expenses": NaN,
        "Net Non Operating Interest Income Expense": NaN,
        "Total Other Finance Cost": NaN,
        "Operating Income": NaN,
        "Operating Expense": NaN,
        "Research And Development": NaN,
        "Selling General And Administration": NaN,
        "General And Administrative Expense": NaN,
        "Other Gand A": NaN,
        "Total Revenue": NaN,
        "Operating Revenue": NaN
    },
    "2023-09-30": {
        "Tax Effect Of Unusual Items": NaN,
        "Tax Rate For Calcs": NaN,
        "Normalized EBITDA": NaN,
        "Net Income From Continuing Operation Net Minority Interest": NaN,
        "Reconciled Depreciation": NaN,
        "EBITDA": NaN,
        "EBIT": NaN,
        "Net Interest Income": NaN,
        "Normalized Income": NaN,
        "Net Income From Continuing And Discontinued Operation": NaN,
        "Total Expenses": NaN,
        "Total Operating Income As Reported": NaN,
        "Diluted Average Shares": 44266017.0,
        "Basic Average Shares": 44266017.0,
        "Diluted EPS": -0.55,
        "Basic EPS": -0.55,
        "Diluted NI Availto Com Stockholders": NaN,
        "Net Income Common Stockholders": NaN,
        "Net Income": NaN,
        "Net Income Including Noncontrolling Interests": NaN,
        "Net Income Continuous Operations": NaN,
        "Pretax Income": NaN,
        "Other Income Expense": NaN,
        "Other Non Operating Income Expenses": NaN,
        "Net Non Operating Interest Income Expense": NaN,
        "Total Other Finance Cost": NaN,
        "Operating Income": NaN,
        "Operating Expense": NaN,
        "Research And Development": NaN,
        "Selling General And Administration": NaN,
        "General And Administrative Expense": NaN,
        "Other Gand A": NaN,
        "Total Revenue": NaN,
        "Operating Revenue": NaN
    },
    "2023-12-31": {
        "Tax Effect Of Unusual Items": 0.0,
        "Tax Rate For Calcs": 0.0,
        "Normalized EBITDA": -28962000.0,
        "Net Income From Continuing Operation Net Minority Interest": -26958000.0,
        "Reconciled Depreciation": 624000.0,
        "EBITDA": -28962000.0,
        "EBIT": -29586000.0,
        "Net Interest Income": 2587000.0,
        "Normalized Income": -26958000.0,
        "Net Income From Continuing And Discontinued Operation": -26958000.0,
        "Total Expenses": 32388000.0,
        "Total Operating Income As Reported": -29586000.0,
        "Diluted Average Shares": NaN,
        "Basic Average Shares": NaN,
        "Diluted EPS": NaN,
        "Basic EPS": NaN,
        "Diluted NI Availto Com Stockholders": -26958000.0,
        "Net Income Common Stockholders": -26958000.0,
        "Net Income": -26958000.0,
        "Net Income Including Noncontrolling Interests": -26958000.0,
        "Net Income Continuous Operations": -26958000.0,
        "Pretax Income": -26958000.0,
        "Other Income Expense": 41000.0,
        "Other Non Operating Income Expenses": 41000.0,
        "Net Non Operating Interest Income Expense": 2587000.0,
        "Total Other Finance Cost": -2587000.0,
        "Operating Income": -29586000.0,
        "Operating Expense": 32388000.0,
        "Research And Development": 21778000.0,
        "Selling General And Administration": 10610000.0,
        "General And Administrative Expense": 10610000.0,
        "Other Gand A": 10610000.0,
        "Total Revenue": 2802000.0,
        "Operating Revenue": 2802000.0
    },
    "2024-03-31": {
        "Tax Effect Of Unusual Items": NaN,
        "Tax Rate For Calcs": NaN,
        "Normalized EBITDA": NaN,
        "Net Income From Continuing Operation Net Minority Interest": NaN,
        "Reconciled Depreciation": NaN,
        "EBITDA": NaN,
        "EBIT": NaN,
        "Net Interest Income": NaN,
        "Normalized Income": NaN,
        "Net Income From Continuing And Discontinued Operation": NaN,
        "Total Expenses": NaN,
        "Total Operating Income As Reported": NaN,
        "Diluted Average Shares": NaN,
        "Basic Average Shares": NaN,
        "Diluted EPS": NaN,
        "Basic EPS": NaN,
        "Diluted NI Availto Com Stockholders": NaN,
        "Net Income Common Stockholders": NaN,
        "Net Income": NaN,
        "Net Income Including Noncontrolling Interests": NaN,
        "Net Income Continuous Operations": NaN,
        "Tax Provision": 0.0,
        "Pretax Income": NaN,
        "Other Income Expense": NaN,
        "Other Non Operating Income Expenses": NaN,
        "Net Non Operating Interest Income Expense": NaN,
        "Total Other Finance Cost": NaN,
        "Operating Income": NaN,
        "Operating Expense": NaN,
        "Research And Development": NaN,
        "Selling General And Administration": NaN,
        "General And Administrative Expense": NaN,
        "Other Gand A": NaN,
        "Total Revenue": NaN,
        "Operating Revenue": NaN
    },
    "2024-06-30": {
        "Tax Effect Of Unusual Items": NaN,
        "Tax Rate For Calcs": NaN,
        "Normalized EBITDA": NaN,
        "Net Income From Continuing Operation Net Minority Interest": NaN,
        "Reconciled Depreciation": NaN,
        "EBITDA": NaN,
        "EBIT": NaN,
        "Net Interest Income": NaN,
        "Normalized Income": NaN,
        "Net Income From Continuing And Discontinued Operation": NaN,
        "Total Expenses": NaN,
        "Total Operating Income As Reported": NaN,
        "Diluted Average Shares": NaN,
        "Basic Average Shares": NaN,
        "Diluted EPS": NaN,
        "Basic EPS": NaN,
        "Diluted NI Availto Com Stockholders": NaN,
        "Net Income Common Stockholders": NaN,
        "Net Income": NaN,
        "Net Income Including Noncontrolling Interests": NaN,
        "Net Income Continuous Operations": NaN,
        "Tax Provision": 0.0,
        "Pretax Income": NaN,
        "Other Income Expense": NaN,
        "Other Non Operating Income Expenses": NaN,
        "Net Non Operating Interest Income Expense": NaN,
        "Total Other Finance Cost": NaN,
        "Operating Income": NaN,
        "Operating Expense": NaN,
        "Research And Development": NaN,
        "Selling General And Administration": NaN,
        "General And Administrative Expense": 13037000.0,
        "Other Gand A": 13037000.0,
        "Total Revenue": NaN,
        "Operating Revenue": NaN
    },
    "2024-09-30": {
        "Tax Effect Of Unusual Items": 0.0,
        "Tax Rate For Calcs": 0.0,
        "Normalized EBITDA": -29463000.0,
        "Net Income From Continuing Operation Net Minority Interest": -26430000.0,
        "Reconciled Depreciation": 540000.0,
        "EBITDA": -29463000.0,
        "EBIT": -30003000.0,
        "Net Interest Income": 3545000.0,
        "Normalized Income": -26430000.0,
        "Net Income From Continuing And Discontinued Operation": -26430000.0,
        "Total Expenses": 34897000.0,
        "Total Operating Income As Reported": -30003000.0,
        "Diluted Average Shares": 56341074.0,
        "Basic Average Shares": 56341074.0,
        "Diluted EPS": -0.47,
        "Basic EPS": -0.47,
        "Diluted NI Availto Com Stockholders": -26430000.0,
        "Net Income Common Stockholders": -26430000.0,
        "Net Income": -26430000.0,
        "Net Income Including Noncontrolling Interests": -26430000.0,
        "Net Income Continuous Operations": -26430000.0,
        "Tax Provision": NaN,
        "Pretax Income": -26430000.0,
        "Other Income Expense": 28000.0,
        "Other Non Operating Income Expenses": 28000.0,
        "Net Non Operating Interest Income Expense": 3545000.0,
        "Total Other Finance Cost": -3545000.0,
        "Operating Income": -30003000.0,
        "Operating Expense": 34897000.0,
        "Research And Development": 22205000.0,
        "Selling General And Administration": 12692000.0,
        "General And Administrative Expense": 12692000.0,
        "Other Gand A": 12692000.0,
        "Total Revenue": 4894000.0,
        "Operating Revenue": 4894000.0
    },
    "2024-12-31": {
        "Tax Effect Of Unusual Items": 0.0,
        "Tax Rate For Calcs": 0.0,
        "Normalized EBITDA": -13127000.0,
        "Net Income From Continuing Operation Net Minority Interest": -10482000.0,
        "Reconciled Depreciation": 526000.0,
        "EBITDA": -13127000.0,
        "EBIT": -13653000.0,
        "Net Interest Income": 2970000.0,
        "Normalized Income": -10482000.0,
        "Net Income From Continuing And Discontinued Operation": -10482000.0,
        "Total Expenses": 36267000.0,
        "Total Operating Income As Reported": -13653000.0,
        "Diluted Average Shares": 57029296.0,
        "Basic Average Shares": 57029296.0,
        "Diluted EPS": -0.18,
        "Basic EPS": -0.18,
        "Diluted NI Availto Com Stockholders": -10482000.0,
        "Net Income Common Stockholders": -10482000.0,
        "Net Income": -10482000.0,
        "Net Income Including Noncontrolling Interests": -10482000.0,
        "Net Income Continuous Operations": -10482000.0,
        "Tax Provision": NaN,
        "Pretax Income": -10482000.0,
        "Other Income Expense": 201000.0,
        "Other Non Operating Income Expenses": 201000.0,
        "Net Non Operating Interest Income Expense": 2970000.0,
        "Total Other Finance Cost": -2970000.0,
        "Operating Income": -13653000.0,
        "Operating Expense": 36267000.0,
        "Research And Development": 23423000.0,
        "Selling General And Administration": 12844000.0,
        "General And Administrative Expense": 12844000.0,
        "Other Gand A": 12844000.0,
        "Total Revenue": 22614000.0,
        "Operating Revenue": 22614000.0
    },
    "2025-03-31": {
        "Tax Effect Of Unusual Items": 0.0,
        "Tax Rate For Calcs": 0.011195,
        "Normalized EBITDA": 111717000.0,
        "Net Income From Continuing Operation Net Minority Interest": 112879000.0,
        "Reconciled Depreciation": 477000.0,
        "EBITDA": 111717000.0,
        "EBIT": 111240000.0,
        "Net Interest Income": 2889000.0,
        "Normalized Income": 112879000.0,
        "Net Income From Continuing And Discontinued Operation": 112879000.0,
        "Total Expenses": 47329000.0,
        "Total Operating Income As Reported": 111240000.0,
        "Diluted Average Shares": 59398600.0,
        "Basic Average Shares": 57862674.0,
        "Diluted EPS": 1.9,
        "Basic EPS": 1.95,
        "Diluted NI Availto Com Stockholders": 112879000.0,
        "Net Income Common Stockholders": 112879000.0,
        "Net Income": 112879000.0,
        "Net Income Including Noncontrolling Interests": 112879000.0,
        "Net Income Continuous Operations": 112879000.0,
        "Tax Provision": 1278000.0,
        "Pretax Income": 114157000.0,
        "Other Income Expense": 28000.0,
        "Other Non Operating Income Expenses": 28000.0,
        "Net Non Operating Interest Income Expense": 2889000.0,
        "Total Other Finance Cost": -2889000.0,
        "Operating Income": 111240000.0,
        "Operating Expense": 47329000.0,
        "Research And Development": 32676000.0,
        "Selling General And Administration": 14653000.0,
        "General And Administrative Expense": 14653000.0,
        "Other Gand A": 14653000.0,
        "Total Revenue": 158569000.0,
        "Operating Revenue": 158569000.0
    },
    "2025-06-30": {
        "Tax Effect Of Unusual Items": 0.0,
        "Tax Rate For Calcs": 0.0,
        "Normalized EBITDA": -26854000.0,
        "Net Income From Continuing Operation Net Minority Interest": -23483000.0,
        "Reconciled Depreciation": 446000.0,
        "EBITDA": -26854000.0,
        "EBIT": -27300000.0,
        "Net Interest Income": 3789000.0,
        "Normalized Income": -23483000.0,
        "Net Income From Continuing And Discontinued Operation": -23483000.0,
        "Total Expenses": 41117000.0,
        "Total Operating Income As Reported": -27300000.0,
        "Diluted Average Shares": 58353855.0,
        "Basic Average Shares": 58353855.0,
        "Diluted EPS": -0.4,
        "Basic EPS": -0.4,
        "Diluted NI Availto Com Stockholders": -23483000.0,
        "Net Income Common Stockholders": -23483000.0,
        "Net Income": -23483000.0,
        "Net Income Including Noncontrolling Interests": -23483000.0,
        "Net Income Continuous Operations": -23483000.0,
        "Tax Provision": 0.0,
        "Pretax Income": -23483000.0,
        "Other Income Expense": 28000.0,
        "Other Non Operating Income Expenses": 28000.0,
        "Net Non Operating Interest Income Expense": 3789000.0,
        "Total Other Finance Cost": -3789000.0,
        "Operating Income": -27300000.0,
        "Operating Expense": 41117000.0,
        "Research And Development": 25855000.0,
        "Selling General And Administration": 15262000.0,
        "General And Administrative Expense": 15262000.0,
        "Other Gand A": 15262000.0,
        "Total Revenue": 13817000.0,
        "Operating Revenue": 13817000.0
    },
    "2025-09-30": {
        "Tax Effect Of Unusual Items": 0.0,
        "Tax Rate For Calcs": 0.032252,
        "Normalized EBITDA": -42649000.0,
        "Net Income From Continuing Operation Net Minority Interest": -38347000.0,
        "Reconciled Depreciation": 442000.0,
        "EBITDA": -42649000.0,
        "EBIT": -43091000.0,
        "Net Interest Income": 3463000.0,
        "Normalized Income": -38347000.0,
        "Net Income From Continuing And Discontinued Operation": -38347000.0,
        "Total Expenses": 53723000.0,
        "Total Operating Income As Reported": -43091000.0,
        "Diluted Average Shares": 58611677.0,
        "Basic Average Shares": 58611677.0,
        "Diluted EPS": -0.65,
        "Basic EPS": -0.65,
        "Diluted NI Availto Com Stockholders": -38347000.0,
        "Net Income Common Stockholders": -38347000.0,
        "Net Income": -38347000.0,
        "Net Income Including Noncontrolling Interests": -38347000.0,
        "Net Income Continuous Operations": -38347000.0,
        "Tax Provision": -1278000.0,
        "Pretax Income": -39625000.0,
        "Other Income Expense": 3000.0,
        "Other Non Operating Income Expenses": 3000.0,
        "Net Non Operating Interest Income Expense": 3463000.0,
        "Total Other Finance Cost": -3463000.0,
        "Operating Income": -43091000.0,
        "Operating Expense": 53723000.0,
        "Research And Development": 37696000.0,
        "Selling General And Administration": 16027000.0,
        "General And Administrative Expense": NaN,
        "Other Gand A": NaN,
        "Total Revenue": 10632000.0,
        "Operating Revenue": 10632000.0
    }
}