{
    "2023-06-30": {
        "Tax Effect Of Unusual Items": NaN,
        "Tax Rate For Calcs": NaN,
        "Normalized EBITDA": NaN,
        "Total Unusual Items": NaN,
        "Total Unusual Items Excluding Goodwill": NaN,
        "Net Income From Continuing Operation Net Minority Interest": NaN,
        "Reconciled Depreciation": NaN,
        "Reconciled Cost Of Revenue": NaN,
        "EBITDA": NaN,
        "EBIT": NaN,
        "Normalized Income": NaN,
        "Net Income From Continuing And Discontinued Operation": NaN,
        "Total Expenses": NaN,
        "Total Operating Income As Reported": NaN,
        "Diluted Average Shares": 23964000.0,
        "Basic Average Shares": 23450000.0,
        "Diluted EPS": 0.59,
        "Basic EPS": 0.61,
        "Diluted NI Availto Com Stockholders": NaN,
        "Net Income Common Stockholders": NaN,
        "Net Income": NaN,
        "Net Income Including Noncontrolling Interests": NaN,
        "Net Income Continuous Operations": NaN,
        "Tax Provision": NaN,
        "Pretax Income": NaN,
        "Other Income Expense": NaN,
        "Other Non Operating Income Expenses": NaN,
        "Special Income Charges": NaN,
        "Restructuring And Mergern Acquisition": NaN,
        "Operating Income": NaN,
        "Operating Expense": NaN,
        "Depreciation Amortization Depletion Income Statement": NaN,
        "Depreciation And Amortization In Income Statement": NaN,
        "Amortization": NaN,
        "Amortization Of Intangibles Income Statement": NaN,
        "Selling General And Administration": NaN,
        "General And Administrative Expense": NaN,
        "Other Gand A": NaN,
        "Gross Profit": NaN,
        "Cost Of Revenue": NaN,
        "Total Revenue": NaN,
        "Operating Revenue": NaN
    },
    "2023-03-31": {
        "Tax Effect Of Unusual Items": NaN,
        "Tax Rate For Calcs": NaN,
        "Normalized EBITDA": NaN,
        "Total Unusual Items": NaN,
        "Total Unusual Items Excluding Goodwill": NaN,
        "Net Income From Continuing Operation Net Minority Interest": NaN,
        "Reconciled Depreciation": NaN,
        "Reconciled Cost Of Revenue": NaN,
        "EBITDA": NaN,
        "EBIT": NaN,
        "Normalized Income": NaN,
        "Net Income From Continuing And Discontinued Operation": NaN,
        "Total Expenses": NaN,
        "Total Operating Income As Reported": NaN,
        "Diluted Average Shares": 23430000.0,
        "Basic Average Shares": 23430000.0,
        "Diluted EPS": -0.09,
        "Basic EPS": -0.09,
        "Diluted NI Availto Com Stockholders": NaN,
        "Net Income Common Stockholders": NaN,
        "Net Income": NaN,
        "Net Income Including Noncontrolling Interests": NaN,
        "Net Income Continuous Operations": NaN,
        "Tax Provision": NaN,
        "Pretax Income": NaN,
        "Other Income Expense": NaN,
        "Other Non Operating Income Expenses": NaN,
        "Special Income Charges": NaN,
        "Restructuring And Mergern Acquisition": NaN,
        "Operating Income": NaN,
        "Operating Expense": NaN,
        "Depreciation Amortization Depletion Income Statement": NaN,
        "Depreciation And Amortization In Income Statement": NaN,
        "Amortization": NaN,
        "Amortization Of Intangibles Income Statement": NaN,
        "Selling General And Administration": NaN,
        "General And Administrative Expense": NaN,
        "Other Gand A": NaN,
        "Gross Profit": NaN,
        "Cost Of Revenue": NaN,
        "Total Revenue": NaN,
        "Operating Revenue": NaN
    },
    "2022-12-31": {
        "Tax Effect Of Unusual Items": NaN,
        "Tax Rate For Calcs": NaN,
        "Normalized EBITDA": NaN,
        "Total Unusual Items": NaN,
        "Total Unusual Items Excluding Goodwill": NaN,
        "Net Income From Continuing Operation Net Minority Interest": NaN,
        "Reconciled Depreciation": NaN,
        "Reconciled Cost Of Revenue": NaN,
        "EBITDA": NaN,
        "EBIT": NaN,
        "Normalized Income": NaN,
        "Net Income From Continuing And Discontinued Operation": NaN,
        "Total Expenses": NaN,
        "Total Operating Income As Reported": NaN,
        "Diluted Average Shares": 23911000.0,
        "Basic Average Shares": 23421000.0,
        "Diluted EPS": 0.77,
        "Basic EPS": 0.78,
        "Diluted NI Availto Com Stockholders": NaN,
        "Net Income Common Stockholders": NaN,
        "Net Income": NaN,
        "Net Income Including Noncontrolling Interests": NaN,
        "Net Income Continuous Operations": NaN,
        "Tax Provision": NaN,
        "Pretax Income": NaN,
        "Other Income Expense": NaN,
        "Other Non Operating Income Expenses": NaN,
        "Special Income Charges": NaN,
        "Restructuring And Mergern Acquisition": NaN,
        "Operating Income": NaN,
        "Operating Expense": NaN,
        "Depreciation Amortization Depletion Income Statement": NaN,
        "Depreciation And Amortization In Income Statement": NaN,
        "Amortization": NaN,
        "Amortization Of Intangibles Income Statement": NaN,
        "Selling General And Administration": NaN,
        "General And Administrative Expense": NaN,
        "Other Gand A": NaN,
        "Gross Profit": NaN,
        "Cost Of Revenue": NaN,
        "Total Revenue": NaN,
        "Operating Revenue": NaN
    },
    "2022-09-30": {
        "Tax Effect Of Unusual Items": -262821.0,
        "Tax Rate For Calcs": 0.299,
        "Normalized EBITDA": 25322000.0,
        "Total Unusual Items": -879000.0,
        "Total Unusual Items Excluding Goodwill": -879000.0,
        "Net Income From Continuing Operation Net Minority Interest": 6092000.0,
        "Reconciled Depreciation": 15757000.0,
        "Reconciled Cost Of Revenue": 140927000.0,
        "EBITDA": 24443000.0,
        "EBIT": 8686000.0,
        "Normalized Income": 6708179.0,
        "Net Income From Continuing And Discontinued Operation": 6092000.0,
        "Total Expenses": 254437000.0,
        "Total Operating Income As Reported": 7807000.0,
        "Diluted Average Shares": 23902000.0,
        "Basic Average Shares": 23550000.0,
        "Diluted EPS": 0.25,
        "Basic EPS": 0.26,
        "Diluted NI Availto Com Stockholders": 6092000.0,
        "Net Income Common Stockholders": 6092000.0,
        "Net Income": 6092000.0,
        "Net Income Including Noncontrolling Interests": 6092000.0,
        "Net Income Continuous Operations": 6092000.0,
        "Tax Provision": 1453000.0,
        "Pretax Income": 7545000.0,
        "Other Income Expense": -1141000.0,
        "Other Non Operating Income Expenses": -262000.0,
        "Special Income Charges": -879000.0,
        "Restructuring And Mergern Acquisition": 879000.0,
        "Operating Income": 8686000.0,
        "Operating Expense": 101275000.0,
        "Depreciation Amortization Depletion Income Statement": 3522000.0,
        "Depreciation And Amortization In Income Statement": 3522000.0,
        "Amortization": 3522000.0,
        "Amortization Of Intangibles Income Statement": 3522000.0,
        "Selling General And Administration": 97753000.0,
        "General And Administrative Expense": 97753000.0,
        "Other Gand A": 97753000.0,
        "Gross Profit": 109961000.0,
        "Cost Of Revenue": 153162000.0,
        "Total Revenue": 263123000.0,
        "Operating Revenue": 263123000.0
    },
    "2022-06-30": {
        "Tax Effect Of Unusual Items": -1225395.0,
        "Tax Rate For Calcs": 0.313,
        "Normalized EBITDA": 46859000.0,
        "Total Unusual Items": -3915000.0,
        "Total Unusual Items Excluding Goodwill": -3915000.0,
        "Net Income From Continuing Operation Net Minority Interest": 15220000.0,
        "Reconciled Depreciation": 17164000.0,
        "Reconciled Cost Of Revenue": 133898000.0,
        "EBITDA": 42944000.0,
        "EBIT": 25780000.0,
        "Normalized Income": 17909605.0,
        "Net Income From Continuing And Discontinued Operation": 15220000.0,
        "Total Expenses": 247784000.0,
        "Total Operating Income As Reported": 21865000.0,
        "Diluted Average Shares": 24063000.0,
        "Basic Average Shares": 23796000.0,
        "Diluted EPS": 0.63,
        "Basic EPS": 0.64,
        "Diluted NI Availto Com Stockholders": 15220000.0,
        "Net Income Common Stockholders": 15220000.0,
        "Net Income": 15220000.0,
        "Net Income Including Noncontrolling Interests": 15220000.0,
        "Net Income Continuous Operations": 15220000.0,
        "Tax Provision": 6945000.0,
        "Pretax Income": 22165000.0,
        "Other Income Expense": -3615000.0,
        "Other Non Operating Income Expenses": 300000.0,
        "Special Income Charges": -3915000.0,
        "Restructuring And Mergern Acquisition": 3915000.0,
        "Operating Income": 25780000.0,
        "Operating Expense": 100416000.0,
        "Depreciation Amortization Depletion Income Statement": 3694000.0,
        "Depreciation And Amortization In Income Statement": 3694000.0,
        "Amortization": 3694000.0,
        "Amortization Of Intangibles Income Statement": 3694000.0,
        "Selling General And Administration": 96722000.0,
        "General And Administrative Expense": 96722000.0,
        "Other Gand A": 96722000.0,
        "Gross Profit": 126196000.0,
        "Cost Of Revenue": 147368000.0,
        "Total Revenue": 273564000.0,
        "Operating Revenue": 273564000.0
    },
    "2022-03-31": {
        "Diluted EPS": 0.29,
        "Total Revenue": 259,
        "Gross Profit": 114,
        "Operating Income": 13,
        "EBIT": 30,
        "Net Income": 7
    },
    "2021-12-31": {
        "Diluted EPS": 0.89,
        "Total Revenue": 272,
        "Gross Profit": 123,
        "Operating Income": 28,
        "EBIT": 43,
        "Net Income": 22
    },
    "2021-09-30": {
        "Diluted EPS": 0.16,
        "Total Revenue": 270,
        "Gross Profit": 116,
        "Operating Income": 7,
        "EBIT": 29,
        "Net Income": 4
    },
    "2021-06-30": {
        "Diluted EPS": 0.83,
        "Total Revenue": 299,
        "Gross Profit": 146,
        "Operating Income": 27,
        "EBIT": 59,
        "Net Income": 20
    },
    "2021-03-31": {
        "Diluted EPS": 0.4,
        "Total Revenue": 290,
        "Gross Profit": 138,
        "Operating Income": 12,
        "EBIT": 47,
        "Net Income": 10
    },
    "2020-12-31": {
        "Diluted EPS": 0.15,
        "Total Revenue": 267,
        "Gross Profit": 120,
        "Operating Income": 4,
        "EBIT": 35,
        "Net Income": 6
    },
    "2020-09-30": {
        "Diluted EPS": 0.47,
        "Total Revenue": 239,
        "Gross Profit": 112,
        "Operating Income": 15,
        "EBIT": 42,
        "Net Income": 11
    },
    "2020-06-30": {
        "Diluted EPS": 1.55,
        "Total Revenue": 256,
        "Gross Profit": 130,
        "Operating Income": 46,
        "EBIT": 73,
        "Net Income": 34
    },
    "2020-03-31": {
        "Diluted EPS": 1.6,
        "Total Revenue": 265,
        "Gross Profit": 132,
        "Operating Income": 44,
        "EBIT": 70,
        "Net Income": 35
    },
    "2019-12-31": {
        "Diluted EPS": 1.3,
        "Total Revenue": 264,
        "Gross Profit": 130,
        "Operating Income": 37,
        "EBIT": 63,
        "Net Income": 29
    },
    "2019-09-30": {
        "Diluted EPS": 0.75,
        "Total Revenue": 242,
        "Gross Profit": 109,
        "Operating Income": 20,
        "EBIT": 47,
        "Net Income": 17
    },
    "2019-06-30": {
        "Diluted EPS": 1.1,
        "Total Revenue": 245,
        "Gross Profit": 114,
        "Operating Income": 28,
        "EBIT": 54,
        "Net Income": 24
    },
    "2019-03-31": {
        "Diluted EPS": 0.52,
        "Total Revenue": 247,
        "Gross Profit": 112,
        "Operating Income": 26,
        "EBIT": 52,
        "Net Income": 12
    },
    "2018-12-31": {
        "Diluted EPS": 0.64,
        "Total Revenue": 242,
        "Gross Profit": 111,
        "Operating Income": 19,
        "EBIT": 45,
        "Net Income": 22
    },
    "2018-09-30": {
        "Diluted EPS": -2.97,
        "Total Revenue": 161,
        "Gross Profit": 58,
        "Operating Income": -57,
        "EBIT": -25,
        "Net Income": -53
    },
    "2018-06-30": {
        "Diluted EPS": 0.46,
        "Total Revenue": 115,
        "Gross Profit": 45,
        "Operating Income": 4,
        "EBIT": 15,
        "Net Income": 5
    },
    "2018-03-31": {
        "Diluted EPS": 0.84,
        "Total Revenue": 116,
        "Gross Profit": 48,
        "Operating Income": 11,
        "EBIT": 16,
        "Net Income": 9
    },
    "2017-12-31": {
        "Diluted EPS": -0.59,
        "Total Revenue": 119,
        "Gross Profit": 35,
        "Operating Income": 12,
        "EBIT": 18,
        "Net Income": -6
    },
    "2017-09-30": {
        "Diluted EPS": 0.56,
        "Total Revenue": 109,
        "Gross Profit": 49,
        "Operating Income": 8,
        "EBIT": 13,
        "Net Income": 6
    },
    "2017-06-30": {
        "Diluted EPS": 0.92,
        "Total Revenue": 113,
        "Gross Profit": 49,
        "Operating Income": 14,
        "EBIT": 18,
        "Net Income": 10
    },
    "2017-03-31": {
        "Diluted EPS": 0.95,
        "Total Revenue": 115,
        "Gross Profit": 53,
        "Operating Income": 18,
        "EBIT": 22,
        "Net Income": 11
    },
    "2016-12-31": {
        "Diluted EPS": 1.07,
        "Total Revenue": 119,
        "Gross Profit": 53,
        "Operating Income": 20,
        "EBIT": 24,
        "Net Income": 12
    },
    "2016-09-30": {
        "Diluted EPS": 0.27,
        "Total Revenue": 102,
        "Gross Profit": 46,
        "Operating Income": 5,
        "EBIT": 9,
        "Net Income": 3
    },
    "2016-06-30": {
        "Diluted EPS": 0.72,
        "Total Revenue": 108,
        "Gross Profit": 47,
        "Operating Income": 13,
        "EBIT": 17,
        "Net Income": 8
    },
    "2016-03-31": {
        "Diluted EPS": 1.15,
        "Total Revenue": 111,
        "Gross Profit": 53,
        "Operating Income": 20,
        "EBIT": 24,
        "Net Income": 12
    },
    "2015-12-31": {
        "Diluted EPS": 1.21,
        "Total Revenue": 114,
        "Gross Profit": 54,
        "Operating Income": 22,
        "EBIT": 26,
        "Net Income": 13
    },
    "2015-09-30": {
        "Diluted EPS": 0.35,
        "Total Revenue": 99,
        "Gross Profit": 44,
        "Operating Income": 7,
        "EBIT": 12,
        "Net Income": 4
    },
    "2015-06-30": {
        "Diluted EPS": 1.11,
        "Total Revenue": 110,
        "Gross Profit": 51,
        "Operating Income": 21,
        "EBIT": 25,
        "Net Income": 12
    },
    "2015-03-31": {
        "Diluted EPS": 1.06,
        "Total Revenue": 112,
        "Gross Profit": 52,
        "Operating Income": 20,
        "EBIT": 24,
        "Net Income": 11
    },
    "2014-12-31": {
        "Diluted EPS": 1.2,
        "Total Revenue": 116,
        "Gross Profit": 55,
        "Operating Income": 23,
        "EBIT": 27,
        "Net Income": 13
    },
    "2014-09-30": {
        "Diluted EPS": 0.46,
        "Total Revenue": 101,
        "Gross Profit": 45,
        "Operating Income": 9,
        "EBIT": 14,
        "Net Income": 5
    },
    "2014-06-30": {
        "Diluted EPS": 1.29,
        "Total Revenue": 113,
        "Gross Profit": 53,
        "Operating Income": 24,
        "EBIT": 29,
        "Net Income": 14
    },
    "2014-03-31": {
        "Diluted EPS": 1.4,
        "Total Revenue": 116,
        "Gross Profit": 57,
        "Operating Income": 26,
        "EBIT": 32,
        "Net Income": 15
    },
    "2013-12-31": {
        "Diluted EPS": -1.76,
        "Total Revenue": 124,
        "Gross Profit": 22,
        "Operating Income": -30,
        "EBIT": -13,
        "Net Income": -19
    },
    "2013-09-30": {
        "Diluted EPS": 0.3,
        "Total Revenue": 110,
        "Gross Profit": 46,
        "Operating Income": 7,
        "EBIT": 13,
        "Net Income": 3
    },
    "2013-06-30": {
        "Diluted EPS": 1.42,
        "Total Revenue": 132,
        "Gross Profit": 61,
        "Operating Income": 26,
        "EBIT": 32,
        "Net Income": 15
    },
    "2013-03-31": {
        "Diluted EPS": 1.59,
        "Total Revenue": 138,
        "Gross Profit": 64,
        "Operating Income": 30,
        "EBIT": 36,
        "Net Income": 17
    },
    "2012-12-31": {
        "Diluted EPS": 1.46,
        "Total Revenue": 142,
        "Gross Profit": 64,
        "Operating Income": 29,
        "EBIT": 35,
        "Net Income": 17
    },
    "2012-09-30": {
        "Diluted EPS": 0.36,
        "Total Revenue": 124,
        "Gross Profit": 51,
        "Operating Income": 8,
        "EBIT": 14,
        "Net Income": 4
    },
    "2012-06-30": {
        "Diluted EPS": 1.85,
        "Total Revenue": 146,
        "Gross Profit": 71,
        "Operating Income": 36,
        "EBIT": 42,
        "Net Income": 21
    },
    "2012-03-31": {
        "Diluted EPS": 2.09,
        "Total Revenue": 150,
        "Gross Profit": 76,
        "Operating Income": 41,
        "EBIT": 47,
        "Net Income": 24
    },
    "2011-12-31": {
        "Diluted EPS": 2.35,
        "Total Revenue": 156,
        "Gross Profit": 83,
        "Operating Income": 45,
        "EBIT": 52,
        "Net Income": 27
    },
    "2011-09-30": {
        "Diluted EPS": 1.2,
        "Total Revenue": 136,
        "Gross Profit": 68,
        "Operating Income": 24,
        "EBIT": 30,
        "Net Income": 14
    },
    "2011-06-30": {
        "Diluted EPS": 2.53,
        "Total Revenue": 164,
        "Gross Profit": 87,
        "Operating Income": 50,
        "EBIT": 56,
        "Net Income": 30
    },
    "2011-03-31": {
        "Diluted EPS": 2.8,
        "Total Revenue": 172,
        "Gross Profit": 97,
        "Operating Income": 59,
        "EBIT": 65,
        "Net Income": 36
    },
    "2010-12-31": {
        "Diluted EPS": 2.73,
        "Total Revenue": 172,
        "Gross Profit": 98,
        "Operating Income": 59,
        "EBIT": 64,
        "Net Income": 36
    },
    "2010-09-30": {
        "Diluted EPS": 1.72,
        "Total Revenue": 148,
        "Gross Profit": 82,
        "Operating Income": 38,
        "EBIT": 43,
        "Net Income": 23
    },
    "2010-06-30": {
        "Diluted EPS": 2.6,
        "Total Revenue": 159,
        "Gross Profit": 93,
        "Operating Income": 59,
        "EBIT": 63,
        "Net Income": 36
    },
    "2010-03-31": {
        "Diluted EPS": 2.65,
        "Total Revenue": 158,
        "Gross Profit": 95,
        "Operating Income": 60,
        "EBIT": 64,
        "Net Income": 36
    },
    "2009-12-31": {
        "Diluted EPS": 2.32,
        "Total Revenue": 147,
        "Gross Profit": 49,
        "Operating Income": 52,
        "EBIT": 56,
        "Net Income": 32
    },
    "2009-09-30": {
        "Diluted EPS": 1.21,
        "Total Revenue": 114,
        "Gross Profit": 74,
        "Operating Income": 27,
        "EBIT": 31,
        "Net Income": 17
    },
    "2009-06-30": {
        "Diluted EPS": 2.0,
        "Total Revenue": 126,
        "Gross Profit": 85,
        "Operating Income": 45,
        "EBIT": 48,
        "Net Income": 28
    },
    "2009-03-31": {
        "Diluted EPS": 2.07,
        "Total Revenue": 124,
        "Gross Profit": 85,
        "Operating Income": 48,
        "EBIT": 51,
        "Net Income": 29
    },
    "2023-09-30": {
        "Tax Effect Of Unusual Items": NaN,
        "Tax Rate For Calcs": NaN,
        "Normalized EBITDA": NaN,
        "Total Unusual Items": NaN,
        "Total Unusual Items Excluding Goodwill": NaN,
        "Net Income From Continuing Operation Net Minority Interest": NaN,
        "Reconciled Depreciation": NaN,
        "Reconciled Cost Of Revenue": NaN,
        "EBITDA": NaN,
        "EBIT": NaN,
        "Normalized Income": NaN,
        "Net Income From Continuing And Discontinued Operation": NaN,
        "Total Expenses": NaN,
        "Total Operating Income As Reported": NaN,
        "Diluted Average Shares": 23870000.0,
        "Basic Average Shares": 23365000.0,
        "Diluted EPS": 0.77,
        "Basic EPS": 0.79,
        "Diluted NI Availto Com Stockholders": NaN,
        "Net Income Common Stockholders": NaN,
        "Net Income": NaN,
        "Net Income Including Noncontrolling Interests": NaN,
        "Net Income Continuous Operations": NaN,
        "Tax Provision": NaN,
        "Pretax Income": NaN,
        "Other Income Expense": NaN,
        "Other Non Operating Income Expenses": NaN,
        "Special Income Charges": NaN,
        "Restructuring And Mergern Acquisition": NaN,
        "Operating Income": NaN,
        "Operating Expense": NaN,
        "Depreciation Amortization Depletion Income Statement": NaN,
        "Depreciation And Amortization In Income Statement": NaN,
        "Amortization": NaN,
        "Amortization Of Intangibles Income Statement": NaN,
        "Selling General And Administration": NaN,
        "General And Administrative Expense": NaN,
        "Other Gand A": NaN,
        "Gross Profit": NaN,
        "Cost Of Revenue": NaN,
        "Total Revenue": NaN,
        "Operating Revenue": NaN
    },
    "2023-12-31": {
        "Tax Effect Of Unusual Items": -366255.079865,
        "Tax Rate For Calcs": 0.291372,
        "Normalized EBITDA": 69170000.0,
        "Total Unusual Items": -1257000.0,
        "Total Unusual Items Excluding Goodwill": -1257000.0,
        "Net Income From Continuing Operation Net Minority Interest": 39129000.0,
        "Reconciled Depreciation": 12432000.0,
        "Reconciled Cost Of Revenue": 142412000.0,
        "EBITDA": 67913000.0,
        "EBIT": 55481000.0,
        "Normalized Income": 40019744.920135,
        "Net Income From Continuing And Discontinued Operation": 39129000.0,
        "Total Expenses": 247221000.0,
        "Total Operating Income As Reported": 54224000.0,
        "Diluted Average Shares": NaN,
        "Basic Average Shares": NaN,
        "Diluted EPS": NaN,
        "Basic EPS": NaN,
        "Diluted NI Availto Com Stockholders": 39129000.0,
        "Net Income Common Stockholders": 39129000.0,
        "Net Income": 39129000.0,
        "Net Income Including Noncontrolling Interests": 39129000.0,
        "Net Income Continuous Operations": 39129000.0,
        "Tax Provision": 16089000.0,
        "Pretax Income": 55218000.0,
        "Other Income Expense": -263000.0,
        "Other Non Operating Income Expenses": 994000.0,
        "Special Income Charges": -1257000.0,
        "Restructuring And Mergern Acquisition": 1257000.0,
        "Operating Income": 55481000.0,
        "Operating Expense": 93470000.0,
        "Depreciation Amortization Depletion Income Statement": 1093000.0,
        "Depreciation And Amortization In Income Statement": 1093000.0,
        "Amortization": 1093000.0,
        "Amortization Of Intangibles Income Statement": 1093000.0,
        "Selling General And Administration": 92377000.0,
        "General And Administrative Expense": 92377000.0,
        "Other Gand A": 92377000.0,
        "Gross Profit": 148951000.0,
        "Cost Of Revenue": 153751000.0,
        "Total Revenue": 302702000.0,
        "Operating Revenue": 302702000.0
    },
    "2024-03-31": {
        "Tax Effect Of Unusual Items": 1625450.0,
        "Tax Rate For Calcs": 0.295,
        "Normalized EBITDA": 41405000.0,
        "Total Unusual Items": 5510000.0,
        "Total Unusual Items Excluding Goodwill": 5510000.0,
        "Net Income From Continuing Operation Net Minority Interest": 29702000.0,
        "Reconciled Depreciation": 11069000.0,
        "Reconciled Cost Of Revenue": 146640000.0,
        "EBITDA": 46915000.0,
        "EBIT": 35846000.0,
        "Normalized Income": 25817450.0,
        "Net Income From Continuing And Discontinued Operation": 29702000.0,
        "Total Expenses": 254404000.0,
        "Total Operating Income As Reported": 41356000.0,
        "Diluted Average Shares": 24060000.0,
        "Basic Average Shares": 23391000.0,
        "Diluted EPS": 1.23,
        "Basic EPS": 1.27,
        "Diluted NI Availto Com Stockholders": 29702000.0,
        "Net Income Common Stockholders": 29702000.0,
        "Net Income": 29702000.0,
        "Net Income Including Noncontrolling Interests": 29702000.0,
        "Net Income Continuous Operations": 29702000.0,
        "Tax Provision": 13448000.0,
        "Pretax Income": 43150000.0,
        "Other Income Expense": 7304000.0,
        "Other Non Operating Income Expenses": 1794000.0,
        "Special Income Charges": 5510000.0,
        "Restructuring And Mergern Acquisition": -5510000.0,
        "Operating Income": 35846000.0,
        "Operating Expense": 96695000.0,
        "Depreciation Amortization Depletion Income Statement": 0.0,
        "Depreciation And Amortization In Income Statement": 0.0,
        "Amortization": 0.0,
        "Amortization Of Intangibles Income Statement": 0.0,
        "Selling General And Administration": 96695000.0,
        "General And Administrative Expense": 96695000.0,
        "Other Gand A": 96695000.0,
        "Gross Profit": 132541000.0,
        "Cost Of Revenue": 157709000.0,
        "Total Revenue": 290250000.0,
        "Operating Revenue": 290250000.0
    },
    "2024-06-30": {
        "Tax Effect Of Unusual Items": -574560.0,
        "Tax Rate For Calcs": 0.288,
        "Normalized EBITDA": 57072000.0,
        "Total Unusual Items": -1995000.0,
        "Total Unusual Items Excluding Goodwill": -1995000.0,
        "Net Income From Continuing Operation Net Minority Interest": 29898000.0,
        "Reconciled Depreciation": 11158000.0,
        "Reconciled Cost Of Revenue": 152077000.0,
        "EBITDA": 55077000.0,
        "EBIT": 43919000.0,
        "Normalized Income": 31318440.0,
        "Net Income From Continuing And Discontinued Operation": 29898000.0,
        "Total Expenses": 268347000.0,
        "Total Operating Income As Reported": 41924000.0,
        "Diluted Average Shares": 24179000.0,
        "Basic Average Shares": 23442000.0,
        "Diluted EPS": 1.24,
        "Basic EPS": 1.28,
        "Diluted NI Availto Com Stockholders": 29898000.0,
        "Net Income Common Stockholders": 29898000.0,
        "Net Income": 29898000.0,
        "Net Income Including Noncontrolling Interests": 29898000.0,
        "Net Income Continuous Operations": 29898000.0,
        "Tax Provision": 11903000.0,
        "Pretax Income": 41801000.0,
        "Other Income Expense": -2118000.0,
        "Other Non Operating Income Expenses": -123000.0,
        "Special Income Charges": -1995000.0,
        "Restructuring And Mergern Acquisition": 1995000.0,
        "Operating Income": 43919000.0,
        "Operating Expense": 105112000.0,
        "Depreciation Amortization Depletion Income Statement": 0.0,
        "Depreciation And Amortization In Income Statement": 0.0,
        "Amortization": 0.0,
        "Amortization Of Intangibles Income Statement": 0.0,
        "Selling General And Administration": 105112000.0,
        "General And Administrative Expense": 105112000.0,
        "Other Gand A": 105112000.0,
        "Gross Profit": 149031000.0,
        "Cost Of Revenue": 163235000.0,
        "Total Revenue": 312266000.0,
        "Operating Revenue": 312266000.0
    },
    "2024-09-30": {
        "Tax Effect Of Unusual Items": -212998.0,
        "Tax Rate For Calcs": 0.281,
        "Normalized EBITDA": 48648000.0,
        "Total Unusual Items": -758000.0,
        "Total Unusual Items Excluding Goodwill": -758000.0,
        "Net Income From Continuing Operation Net Minority Interest": 27748000.0,
        "Reconciled Depreciation": 10806000.0,
        "Reconciled Cost Of Revenue": 151862000.0,
        "EBITDA": 47890000.0,
        "EBIT": 37084000.0,
        "Normalized Income": 28293002.0,
        "Net Income From Continuing And Discontinued Operation": 27748000.0,
        "Total Expenses": 268874000.0,
        "Total Operating Income As Reported": 36326000.0,
        "Diluted Average Shares": 24173000.0,
        "Basic Average Shares": 23422000.0,
        "Diluted EPS": 1.15,
        "Basic EPS": 1.18,
        "Diluted NI Availto Com Stockholders": 27748000.0,
        "Net Income Common Stockholders": 27748000.0,
        "Net Income": 27748000.0,
        "Net Income Including Noncontrolling Interests": 27748000.0,
        "Net Income Continuous Operations": 27748000.0,
        "Tax Provision": 10842000.0,
        "Pretax Income": 38590000.0,
        "Other Income Expense": 1506000.0,
        "Other Non Operating Income Expenses": 2264000.0,
        "Special Income Charges": -758000.0,
        "Restructuring And Mergern Acquisition": 758000.0,
        "Operating Income": 37084000.0,
        "Operating Expense": 106206000.0,
        "Depreciation Amortization Depletion Income Statement": 0.0,
        "Depreciation And Amortization In Income Statement": 0.0,
        "Amortization": 0.0,
        "Amortization Of Intangibles Income Statement": 0.0,
        "Selling General And Administration": 106206000.0,
        "General And Administrative Expense": 106206000.0,
        "Other Gand A": 106206000.0,
        "Gross Profit": 143290000.0,
        "Cost Of Revenue": 162668000.0,
        "Total Revenue": 305958000.0,
        "Operating Revenue": 305958000.0
    },
    "2024-12-31": {
        "Tax Effect Of Unusual Items": -1459575.492861,
        "Tax Rate For Calcs": 0.331345,
        "Normalized EBITDA": 56177000.0,
        "Total Unusual Items": -4405000.0,
        "Total Unusual Items Excluding Goodwill": -4405000.0,
        "Net Income From Continuing Operation Net Minority Interest": 25336000.0,
        "Reconciled Depreciation": 11345000.0,
        "Reconciled Cost Of Revenue": 155539000.0,
        "EBITDA": 51772000.0,
        "EBIT": 40427000.0,
        "Normalized Income": 28281424.507139,
        "Net Income From Continuing And Discontinued Operation": 25336000.0,
        "Total Expenses": 271029000.0,
        "Total Operating Income As Reported": 36022000.0,
        "Diluted Average Shares": NaN,
        "Basic Average Shares": NaN,
        "Diluted EPS": NaN,
        "Basic EPS": NaN,
        "Diluted NI Availto Com Stockholders": 25336000.0,
        "Net Income Common Stockholders": 25336000.0,
        "Net Income": 25336000.0,
        "Net Income Including Noncontrolling Interests": 25336000.0,
        "Net Income Continuous Operations": 25336000.0,
        "Tax Provision": 12555000.0,
        "Pretax Income": 37891000.0,
        "Other Income Expense": -2536000.0,
        "Other Non Operating Income Expenses": 1869000.0,
        "Special Income Charges": -4405000.0,
        "Restructuring And Mergern Acquisition": 4405000.0,
        "Operating Income": 40427000.0,
        "Operating Expense": 104145000.0,
        "Depreciation Amortization Depletion Income Statement": 0.0,
        "Depreciation And Amortization In Income Statement": 0.0,
        "Amortization": 0.0,
        "Amortization Of Intangibles Income Statement": 0.0,
        "Selling General And Administration": 104145000.0,
        "General And Administrative Expense": 104145000.0,
        "Other Gand A": 104145000.0,
        "Gross Profit": 144572000.0,
        "Cost Of Revenue": 166884000.0,
        "Total Revenue": 311456000.0,
        "Operating Revenue": 311456000.0
    }
}