{
    "2023-03-31": {
        "Tax Effect Of Unusual Items": NaN,
        "Tax Rate For Calcs": NaN,
        "Normalized EBITDA": NaN,
        "Total Unusual Items": NaN,
        "Total Unusual Items Excluding Goodwill": NaN,
        "Net Income From Continuing Operation Net Minority Interest": NaN,
        "Reconciled Depreciation": NaN,
        "EBITDA": NaN,
        "EBIT": NaN,
        "Net Interest Income": NaN,
        "Interest Expense": NaN,
        "Interest Income": NaN,
        "Normalized Income": NaN,
        "Net Income From Continuing And Discontinued Operation": NaN,
        "Total Expenses": NaN,
        "Total Operating Income As Reported": NaN,
        "Diluted Average Shares": 58723432.0,
        "Basic Average Shares": 58723432.0,
        "Diluted EPS": -0.85,
        "Basic EPS": -0.85,
        "Diluted NI Availto Com Stockholders": NaN,
        "Net Income Common Stockholders": NaN,
        "Net Income": NaN,
        "Net Income Including Noncontrolling Interests": NaN,
        "Net Income Continuous Operations": NaN,
        "Tax Provision": NaN,
        "Pretax Income": NaN,
        "Other Income Expense": NaN,
        "Gain On Sale Of Security": NaN,
        "Net Non Operating Interest Income Expense": NaN,
        "Interest Expense Non Operating": NaN,
        "Interest Income Non Operating": NaN,
        "Operating Income": NaN,
        "Operating Expense": NaN,
        "Research And Development": NaN,
        "Selling General And Administration": NaN,
        "General And Administrative Expense": NaN,
        "Other Gand A": NaN,
        "Total Revenue": NaN,
        "Operating Revenue": NaN
    },
    "2022-12-31": {
        "Tax Effect Of Unusual Items": 0.0,
        "Tax Rate For Calcs": 0.0,
        "Normalized EBITDA": -45566000.0,
        "Total Unusual Items": 11807000.0,
        "Total Unusual Items Excluding Goodwill": 11807000.0,
        "Net Income From Continuing Operation Net Minority Interest": -34594000.0,
        "Reconciled Depreciation": 1528000.0,
        "EBITDA": -33759000.0,
        "EBIT": -35287000.0,
        "Net Interest Income": 2821000.0,
        "Interest Expense": -693000.0,
        "Interest Income": 2128000.0,
        "Normalized Income": -46401000.0,
        "Net Income From Continuing And Discontinued Operation": -34594000.0,
        "Total Expenses": 57854000.0,
        "Total Operating Income As Reported": -49222000.0,
        "Diluted Average Shares": NaN,
        "Basic Average Shares": NaN,
        "Diluted EPS": NaN,
        "Basic EPS": NaN,
        "Diluted NI Availto Com Stockholders": -34594000.0,
        "Net Income Common Stockholders": -34594000.0,
        "Net Income": -34594000.0,
        "Net Income Including Noncontrolling Interests": -34594000.0,
        "Net Income Continuous Operations": -34594000.0,
        "Tax Provision": 0.0,
        "Pretax Income": -34594000.0,
        "Other Income Expense": 11807000.0,
        "Gain On Sale Of Security": 11807000.0,
        "Net Non Operating Interest Income Expense": 2821000.0,
        "Interest Expense Non Operating": -693000.0,
        "Interest Income Non Operating": 2128000.0,
        "Operating Income": -49222000.0,
        "Operating Expense": 57854000.0,
        "Research And Development": 43135000.0,
        "Selling General And Administration": 14719000.0,
        "General And Administrative Expense": 14719000.0,
        "Other Gand A": 14719000.0,
        "Total Revenue": 8632000.0,
        "Operating Revenue": 8632000.0
    },
    "2022-09-30": {
        "Tax Effect Of Unusual Items": NaN,
        "Tax Rate For Calcs": NaN,
        "Normalized EBITDA": NaN,
        "Total Unusual Items": NaN,
        "Total Unusual Items Excluding Goodwill": NaN,
        "Net Income From Continuing Operation Net Minority Interest": NaN,
        "Reconciled Depreciation": NaN,
        "EBITDA": NaN,
        "EBIT": NaN,
        "Net Interest Income": NaN,
        "Interest Expense": NaN,
        "Interest Income": NaN,
        "Normalized Income": NaN,
        "Net Income From Continuing And Discontinued Operation": NaN,
        "Total Expenses": NaN,
        "Total Operating Income As Reported": NaN,
        "Diluted Average Shares": 52345732.0,
        "Basic Average Shares": 52345732.0,
        "Diluted EPS": -0.37,
        "Basic EPS": -0.37,
        "Diluted NI Availto Com Stockholders": NaN,
        "Net Income Common Stockholders": NaN,
        "Net Income": NaN,
        "Net Income Including Noncontrolling Interests": NaN,
        "Net Income Continuous Operations": NaN,
        "Tax Provision": NaN,
        "Pretax Income": NaN,
        "Other Income Expense": NaN,
        "Gain On Sale Of Security": NaN,
        "Net Non Operating Interest Income Expense": NaN,
        "Interest Expense Non Operating": NaN,
        "Interest Income Non Operating": NaN,
        "Operating Income": NaN,
        "Operating Expense": NaN,
        "Research And Development": NaN,
        "Selling General And Administration": NaN,
        "General And Administrative Expense": NaN,
        "Other Gand A": NaN,
        "Total Revenue": NaN,
        "Operating Revenue": NaN
    },
    "2022-06-30": {
        "Tax Effect Of Unusual Items": -1494400.0,
        "Tax Rate For Calcs": 0.4,
        "Normalized EBITDA": -17785000.0,
        "Total Unusual Items": -3736000.0,
        "Total Unusual Items Excluding Goodwill": -3736000.0,
        "Net Income From Continuing Operation Net Minority Interest": -26012000.0,
        "Reconciled Depreciation": 1397000.0,
        "EBITDA": -21521000.0,
        "EBIT": -22918000.0,
        "Net Interest Income": -397000.0,
        "Interest Expense": 594000.0,
        "Interest Income": 197000.0,
        "Normalized Income": -23770400.0,
        "Net Income From Continuing And Discontinued Operation": -26012000.0,
        "Total Expenses": 47475000.0,
        "Total Operating Income As Reported": -19379000.0,
        "Diluted Average Shares": 46957196.0,
        "Basic Average Shares": 46957196.0,
        "Diluted EPS": -0.55,
        "Basic EPS": -0.55,
        "Diluted NI Availto Com Stockholders": -26012000.0,
        "Net Income Common Stockholders": -26012000.0,
        "Net Income": -26012000.0,
        "Net Income Including Noncontrolling Interests": -26012000.0,
        "Net Income Continuous Operations": -26012000.0,
        "Tax Provision": 2500000.0,
        "Pretax Income": -23512000.0,
        "Other Income Expense": -3736000.0,
        "Gain On Sale Of Security": -3736000.0,
        "Net Non Operating Interest Income Expense": -397000.0,
        "Interest Expense Non Operating": 594000.0,
        "Interest Income Non Operating": 197000.0,
        "Operating Income": -19379000.0,
        "Operating Expense": 47475000.0,
        "Research And Development": 32332000.0,
        "Selling General And Administration": 15143000.0,
        "General And Administrative Expense": 15143000.0,
        "Other Gand A": 15143000.0,
        "Total Revenue": 28096000.0,
        "Operating Revenue": 28096000.0
    },
    "2022-03-31": {
        "Diluted EPS": -0.84,
        "Total Revenue": 6,
        "Gross Profit": 6,
        "Operating Income": -39,
        "EBIT": -37,
        "Net Income": -39
    },
    "2021-12-31": {
        "Diluted EPS": -0.83,
        "Total Revenue": 11,
        "Gross Profit": 11,
        "Operating Income": -35,
        "EBIT": -33,
        "Net Income": -38
    },
    "2021-09-30": {
        "Diluted EPS": -0.67,
        "Total Revenue": 9,
        "Gross Profit": 9,
        "Operating Income": -35,
        "EBIT": -33,
        "Net Income": -31
    },
    "2021-06-30": {
        "Diluted EPS": -0.13,
        "Total Revenue": 28,
        "Gross Profit": 28,
        "Operating Income": -10,
        "EBIT": -8,
        "Net Income": -6
    },
    "2021-03-31": {
        "Diluted EPS": -0.66,
        "Total Revenue": 15,
        "Gross Profit": 15,
        "Operating Income": -19,
        "EBIT": -17,
        "Net Income": -30
    },
    "2020-12-31": {
        "Diluted EPS": -1.54,
        "Total Revenue": 8,
        "Gross Profit": 8,
        "Operating Income": -25,
        "EBIT": -23,
        "Net Income": -60
    },
    "2020-09-30": {
        "Diluted EPS": 0.45,
        "Total Revenue": 18,
        "Gross Profit": 18,
        "Operating Income": -11,
        "EBIT": -9,
        "Net Income": 17
    },
    "2020-06-30": {
        "Diluted EPS": 0.94,
        "Total Revenue": 9,
        "Gross Profit": 9,
        "Operating Income": -16,
        "EBIT": -15,
        "Net Income": 30
    },
    "2020-03-31": {
        "Diluted EPS": -0.84,
        "Total Revenue": 7,
        "Gross Profit": 7,
        "Operating Income": -19,
        "EBIT": -18,
        "Net Income": -20
    },
    "2019-12-31": {
        "Diluted EPS": -0.65,
        "Total Revenue": 11,
        "Gross Profit": 11,
        "Operating Income": -15,
        "EBIT": -14,
        "Net Income": -15
    },
    "2019-09-30": {
        "Diluted EPS": -0.56,
        "Total Revenue": 12,
        "Gross Profit": 12,
        "Operating Income": -13,
        "EBIT": -12,
        "Net Income": -13
    },
    "2019-06-30": {
        "Diluted EPS": -0.6,
        "Total Revenue": 11,
        "Gross Profit": 11,
        "Operating Income": -14,
        "EBIT": -13,
        "Net Income": -14
    },
    "2019-03-31": {
        "Diluted EPS": -0.62,
        "Total Revenue": 9,
        "Gross Profit": 9,
        "Operating Income": -14,
        "EBIT": -14,
        "Net Income": -14
    },
    "2018-12-31": {
        "Diluted EPS": 65.05,
        "Total Revenue": 19,
        "Gross Profit": 19,
        "Operating Income": -3,
        "EBIT": -3,
        "Net Income": -1
    },
    "2018-09-30": {
        "Diluted EPS": -21.26,
        "Total Revenue": 8,
        "Gross Profit": 8,
        "Operating Income": -10,
        "EBIT": -9,
        "Net Income": -10
    },
    "2018-06-30": {
        "Diluted EPS": -24.17,
        "Total Revenue": 6,
        "Gross Profit": 6,
        "Operating Income": -12,
        "EBIT": -11,
        "Net Income": -12
    },
    "2018-03-31": {
        "Diluted EPS": -25.75,
        "Total Revenue": 6,
        "Gross Profit": 6,
        "Operating Income": -12,
        "EBIT": -11,
        "Net Income": -12
    },
    "2017-12-31": {
        "Diluted EPS": 0.0,
        "Total Revenue": NaN,
        "Gross Profit": NaN,
        "Operating Income": NaN,
        "EBIT": NaN,
        "Net Income": NaN
    },
    "2017-09-30": {
        "Diluted EPS": -3.14,
        "Total Revenue": 17,
        "Gross Profit": 17,
        "Operating Income": -1,
        "EBIT": -1,
        "Net Income": -1
    },
    "2016-12-31": {
        "Diluted EPS": 0.0,
        "Total Revenue": NaN,
        "Gross Profit": NaN,
        "Operating Income": NaN,
        "EBIT": NaN,
        "Net Income": NaN
    },
    "2023-06-30": {
        "Tax Effect Of Unusual Items": NaN,
        "Tax Rate For Calcs": NaN,
        "Normalized EBITDA": NaN,
        "Total Unusual Items": 8321000.0,
        "Total Unusual Items Excluding Goodwill": 8321000.0,
        "Net Income From Continuing Operation Net Minority Interest": NaN,
        "Reconciled Depreciation": NaN,
        "EBITDA": NaN,
        "EBIT": NaN,
        "Net Interest Income": NaN,
        "Interest Expense": NaN,
        "Interest Income": NaN,
        "Normalized Income": NaN,
        "Net Income From Continuing And Discontinued Operation": NaN,
        "Total Expenses": NaN,
        "Total Operating Income As Reported": NaN,
        "Diluted Average Shares": 60339475.0,
        "Basic Average Shares": 60339475.0,
        "Diluted EPS": -0.64,
        "Basic EPS": -0.64,
        "Diluted NI Availto Com Stockholders": NaN,
        "Net Income Common Stockholders": NaN,
        "Net Income": NaN,
        "Net Income Including Noncontrolling Interests": NaN,
        "Net Income Continuous Operations": NaN,
        "Tax Provision": NaN,
        "Pretax Income": NaN,
        "Other Income Expense": 8321000.0,
        "Gain On Sale Of Security": 8321000.0,
        "Net Non Operating Interest Income Expense": NaN,
        "Interest Expense Non Operating": NaN,
        "Interest Income Non Operating": NaN,
        "Operating Income": NaN,
        "Operating Expense": NaN,
        "Research And Development": NaN,
        "Selling General And Administration": NaN,
        "General And Administrative Expense": NaN,
        "Other Gand A": NaN,
        "Total Revenue": NaN,
        "Operating Revenue": NaN
    },
    "2023-09-30": {
        "Tax Effect Of Unusual Items": NaN,
        "Tax Rate For Calcs": NaN,
        "Normalized EBITDA": NaN,
        "Total Unusual Items": 694000.0,
        "Total Unusual Items Excluding Goodwill": 694000.0,
        "Net Income From Continuing Operation Net Minority Interest": NaN,
        "Reconciled Depreciation": NaN,
        "EBITDA": NaN,
        "EBIT": NaN,
        "Net Interest Income": NaN,
        "Interest Expense": NaN,
        "Interest Income": NaN,
        "Normalized Income": NaN,
        "Net Income From Continuing And Discontinued Operation": NaN,
        "Total Expenses": NaN,
        "Total Operating Income As Reported": NaN,
        "Diluted Average Shares": 60599025.0,
        "Basic Average Shares": 60599025.0,
        "Diluted EPS": -0.81,
        "Basic EPS": -0.81,
        "Diluted NI Availto Com Stockholders": NaN,
        "Net Income Common Stockholders": NaN,
        "Net Income": NaN,
        "Net Income Including Noncontrolling Interests": NaN,
        "Net Income Continuous Operations": NaN,
        "Tax Provision": NaN,
        "Pretax Income": NaN,
        "Other Income Expense": 694000.0,
        "Special Income Charges": NaN,
        "Restructuring And Mergern Acquisition": NaN,
        "Gain On Sale Of Security": 694000.0,
        "Net Non Operating Interest Income Expense": NaN,
        "Interest Expense Non Operating": NaN,
        "Interest Income Non Operating": NaN,
        "Operating Income": NaN,
        "Operating Expense": NaN,
        "Research And Development": NaN,
        "Selling General And Administration": NaN,
        "General And Administrative Expense": NaN,
        "Other Gand A": NaN,
        "Total Revenue": NaN,
        "Operating Revenue": NaN
    },
    "2023-12-31": {
        "Tax Effect Of Unusual Items": NaN,
        "Tax Rate For Calcs": NaN,
        "Normalized EBITDA": NaN,
        "Total Unusual Items": 7894000.0,
        "Total Unusual Items Excluding Goodwill": 7894000.0,
        "Net Income From Continuing Operation Net Minority Interest": NaN,
        "Reconciled Depreciation": NaN,
        "EBITDA": NaN,
        "EBIT": NaN,
        "Net Interest Income": NaN,
        "Interest Expense": NaN,
        "Interest Income": NaN,
        "Normalized Income": NaN,
        "Net Income From Continuing And Discontinued Operation": NaN,
        "Total Expenses": NaN,
        "Total Operating Income As Reported": NaN,
        "Diluted Average Shares": NaN,
        "Basic Average Shares": NaN,
        "Diluted EPS": NaN,
        "Basic EPS": NaN,
        "Diluted NI Availto Com Stockholders": NaN,
        "Net Income Common Stockholders": NaN,
        "Net Income": NaN,
        "Net Income Including Noncontrolling Interests": NaN,
        "Net Income Continuous Operations": NaN,
        "Tax Provision": 15807000.0,
        "Pretax Income": NaN,
        "Other Income Expense": 7894000.0,
        "Special Income Charges": NaN,
        "Restructuring And Mergern Acquisition": NaN,
        "Gain On Sale Of Security": 7894000.0,
        "Net Non Operating Interest Income Expense": NaN,
        "Interest Expense Non Operating": NaN,
        "Interest Income Non Operating": NaN,
        "Operating Income": NaN,
        "Operating Expense": NaN,
        "Research And Development": NaN,
        "Selling General And Administration": NaN,
        "General And Administrative Expense": NaN,
        "Other Gand A": NaN,
        "Total Revenue": NaN,
        "Operating Revenue": NaN
    },
    "2024-03-31": {
        "Tax Effect Of Unusual Items": 0.0,
        "Tax Rate For Calcs": 0.0,
        "Normalized EBITDA": -50734000.0,
        "Total Unusual Items": 3679000.0,
        "Total Unusual Items Excluding Goodwill": 3679000.0,
        "Net Income From Continuing Operation Net Minority Interest": -58213000.0,
        "Reconciled Depreciation": 1761000.0,
        "EBITDA": -47055000.0,
        "EBIT": -48816000.0,
        "Net Interest Income": -5301000.0,
        "Interest Expense": 9397000.0,
        "Interest Income": 4096000.0,
        "Normalized Income": -61892000.0,
        "Net Income From Continuing And Discontinued Operation": -58213000.0,
        "Total Expenses": 69599000.0,
        "Total Operating Income As Reported": -56591000.0,
        "Diluted Average Shares": 61457793.0,
        "Basic Average Shares": 61457793.0,
        "Diluted EPS": -0.95,
        "Basic EPS": -0.95,
        "Diluted NI Availto Com Stockholders": -58213000.0,
        "Net Income Common Stockholders": -58213000.0,
        "Net Income": -58213000.0,
        "Net Income Including Noncontrolling Interests": -58213000.0,
        "Net Income Continuous Operations": -58213000.0,
        "Tax Provision": 0.0,
        "Pretax Income": -58213000.0,
        "Other Income Expense": 3679000.0,
        "Special Income Charges": 0.0,
        "Restructuring And Mergern Acquisition": 0.0,
        "Gain On Sale Of Security": 3679000.0,
        "Net Non Operating Interest Income Expense": -5301000.0,
        "Interest Expense Non Operating": 9397000.0,
        "Interest Income Non Operating": 4096000.0,
        "Operating Income": -56591000.0,
        "Operating Expense": 69599000.0,
        "Research And Development": 56878000.0,
        "Selling General And Administration": 12721000.0,
        "General And Administrative Expense": 12721000.0,
        "Other Gand A": 12721000.0,
        "Total Revenue": 13008000.0,
        "Operating Revenue": 13008000.0
    },
    "2024-06-30": {
        "Tax Effect Of Unusual Items": 1009680.0,
        "Tax Rate For Calcs": 0.21,
        "Normalized EBITDA": -41984000.0,
        "Total Unusual Items": 4808000.0,
        "Total Unusual Items Excluding Goodwill": 4808000.0,
        "Net Income From Continuing Operation Net Minority Interest": -48018000.0,
        "Reconciled Depreciation": 1790000.0,
        "EBITDA": -37176000.0,
        "EBIT": -38966000.0,
        "Net Interest Income": -4133000.0,
        "Interest Expense": 9044000.0,
        "Interest Income": 4911000.0,
        "Normalized Income": -51816320.0,
        "Net Income From Continuing And Discontinued Operation": -48018000.0,
        "Total Expenses": 74391000.0,
        "Total Operating Income As Reported": -48685000.0,
        "Diluted Average Shares": 81224628.0,
        "Basic Average Shares": 81224628.0,
        "Diluted EPS": -0.59,
        "Basic EPS": -0.59,
        "Diluted NI Availto Com Stockholders": -48018000.0,
        "Net Income Common Stockholders": -48018000.0,
        "Net Income": -48018000.0,
        "Net Income Including Noncontrolling Interests": -48018000.0,
        "Net Income Continuous Operations": -48018000.0,
        "Tax Provision": 8000.0,
        "Pretax Income": -48010000.0,
        "Other Income Expense": 4808000.0,
        "Special Income Charges": NaN,
        "Restructuring And Mergern Acquisition": NaN,
        "Gain On Sale Of Security": 4808000.0,
        "Net Non Operating Interest Income Expense": -4133000.0,
        "Interest Expense Non Operating": 9044000.0,
        "Interest Income Non Operating": 4911000.0,
        "Operating Income": -48685000.0,
        "Operating Expense": 74391000.0,
        "Research And Development": 62020000.0,
        "Selling General And Administration": 12371000.0,
        "General And Administrative Expense": 12371000.0,
        "Other Gand A": 12371000.0,
        "Total Revenue": 25706000.0,
        "Operating Revenue": 25706000.0
    },
    "2024-09-30": {
        "Tax Effect Of Unusual Items": 0.0,
        "Tax Rate For Calcs": 0.0,
        "Normalized EBITDA": -39078000.0,
        "Total Unusual Items": NaN,
        "Total Unusual Items Excluding Goodwill": NaN,
        "Net Income From Continuing Operation Net Minority Interest": -48787000.0,
        "Reconciled Depreciation": 1799000.0,
        "EBITDA": -39078000.0,
        "EBIT": -40877000.0,
        "Net Interest Income": 19132000.0,
        "Interest Expense": 7910000.0,
        "Interest Income": 27042000.0,
        "Normalized Income": -48787000.0,
        "Net Income From Continuing And Discontinued Operation": -48787000.0,
        "Total Expenses": 76439000.0,
        "Total Operating Income As Reported": -67919000.0,
        "Diluted Average Shares": 82043671.0,
        "Basic Average Shares": 82043671.0,
        "Diluted EPS": -0.59,
        "Basic EPS": -0.59,
        "Diluted NI Availto Com Stockholders": -48787000.0,
        "Net Income Common Stockholders": -48787000.0,
        "Net Income": -48787000.0,
        "Net Income Including Noncontrolling Interests": -48787000.0,
        "Net Income Continuous Operations": -48787000.0,
        "Tax Provision": 0.0,
        "Pretax Income": -48787000.0,
        "Other Income Expense": NaN,
        "Special Income Charges": NaN,
        "Restructuring And Mergern Acquisition": NaN,
        "Gain On Sale Of Security": NaN,
        "Net Non Operating Interest Income Expense": 19132000.0,
        "Interest Expense Non Operating": 7910000.0,
        "Interest Income Non Operating": 27042000.0,
        "Operating Income": -67919000.0,
        "Operating Expense": 76439000.0,
        "Research And Development": 62108000.0,
        "Selling General And Administration": 14331000.0,
        "General And Administrative Expense": 14331000.0,
        "Other Gand A": 14331000.0,
        "Total Revenue": 8520000.0,
        "Operating Revenue": 8520000.0
    },
    "2024-12-31": {
        "Tax Effect Of Unusual Items": 0.0,
        "Tax Rate For Calcs": 0.21,
        "Normalized EBITDA": -59530000.0,
        "Total Unusual Items": NaN,
        "Total Unusual Items Excluding Goodwill": NaN,
        "Net Income From Continuing Operation Net Minority Interest": -72443000.0,
        "Reconciled Depreciation": 1868000.0,
        "EBITDA": -59530000.0,
        "EBIT": -61398000.0,
        "Net Interest Income": -4830000.0,
        "Interest Expense": 8690000.0,
        "Interest Income": 3860000.0,
        "Normalized Income": -72443000.0,
        "Net Income From Continuing And Discontinued Operation": -72443000.0,
        "Total Expenses": 80067000.0,
        "Total Operating Income As Reported": -65258000.0,
        "Diluted Average Shares": NaN,
        "Basic Average Shares": NaN,
        "Diluted EPS": NaN,
        "Basic EPS": NaN,
        "Diluted NI Availto Com Stockholders": -72443000.0,
        "Net Income Common Stockholders": -72443000.0,
        "Net Income": -72443000.0,
        "Net Income Including Noncontrolling Interests": -72443000.0,
        "Net Income Continuous Operations": -72443000.0,
        "Tax Provision": 2355000.0,
        "Pretax Income": -70088000.0,
        "Other Income Expense": NaN,
        "Special Income Charges": NaN,
        "Restructuring And Mergern Acquisition": NaN,
        "Gain On Sale Of Security": NaN,
        "Net Non Operating Interest Income Expense": -4830000.0,
        "Interest Expense Non Operating": 8690000.0,
        "Interest Income Non Operating": 3860000.0,
        "Operating Income": -65258000.0,
        "Operating Expense": 80067000.0,
        "Research And Development": 71037000.0,
        "Selling General And Administration": 9030000.0,
        "General And Administrative Expense": 9030000.0,
        "Other Gand A": 9030000.0,
        "Total Revenue": 14809000.0,
        "Operating Revenue": 14809000.0
    },
    "2025-03-31": {
        "Tax Effect Of Unusual Items": 0.0,
        "Tax Rate For Calcs": 0.0,
        "Normalized EBITDA": -42382000.0,
        "Total Unusual Items": -21043000.0,
        "Total Unusual Items Excluding Goodwill": -21043000.0,
        "Net Income From Continuing Operation Net Minority Interest": -75968000.0,
        "Reconciled Depreciation": 1900000.0,
        "EBITDA": -63425000.0,
        "EBIT": -65325000.0,
        "Net Interest Income": -7454000.0,
        "Interest Expense": 10643000.0,
        "Interest Income": 3189000.0,
        "Normalized Income": -54925000.0,
        "Net Income From Continuing And Discontinued Operation": -75968000.0,
        "Total Expenses": 64870000.0,
        "Total Operating Income As Reported": -68514000.0,
        "Diluted Average Shares": 83106013.0,
        "Basic Average Shares": 83106013.0,
        "Diluted EPS": -0.91,
        "Basic EPS": -0.91,
        "Diluted NI Availto Com Stockholders": -75968000.0,
        "Net Income Common Stockholders": -75968000.0,
        "Net Income": -75968000.0,
        "Net Income Including Noncontrolling Interests": -75968000.0,
        "Net Income Continuous Operations": -75968000.0,
        "Tax Provision": NaN,
        "Pretax Income": -75968000.0,
        "Other Income Expense": -21043000.0,
        "Special Income Charges": -21043000.0,
        "Restructuring And Mergern Acquisition": 21043000.0,
        "Gain On Sale Of Security": NaN,
        "Net Non Operating Interest Income Expense": -7454000.0,
        "Interest Expense Non Operating": 10643000.0,
        "Interest Income Non Operating": 3189000.0,
        "Operating Income": -47471000.0,
        "Operating Expense": 64870000.0,
        "Research And Development": 51597000.0,
        "Selling General And Administration": 13273000.0,
        "General And Administrative Expense": 13273000.0,
        "Other Gand A": 13273000.0,
        "Total Revenue": 17399000.0,
        "Operating Revenue": 17399000.0
    }
}