{
    "2023-05-31": {
        "Tax Effect Of Unusual Items": NaN,
        "Tax Rate For Calcs": NaN,
        "Normalized EBITDA": NaN,
        "Total Unusual Items": NaN,
        "Total Unusual Items Excluding Goodwill": NaN,
        "Net Income From Continuing Operation Net Minority Interest": NaN,
        "Reconciled Depreciation": NaN,
        "Reconciled Cost Of Revenue": NaN,
        "EBITDA": NaN,
        "EBIT": NaN,
        "Net Interest Income": NaN,
        "Interest Expense": NaN,
        "Normalized Income": NaN,
        "Net Income From Continuing And Discontinued Operation": NaN,
        "Total Expenses": NaN,
        "Total Operating Income As Reported": NaN,
        "Diluted Average Shares": NaN,
        "Basic Average Shares": NaN,
        "Diluted EPS": NaN,
        "Basic EPS": NaN,
        "Diluted NI Availto Com Stockholders": NaN,
        "Net Income Common Stockholders": NaN,
        "Net Income": NaN,
        "Minority Interests": NaN,
        "Net Income Including Noncontrolling Interests": NaN,
        "Net Income Continuous Operations": NaN,
        "Tax Provision": NaN,
        "Pretax Income": NaN,
        "Other Income Expense": NaN,
        "Special Income Charges": NaN,
        "Gain On Sale Of Business": NaN,
        "Other Special Charges": 700000.0,
        "Write Off": NaN,
        "Impairment Of Capital Assets": NaN,
        "Earnings From Equity Interest": NaN,
        "Gain On Sale Of Security": NaN,
        "Net Non Operating Interest Income Expense": NaN,
        "Interest Expense Non Operating": NaN,
        "Operating Income": NaN,
        "Operating Expense": NaN,
        "Selling General And Administration": NaN,
        "Gross Profit": NaN,
        "Cost Of Revenue": NaN,
        "Total Revenue": NaN,
        "Excise Taxes": NaN,
        "Operating Revenue": NaN
    },
    "2023-02-28": {
        "Tax Effect Of Unusual Items": NaN,
        "Tax Rate For Calcs": NaN,
        "Normalized EBITDA": NaN,
        "Total Unusual Items": NaN,
        "Total Unusual Items Excluding Goodwill": NaN,
        "Net Income From Continuing Operation Net Minority Interest": NaN,
        "Reconciled Depreciation": NaN,
        "Reconciled Cost Of Revenue": NaN,
        "EBITDA": NaN,
        "EBIT": NaN,
        "Net Interest Income": NaN,
        "Interest Expense": NaN,
        "Normalized Income": NaN,
        "Net Income From Continuing And Discontinued Operation": NaN,
        "Total Expenses": NaN,
        "Total Operating Income As Reported": NaN,
        "Diluted Average Shares": NaN,
        "Basic Average Shares": NaN,
        "Diluted EPS": NaN,
        "Basic EPS": NaN,
        "Diluted NI Availto Com Stockholders": NaN,
        "Net Income Common Stockholders": NaN,
        "Net Income": NaN,
        "Minority Interests": NaN,
        "Net Income Including Noncontrolling Interests": NaN,
        "Net Income Continuous Operations": NaN,
        "Tax Provision": NaN,
        "Pretax Income": NaN,
        "Other Income Expense": NaN,
        "Special Income Charges": NaN,
        "Gain On Sale Of Business": NaN,
        "Other Special Charges": 900000.0,
        "Write Off": NaN,
        "Impairment Of Capital Assets": 0.0,
        "Earnings From Equity Interest": NaN,
        "Gain On Sale Of Security": NaN,
        "Net Non Operating Interest Income Expense": NaN,
        "Interest Expense Non Operating": NaN,
        "Operating Income": NaN,
        "Operating Expense": NaN,
        "Selling General And Administration": NaN,
        "Gross Profit": NaN,
        "Cost Of Revenue": NaN,
        "Total Revenue": NaN,
        "Excise Taxes": NaN,
        "Operating Revenue": NaN
    },
    "2022-11-30": {
        "Tax Effect Of Unusual Items": NaN,
        "Tax Rate For Calcs": NaN,
        "Normalized EBITDA": NaN,
        "Total Unusual Items": NaN,
        "Total Unusual Items Excluding Goodwill": NaN,
        "Net Income From Continuing Operation Net Minority Interest": NaN,
        "Reconciled Depreciation": NaN,
        "Reconciled Cost Of Revenue": NaN,
        "EBITDA": NaN,
        "EBIT": NaN,
        "Net Interest Income": NaN,
        "Interest Expense": NaN,
        "Normalized Income": NaN,
        "Net Income From Continuing And Discontinued Operation": NaN,
        "Total Expenses": NaN,
        "Total Operating Income As Reported": NaN,
        "Diluted Average Shares": NaN,
        "Basic Average Shares": NaN,
        "Diluted EPS": NaN,
        "Basic EPS": NaN,
        "Diluted NI Availto Com Stockholders": NaN,
        "Net Income Common Stockholders": NaN,
        "Net Income": NaN,
        "Minority Interests": NaN,
        "Net Income Including Noncontrolling Interests": NaN,
        "Net Income Continuous Operations": NaN,
        "Tax Provision": NaN,
        "Pretax Income": NaN,
        "Other Income Expense": NaN,
        "Special Income Charges": NaN,
        "Gain On Sale Of Business": 0.0,
        "Other Special Charges": NaN,
        "Write Off": NaN,
        "Impairment Of Capital Assets": 0.0,
        "Earnings From Equity Interest": NaN,
        "Gain On Sale Of Security": NaN,
        "Net Non Operating Interest Income Expense": NaN,
        "Interest Expense Non Operating": NaN,
        "Operating Income": NaN,
        "Operating Expense": NaN,
        "Selling General And Administration": NaN,
        "Gross Profit": NaN,
        "Cost Of Revenue": NaN,
        "Total Revenue": NaN,
        "Excise Taxes": NaN,
        "Operating Revenue": NaN
    },
    "2022-08-31": {
        "Tax Effect Of Unusual Items": NaN,
        "Tax Rate For Calcs": NaN,
        "Normalized EBITDA": NaN,
        "Total Unusual Items": NaN,
        "Total Unusual Items Excluding Goodwill": NaN,
        "Net Income From Continuing Operation Net Minority Interest": NaN,
        "Reconciled Depreciation": NaN,
        "Reconciled Cost Of Revenue": NaN,
        "EBITDA": NaN,
        "EBIT": NaN,
        "Net Interest Income": NaN,
        "Interest Expense": NaN,
        "Normalized Income": NaN,
        "Net Income From Continuing And Discontinued Operation": NaN,
        "Total Expenses": NaN,
        "Total Operating Income As Reported": NaN,
        "Diluted Average Shares": NaN,
        "Basic Average Shares": NaN,
        "Diluted EPS": NaN,
        "Basic EPS": NaN,
        "Diluted NI Availto Com Stockholders": NaN,
        "Net Income Common Stockholders": NaN,
        "Net Income": NaN,
        "Minority Interests": NaN,
        "Net Income Including Noncontrolling Interests": NaN,
        "Net Income Continuous Operations": NaN,
        "Tax Provision": NaN,
        "Pretax Income": NaN,
        "Other Income Expense": NaN,
        "Special Income Charges": NaN,
        "Gain On Sale Of Business": NaN,
        "Other Special Charges": 8000000.0,
        "Write Off": NaN,
        "Impairment Of Capital Assets": NaN,
        "Earnings From Equity Interest": NaN,
        "Gain On Sale Of Security": NaN,
        "Net Non Operating Interest Income Expense": NaN,
        "Interest Expense Non Operating": NaN,
        "Operating Income": NaN,
        "Operating Expense": NaN,
        "Selling General And Administration": NaN,
        "Gross Profit": NaN,
        "Cost Of Revenue": NaN,
        "Total Revenue": NaN,
        "Excise Taxes": NaN,
        "Operating Revenue": NaN
    },
    "2022-05-31": {
        "Tax Effect Of Unusual Items": -9010300.0,
        "Tax Rate For Calcs": 0.239,
        "Normalized EBITDA": 743600000.0,
        "Total Unusual Items": -37700000.0,
        "Total Unusual Items Excluding Goodwill": -37700000.0,
        "Net Income From Continuing Operation Net Minority Interest": 389500000.0,
        "Reconciled Depreciation": 92700000.0,
        "Reconciled Cost Of Revenue": 1108200000.0,
        "EBIT": 613200000.0,
        "Net Interest Income": -88500000.0,
        "Interest Expense": 88500000.0,
        "Normalized Income": 418189700.0,
        "Net Income From Continuing And Discontinued Operation": 389500000.0,
        "Total Expenses": 1546800000.0,
        "Total Operating Income As Reported": 816400000.0,
        "Diluted Average Shares": 212539000.0,
        "Basic Average Shares": 188541000.0,
        "Diluted EPS": 2.06,
        "Basic EPS": 2.09,
        "Diluted NI Availto Com Stockholders": 389500000.0,
        "Net Income Common Stockholders": 389500000.0,
        "Net Income": 389500000.0,
        "Minority Interests": -9800000.0,
        "Net Income Including Noncontrolling Interests": 399300000.0,
        "Net Income Continuous Operations": 399300000.0,
        "Tax Provision": 125400000.0,
        "Pretax Income": 524700000.0,
        "Other Income Expense": -203200000.0,
        "Special Income Charges": -15300000.0,
        "Other Special Charges": 15300000.0,
        "Write Off": 0.0,
        "Impairment Of Capital Assets": NaN,
        "Earnings From Equity Interest": -165500000.0,
        "Gain On Sale Of Security": -22400000.0,
        "Net Non Operating Interest Income Expense": -88500000.0,
        "Interest Expense Non Operating": 88500000.0,
        "Operating Income": 816400000.0,
        "Operating Expense": 438600000.0,
        "Selling General And Administration": 438600000.0,
        "Gross Profit": 1255000000.0,
        "Cost Of Revenue": 1108200000.0,
        "Total Revenue": 2363200000.0,
        "Excise Taxes": 177500000.0,
        "Operating Revenue": 2540700000.0
    },
    "2022-02-28": {
        "Diluted EPS": 2.25,
        "Total Revenue": NaN,
        "Gross Profit": NaN,
        "Operating Income": 678,
        "EBIT": 774,
        "Net Income": 395
    },
    "2021-11-30": {
        "Diluted EPS": 2.21,
        "Total Revenue": NaN,
        "Gross Profit": NaN,
        "Operating Income": 840,
        "EBIT": 929,
        "Net Income": 471
    },
    "2021-08-31": {
        "Diluted EPS": 0.01,
        "Total Revenue": NaN,
        "Gross Profit": NaN,
        "Operating Income": 739,
        "EBIT": 858,
        "Net Income": 2
    },
    "2021-05-31": {
        "Diluted EPS": -4.68,
        "Total Revenue": NaN,
        "Gross Profit": NaN,
        "Operating Income": 75,
        "EBIT": 154,
        "Net Income": -908
    },
    "2021-02-28": {
        "Diluted EPS": 1.86,
        "Total Revenue": NaN,
        "Gross Profit": 994,
        "Operating Income": 559,
        "EBIT": 652,
        "Net Income": 383
    },
    "2020-11-30": {
        "Diluted EPS": 5.86,
        "Total Revenue": NaN,
        "Gross Profit": NaN,
        "Operating Income": 783,
        "EBIT": 864,
        "Net Income": NaN
    },
    "2020-08-31": {
        "Diluted EPS": 2.34,
        "Total Revenue": NaN,
        "Gross Profit": NaN,
        "Operating Income": 839,
        "EBIT": 924,
        "Net Income": 512
    },
    "2020-05-31": {
        "Diluted EPS": -0.92,
        "Total Revenue": NaN,
        "Gross Profit": 988,
        "Operating Income": 610,
        "EBIT": 681,
        "Net Income": -178
    },
    "2020-02-29": {
        "Diluted EPS": 2.31,
        "Total Revenue": NaN,
        "Gross Profit": 950,
        "Operating Income": 545,
        "EBIT": 627,
        "Net Income": 398
    },
    "2019-11-30": {
        "Diluted EPS": 1.65,
        "Total Revenue": NaN,
        "Gross Profit": 988,
        "Operating Income": 267,
        "EBIT": 361,
        "Net Income": 360
    },
    "2019-08-31": {
        "Diluted EPS": -2.74,
        "Total Revenue": NaN,
        "Gross Profit": NaN,
        "Operating Income": 720,
        "EBIT": 816,
        "Net Income": -525
    },
    "2019-05-31": {
        "Diluted EPS": -1.28,
        "Total Revenue": NaN,
        "Gross Profit": NaN,
        "Operating Income": 623,
        "EBIT": 709,
        "Net Income": -245
    },
    "2019-02-28": {
        "Diluted EPS": 5.7,
        "Total Revenue": NaN,
        "Gross Profit": 894,
        "Operating Income": 465,
        "EBIT": 661,
        "Net Income": NaN
    },
    "2018-11-30": {
        "Diluted EPS": 1.39,
        "Total Revenue": NaN,
        "Gross Profit": 970,
        "Operating Income": 557,
        "EBIT": 656,
        "Net Income": 303
    },
    "2018-08-31": {
        "Diluted EPS": 5.24,
        "Total Revenue": NaN,
        "Gross Profit": NaN,
        "Operating Income": 765,
        "EBIT": 862,
        "Net Income": NaN
    },
    "2018-05-31": {
        "Diluted EPS": 3.37,
        "Total Revenue": NaN,
        "Gross Profit": NaN,
        "Operating Income": 625,
        "EBIT": 710,
        "Net Income": 744
    },
    "2018-02-28": {
        "Diluted EPS": 4.07,
        "Total Revenue": NaN,
        "Gross Profit": 845,
        "Operating Income": 512,
        "EBIT": 674,
        "Net Income": 911
    },
    "2017-11-30": {
        "Diluted EPS": 2.2,
        "Total Revenue": NaN,
        "Gross Profit": 910,
        "Operating Income": 490,
        "EBIT": 592,
        "Net Income": 493
    },
    "2017-08-31": {
        "Diluted EPS": 2.23,
        "Total Revenue": NaN,
        "Gross Profit": NaN,
        "Operating Income": 717,
        "EBIT": 790,
        "Net Income": 502
    },
    "2017-05-31": {
        "Diluted EPS": 1.78,
        "Total Revenue": NaN,
        "Gross Profit": 988,
        "Operating Income": 561,
        "EBIT": 719,
        "Net Income": 399
    },
    "2017-02-28": {
        "Diluted EPS": 1.99,
        "Total Revenue": NaN,
        "Gross Profit": 777,
        "Operating Income": 691,
        "EBIT": 805,
        "Net Income": 446
    },
    "2016-11-30": {
        "Diluted EPS": 1.77,
        "Total Revenue": NaN,
        "Gross Profit": 891,
        "Operating Income": 534,
        "EBIT": 601,
        "Net Income": 406
    },
    "2016-08-31": {
        "Diluted EPS": 1.57,
        "Total Revenue": NaN,
        "Gross Profit": 969,
        "Operating Income": 611,
        "EBIT": 674,
        "Net Income": 359
    },
    "2016-05-31": {
        "Diluted EPS": 1.39,
        "Total Revenue": NaN,
        "Gross Profit": 881,
        "Operating Income": 553,
        "EBIT": 616,
        "Net Income": 318
    },
    "2016-02-29": {
        "Diluted EPS": 1.06,
        "Total Revenue": NaN,
        "Gross Profit": 696,
        "Operating Income": 411,
        "EBIT": 460,
        "Net Income": 243
    },
    "2015-11-30": {
        "Diluted EPS": 1.19,
        "Total Revenue": NaN,
        "Gross Profit": 734,
        "Operating Income": 447,
        "EBIT": 501,
        "Net Income": 271
    },
    "2015-08-31": {
        "Diluted EPS": 1.34,
        "Total Revenue": NaN,
        "Gross Profit": 776,
        "Operating Income": 479,
        "EBIT": 539,
        "Net Income": 302
    },
    "2015-05-31": {
        "Diluted EPS": 1.05,
        "Total Revenue": NaN,
        "Gross Profit": 737,
        "Operating Income": 427,
        "EBIT": 485,
        "Net Income": 239
    },
    "2015-02-28": {
        "Diluted EPS": 0.96,
        "Total Revenue": NaN,
        "Gross Profit": 598,
        "Operating Income": 354,
        "EBIT": 404,
        "Net Income": 215
    },
    "2014-11-30": {
        "Diluted EPS": 0.99,
        "Total Revenue": NaN,
        "Gross Profit": 639,
        "Operating Income": 376,
        "EBIT": 430,
        "Net Income": 222
    },
    "2014-08-31": {
        "Diluted EPS": 0.87,
        "Total Revenue": NaN,
        "Gross Profit": 672,
        "Operating Income": 379,
        "EBIT": 435,
        "Net Income": 196
    },
    "2014-05-31": {
        "Diluted EPS": 0.92,
        "Total Revenue": NaN,
        "Gross Profit": 670,
        "Operating Income": 392,
        "EBIT": 444,
        "Net Income": 207
    },
    "2014-02-28": {
        "Diluted EPS": 0.69,
        "Total Revenue": NaN,
        "Gross Profit": 549,
        "Operating Income": 329,
        "EBIT": 375,
        "Net Income": 157
    },
    "2013-11-30": {
        "Diluted EPS": 0.95,
        "Total Revenue": NaN,
        "Gross Profit": 610,
        "Operating Income": 364,
        "EBIT": 409,
        "Net Income": 211
    },
    "2013-08-31": {
        "Diluted EPS": 6.91,
        "Total Revenue": NaN,
        "Gross Profit": 577,
        "Operating Income": NaN,
        "EBIT": NaN,
        "Net Income": NaN
    },
    "2013-05-31": {
        "Diluted EPS": 0.24,
        "Total Revenue": 673,
        "Gross Profit": 256,
        "Operating Income": 71,
        "EBIT": 101,
        "Net Income": 53
    },
    "2013-02-28": {
        "Diluted EPS": 0.36,
        "Total Revenue": 696,
        "Gross Profit": 262,
        "Operating Income": 127,
        "EBIT": 159,
        "Net Income": 82
    },
    "2012-11-30": {
        "Diluted EPS": 0.51,
        "Total Revenue": 767,
        "Gross Profit": 311,
        "Operating Income": 159,
        "EBIT": 190,
        "Net Income": 110
    },
    "2012-08-31": {
        "Diluted EPS": 0.6,
        "Total Revenue": 699,
        "Gross Profit": 285,
        "Operating Income": 131,
        "EBIT": 158,
        "Net Income": 125
    },
    "2012-05-31": {
        "Diluted EPS": 0.34,
        "Total Revenue": 635,
        "Gross Profit": 251,
        "Operating Income": 106,
        "EBIT": 136,
        "Net Income": 72
    },
    "2012-02-29": {
        "Diluted EPS": 0.46,
        "Total Revenue": 628,
        "Gross Profit": 245,
        "Operating Income": 79,
        "EBIT": 147,
        "Net Income": 103
    },
    "2011-11-30": {
        "Diluted EPS": 0.46,
        "Total Revenue": 701,
        "Gross Profit": 283,
        "Operating Income": 160,
        "EBIT": 189,
        "Net Income": 105
    },
    "2011-08-31": {
        "Diluted EPS": 0.69,
        "Total Revenue": 690,
        "Gross Profit": 283,
        "Operating Income": 145,
        "EBIT": 171,
        "Net Income": 163
    },
    "2011-05-31": {
        "Diluted EPS": 0.31,
        "Total Revenue": 635,
        "Gross Profit": 251,
        "Operating Income": 102,
        "EBIT": 129,
        "Net Income": 75
    },
    "2011-02-28": {
        "Diluted EPS": 1.18,
        "Total Revenue": 715,
        "Gross Profit": 254,
        "Operating Income": 103,
        "EBIT": 151,
        "Net Income": 280
    },
    "2010-11-30": {
        "Diluted EPS": 0.59,
        "Total Revenue": 966,
        "Gross Profit": 352,
        "Operating Income": 170,
        "EBIT": 212,
        "Net Income": 139
    },
    "2010-08-31": {
        "Diluted EPS": 0.39,
        "Total Revenue": 863,
        "Gross Profit": 314,
        "Operating Income": 133,
        "EBIT": 167,
        "Net Income": 91
    },
    "2010-05-31": {
        "Diluted EPS": 0.2,
        "Total Revenue": 788,
        "Gross Profit": 270,
        "Operating Income": 96,
        "EBIT": 131,
        "Net Income": 49
    },
    "2010-02-28": {
        "Diluted EPS": -0.21,
        "Total Revenue": 709,
        "Gross Profit": 222,
        "Operating Income": -49,
        "EBIT": 89,
        "Net Income": -51
    },
    "2009-11-30": {
        "Diluted EPS": 0.18,
        "Total Revenue": 988,
        "Gross Profit": 344,
        "Operating Income": 136,
        "EBIT": 173,
        "Net Income": 44
    },
    "2009-08-31": {
        "Diluted EPS": 0.41,
        "Total Revenue": 877,
        "Gross Profit": 310,
        "Operating Income": 140,
        "EBIT": 186,
        "Net Income": 100
    },
    "2009-05-31": {
        "Diluted EPS": 0.03,
        "Total Revenue": 792,
        "Gross Profit": 269,
        "Operating Income": 85,
        "EBIT": 122,
        "Net Income": 7
    },
    "2009-02-28": {
        "Diluted EPS": -1.8,
        "Total Revenue": 735,
        "Gross Profit": 191,
        "Operating Income": -280,
        "EBIT": 36,
        "Net Income": -407
    },
    "2023-08-31": {
        "Tax Effect Of Unusual Items": NaN,
        "Tax Rate For Calcs": NaN,
        "Normalized EBITDA": NaN,
        "Total Unusual Items": NaN,
        "Total Unusual Items Excluding Goodwill": NaN,
        "Net Income From Continuing Operation Net Minority Interest": NaN,
        "Reconciled Depreciation": NaN,
        "Reconciled Cost Of Revenue": NaN,
        "EBITDA": NaN,
        "EBIT": NaN,
        "Net Interest Income": NaN,
        "Interest Expense": NaN,
        "Normalized Income": NaN,
        "Net Income From Continuing And Discontinued Operation": NaN,
        "Total Expenses": NaN,
        "Total Operating Income As Reported": NaN,
        "Diluted Average Shares": NaN,
        "Basic Average Shares": NaN,
        "Diluted EPS": NaN,
        "Basic EPS": NaN,
        "Diluted NI Availto Com Stockholders": NaN,
        "Net Income Common Stockholders": NaN,
        "Net Income": NaN,
        "Minority Interests": NaN,
        "Net Income Including Noncontrolling Interests": NaN,
        "Net Income Continuous Operations": NaN,
        "Tax Provision": NaN,
        "Pretax Income": NaN,
        "Other Income Expense": NaN,
        "Special Income Charges": NaN,
        "Gain On Sale Of Business": NaN,
        "Other Special Charges": NaN,
        "Write Off": NaN,
        "Impairment Of Capital Assets": 0.0,
        "Earnings From Equity Interest": NaN,
        "Gain On Sale Of Security": NaN,
        "Net Non Operating Interest Income Expense": NaN,
        "Interest Expense Non Operating": NaN,
        "Operating Income": NaN,
        "Operating Expense": NaN,
        "Selling General And Administration": NaN,
        "Gross Profit": NaN,
        "Cost Of Revenue": NaN,
        "Total Revenue": NaN,
        "Excise Taxes": NaN,
        "Operating Revenue": NaN
    },
    "2023-11-30": {
        "Tax Effect Of Unusual Items": NaN,
        "Tax Rate For Calcs": NaN,
        "Normalized EBITDA": NaN,
        "Total Unusual Items": NaN,
        "Total Unusual Items Excluding Goodwill": NaN,
        "Net Income From Continuing Operation Net Minority Interest": NaN,
        "Reconciled Depreciation": NaN,
        "Reconciled Cost Of Revenue": NaN,
        "EBITDA": NaN,
        "EBIT": NaN,
        "Net Interest Income": NaN,
        "Interest Expense": NaN,
        "Interest Income": NaN,
        "Normalized Income": NaN,
        "Net Income From Continuing And Discontinued Operation": NaN,
        "Total Expenses": NaN,
        "Total Operating Income As Reported": NaN,
        "Diluted Average Shares": NaN,
        "Basic Average Shares": NaN,
        "Diluted EPS": NaN,
        "Basic EPS": NaN,
        "Diluted NI Availto Com Stockholders": NaN,
        "Net Income Common Stockholders": NaN,
        "Net Income": NaN,
        "Minority Interests": NaN,
        "Net Income Including Noncontrolling Interests": NaN,
        "Net Income Continuous Operations": NaN,
        "Tax Provision": NaN,
        "Pretax Income": NaN,
        "Other Income Expense": NaN,
        "Special Income Charges": NaN,
        "Gain On Sale Of Business": 300000.0,
        "Other Special Charges": NaN,
        "Write Off": NaN,
        "Impairment Of Capital Assets": 0.0,
        "Earnings From Equity Interest": NaN,
        "Gain On Sale Of Security": NaN,
        "Net Non Operating Interest Income Expense": NaN,
        "Interest Expense Non Operating": NaN,
        "Interest Income Non Operating": NaN,
        "Operating Income": NaN,
        "Operating Expense": NaN,
        "Selling General And Administration": NaN,
        "Gross Profit": NaN,
        "Cost Of Revenue": NaN,
        "Total Revenue": NaN,
        "Excise Taxes": NaN,
        "Operating Revenue": NaN
    },
    "2024-02-29": {
        "Tax Effect Of Unusual Items": NaN,
        "Tax Rate For Calcs": NaN,
        "Normalized EBITDA": NaN,
        "Total Unusual Items": NaN,
        "Total Unusual Items Excluding Goodwill": NaN,
        "Net Income From Continuing Operation Net Minority Interest": NaN,
        "Reconciled Depreciation": NaN,
        "Reconciled Cost Of Revenue": NaN,
        "EBITDA": NaN,
        "EBIT": NaN,
        "Net Interest Income": NaN,
        "Interest Expense": NaN,
        "Interest Income": NaN,
        "Normalized Income": NaN,
        "Net Income From Continuing And Discontinued Operation": NaN,
        "Total Expenses": NaN,
        "Total Operating Income As Reported": NaN,
        "Diluted Average Shares": NaN,
        "Basic Average Shares": NaN,
        "Diluted EPS": NaN,
        "Basic EPS": NaN,
        "Diluted NI Availto Com Stockholders": NaN,
        "Net Income Common Stockholders": NaN,
        "Net Income": NaN,
        "Minority Interests": NaN,
        "Net Income Including Noncontrolling Interests": NaN,
        "Net Income Continuous Operations": NaN,
        "Tax Provision": NaN,
        "Pretax Income": NaN,
        "Other Income Expense": NaN,
        "Special Income Charges": NaN,
        "Other Special Charges": 0.0,
        "Write Off": NaN,
        "Impairment Of Capital Assets": NaN,
        "Earnings From Equity Interest": NaN,
        "Gain On Sale Of Security": NaN,
        "Net Non Operating Interest Income Expense": NaN,
        "Interest Expense Non Operating": NaN,
        "Interest Income Non Operating": NaN,
        "Operating Income": NaN,
        "Operating Expense": NaN,
        "Selling General And Administration": NaN,
        "Gross Profit": NaN,
        "Cost Of Revenue": NaN,
        "Total Revenue": NaN,
        "Excise Taxes": NaN,
        "Operating Revenue": NaN
    },
    "2024-05-31": {
        "Tax Effect Of Unusual Items": NaN,
        "Tax Rate For Calcs": NaN,
        "Normalized EBITDA": NaN,
        "Total Unusual Items": NaN,
        "Total Unusual Items Excluding Goodwill": NaN,
        "Net Income From Continuing Operation Net Minority Interest": NaN,
        "Reconciled Depreciation": NaN,
        "Reconciled Cost Of Revenue": NaN,
        "EBITDA": NaN,
        "EBIT": NaN,
        "Net Interest Income": NaN,
        "Interest Expense": NaN,
        "Interest Income": 2000000.0,
        "Normalized Income": NaN,
        "Net Income From Continuing And Discontinued Operation": NaN,
        "Total Expenses": NaN,
        "Total Operating Income As Reported": NaN,
        "Diluted Average Shares": NaN,
        "Basic Average Shares": NaN,
        "Diluted EPS": NaN,
        "Basic EPS": NaN,
        "Diluted NI Availto Com Stockholders": NaN,
        "Net Income Common Stockholders": NaN,
        "Net Income": NaN,
        "Minority Interests": NaN,
        "Net Income Including Noncontrolling Interests": NaN,
        "Net Income Continuous Operations": NaN,
        "Tax Provision": NaN,
        "Pretax Income": NaN,
        "Other Income Expense": NaN,
        "Special Income Charges": NaN,
        "Other Special Charges": NaN,
        "Write Off": NaN,
        "Impairment Of Capital Assets": NaN,
        "Earnings From Equity Interest": NaN,
        "Gain On Sale Of Security": 83300000.0,
        "Net Non Operating Interest Income Expense": NaN,
        "Interest Expense Non Operating": NaN,
        "Interest Income Non Operating": 2000000.0,
        "Operating Income": NaN,
        "Operating Expense": NaN,
        "Selling General And Administration": NaN,
        "Gross Profit": NaN,
        "Cost Of Revenue": NaN,
        "Total Revenue": NaN,
        "Excise Taxes": NaN,
        "Operating Revenue": NaN
    },
    "2024-08-31": {
        "Tax Effect Of Unusual Items": NaN,
        "Tax Rate For Calcs": NaN,
        "Normalized EBITDA": NaN,
        "Total Unusual Items": NaN,
        "Total Unusual Items Excluding Goodwill": NaN,
        "Net Income From Continuing Operation Net Minority Interest": NaN,
        "Reconciled Depreciation": NaN,
        "Reconciled Cost Of Revenue": NaN,
        "EBITDA": NaN,
        "EBIT": NaN,
        "Net Interest Income": NaN,
        "Interest Expense": NaN,
        "Interest Income": NaN,
        "Normalized Income": NaN,
        "Net Income From Continuing And Discontinued Operation": NaN,
        "Total Expenses": NaN,
        "Total Operating Income As Reported": NaN,
        "Diluted Average Shares": NaN,
        "Basic Average Shares": NaN,
        "Diluted EPS": NaN,
        "Basic EPS": NaN,
        "Diluted NI Availto Com Stockholders": NaN,
        "Net Income Common Stockholders": NaN,
        "Net Income": NaN,
        "Minority Interests": NaN,
        "Net Income Including Noncontrolling Interests": NaN,
        "Net Income Continuous Operations": NaN,
        "Tax Provision": NaN,
        "Pretax Income": NaN,
        "Other Income Expense": NaN,
        "Special Income Charges": NaN,
        "Other Special Charges": NaN,
        "Write Off": NaN,
        "Impairment Of Capital Assets": 2250000000.0,
        "Earnings From Equity Interest": NaN,
        "Gain On Sale Of Security": -2500000.0,
        "Net Non Operating Interest Income Expense": NaN,
        "Interest Expense Non Operating": NaN,
        "Interest Income Non Operating": NaN,
        "Operating Income": NaN,
        "Operating Expense": NaN,
        "Selling General And Administration": NaN,
        "Gross Profit": NaN,
        "Cost Of Revenue": NaN,
        "Total Revenue": NaN,
        "Excise Taxes": NaN,
        "Operating Revenue": NaN
    },
    "2024-11-30": {
        "Tax Effect Of Unusual Items": -2569848.574822,
        "Tax Rate For Calcs": 0.066063,
        "Normalized EBITDA": 939200000.0,
        "Total Unusual Items": -38900000.0,
        "Total Unusual Items Excluding Goodwill": -38900000.0,
        "Net Income From Continuing Operation Net Minority Interest": 615900000.0,
        "Reconciled Depreciation": 119000000.0,
        "Reconciled Cost Of Revenue": 1179500000.0,
        "EBITDA": 900300000.0,
        "EBIT": 781300000.0,
        "Net Interest Income": -104400000.0,
        "Interest Expense": 107700000.0,
        "Interest Income": 3300000.0,
        "Normalized Income": 652230151.425178,
        "Net Income From Continuing And Discontinued Operation": 615900000.0,
        "Total Expenses": 1670800000.0,
        "Total Operating Income As Reported": 793000000.0,
        "Diluted Average Shares": 181753000.0,
        "Basic Average Shares": 181243000.0,
        "Diluted EPS": 3.39,
        "Basic EPS": 3.4,
        "Diluted NI Availto Com Stockholders": 615900000.0,
        "Net Income Common Stockholders": 615900000.0,
        "Net Income": 615900000.0,
        "Minority Interests": -13200000.0,
        "Net Income Including Noncontrolling Interests": 629100000.0,
        "Net Income Continuous Operations": 629100000.0,
        "Tax Provision": 44500000.0,
        "Pretax Income": 673600000.0,
        "Other Income Expense": -15000000.0,
        "Special Income Charges": -300000.0,
        "Other Special Charges": NaN,
        "Write Off": 300000.0,
        "Impairment Of Capital Assets": 0.0,
        "Earnings From Equity Interest": 23900000.0,
        "Gain On Sale Of Security": -38600000.0,
        "Net Non Operating Interest Income Expense": -104400000.0,
        "Interest Expense Non Operating": 107700000.0,
        "Interest Income Non Operating": 3300000.0,
        "Operating Income": 793000000.0,
        "Operating Expense": 491300000.0,
        "Selling General And Administration": 491300000.0,
        "Gross Profit": 1284300000.0,
        "Cost Of Revenue": 1179500000.0,
        "Total Revenue": 2463800000.0,
        "Excise Taxes": 180600000.0,
        "Operating Revenue": 2644400000.0
    },
    "2025-02-28": {
        "Tax Effect Of Unusual Items": -178269000.0,
        "Tax Rate For Calcs": 0.21,
        "Normalized EBITDA": 712400000.0,
        "Total Unusual Items": -848900000.0,
        "Total Unusual Items Excluding Goodwill": -848900000.0,
        "Net Income From Continuing Operation Net Minority Interest": -375300000.0,
        "Reconciled Depreciation": 105900000.0,
        "Reconciled Cost Of Revenue": 1049500000.0,
        "EBITDA": -136500000.0,
        "EBIT": -242400000.0,
        "Net Interest Income": -100200000.0,
        "Interest Expense": 100200000.0,
        "Interest Income": NaN,
        "Normalized Income": 295331000.0,
        "Net Income From Continuing And Discontinued Operation": -375300000.0,
        "Total Expenses": 1554800000.0,
        "Total Operating Income As Reported": -150300000.0,
        "Diluted Average Shares": 179913000.0,
        "Basic Average Shares": 179913000.0,
        "Diluted EPS": -2.09,
        "Basic EPS": -2.09,
        "Diluted NI Availto Com Stockholders": -375300000.0,
        "Net Income Common Stockholders": -375300000.0,
        "Net Income": -375300000.0,
        "Minority Interests": -4700000.0,
        "Net Income Including Noncontrolling Interests": -370600000.0,
        "Net Income Continuous Operations": -370600000.0,
        "Tax Provision": 28000000.0,
        "Pretax Income": -342600000.0,
        "Other Income Expense": -851800000.0,
        "Special Income Charges": -766000000.0,
        "Other Special Charges": NaN,
        "Write Off": 484300000.0,
        "Impairment Of Capital Assets": 547700000.0,
        "Earnings From Equity Interest": -2900000.0,
        "Gain On Sale Of Security": -82900000.0,
        "Net Non Operating Interest Income Expense": -100200000.0,
        "Interest Expense Non Operating": 100200000.0,
        "Interest Income Non Operating": NaN,
        "Operating Income": 609400000.0,
        "Operating Expense": 505300000.0,
        "Selling General And Administration": 505300000.0,
        "Gross Profit": 1114700000.0,
        "Cost Of Revenue": 1049500000.0,
        "Total Revenue": 2164200000.0,
        "Excise Taxes": 148500000.0,
        "Operating Revenue": 2312700000.0
    },
    "2025-05-31": {
        "Tax Effect Of Unusual Items": -7464769.381747,
        "Tax Rate For Calcs": 0.143278,
        "Normalized EBITDA": 869300000.0,
        "Total Unusual Items": -52100000.0,
        "Total Unusual Items Excluding Goodwill": -52100000.0,
        "Net Income From Continuing Operation Net Minority Interest": 516100000.0,
        "Reconciled Depreciation": 105200000.0,
        "Reconciled Cost Of Revenue": 1248400000.0,
        "EBITDA": 817200000.0,
        "EBIT": 712000000.0,
        "Net Interest Income": -98900000.0,
        "Interest Expense": 100600000.0,
        "Interest Income": 1700000.0,
        "Normalized Income": 560735230.618253,
        "Net Income From Continuing And Discontinued Operation": 516100000.0,
        "Total Expenses": 1749100000.0,
        "Total Operating Income As Reported": 713800000.0,
        "Diluted Average Shares": 177991000.0,
        "Basic Average Shares": 177801000.0,
        "Diluted EPS": 2.9,
        "Basic EPS": 2.9,
        "Diluted NI Availto Com Stockholders": 516100000.0,
        "Net Income Common Stockholders": 516100000.0,
        "Net Income": 516100000.0,
        "Minority Interests": -7700000.0,
        "Net Income Including Noncontrolling Interests": 523800000.0,
        "Net Income Continuous Operations": 523800000.0,
        "Tax Provision": 87600000.0,
        "Pretax Income": 611400000.0,
        "Other Income Expense": -55600000.0,
        "Special Income Charges": -52100000.0,
        "Other Special Charges": NaN,
        "Write Off": 52100000.0,
        "Impairment Of Capital Assets": NaN,
        "Earnings From Equity Interest": -3500000.0,
        "Gain On Sale Of Security": NaN,
        "Net Non Operating Interest Income Expense": -98900000.0,
        "Interest Expense Non Operating": 100600000.0,
        "Interest Income Non Operating": 1700000.0,
        "Operating Income": 765900000.0,
        "Operating Expense": 500700000.0,
        "Selling General And Administration": 500700000.0,
        "Gross Profit": 1266600000.0,
        "Cost Of Revenue": 1248400000.0,
        "Total Revenue": 2515000000.0,
        "Excise Taxes": 162500000.0,
        "Operating Revenue": 2677500000.0
    },
    "2025-08-31": {
        "Tax Effect Of Unusual Items": -1137000.0,
        "Tax Rate For Calcs": 0.379,
        "Normalized EBITDA": 977600000.0,
        "Total Unusual Items": -3000000.0,
        "Total Unusual Items Excluding Goodwill": -3000000.0,
        "Net Income From Continuing Operation Net Minority Interest": 466000000.0,
        "Reconciled Depreciation": 102700000.0,
        "Reconciled Cost Of Revenue": 1171000000.0,
        "EBITDA": 974600000.0,
        "EBIT": 871900000.0,
        "Net Interest Income": -86600000.0,
        "Interest Expense": 89000000.0,
        "Interest Income": 2400000.0,
        "Normalized Income": 467863000.0,
        "Net Income From Continuing And Discontinued Operation": 466000000.0,
        "Total Expenses": 1607000000.0,
        "Total Operating Income As Reported": 874000000.0,
        "Diluted Average Shares": 175938000.0,
        "Basic Average Shares": 175821000.0,
        "Diluted EPS": 2.65,
        "Basic EPS": 2.65,
        "Diluted NI Availto Com Stockholders": 466000000.0,
        "Net Income Common Stockholders": 466000000.0,
        "Net Income": 466000000.0,
        "Minority Interests": -20100000.0,
        "Net Income Including Noncontrolling Interests": 486100000.0,
        "Net Income Continuous Operations": 486100000.0,
        "Tax Provision": 296800000.0,
        "Pretax Income": 782900000.0,
        "Other Income Expense": -4500000.0,
        "Special Income Charges": -6000000.0,
        "Other Special Charges": 1000000.0,
        "Write Off": 5000000.0,
        "Impairment Of Capital Assets": 0.0,
        "Earnings From Equity Interest": -1500000.0,
        "Gain On Sale Of Security": 3000000.0,
        "Net Non Operating Interest Income Expense": -86600000.0,
        "Interest Expense Non Operating": 89000000.0,
        "Interest Income Non Operating": 2400000.0,
        "Operating Income": 874000000.0,
        "Operating Expense": 436000000.0,
        "Selling General And Administration": 436000000.0,
        "Gross Profit": 1310000000.0,
        "Cost Of Revenue": 1171000000.0,
        "Total Revenue": 2481000000.0,
        "Excise Taxes": 172900000.0,
        "Operating Revenue": 2653900000.0
    },
    "2025-11-30": {
        "Tax Effect Of Unusual Items": -97600.0,
        "Tax Rate For Calcs": 0.244,
        "Normalized EBITDA": 818300000.0,
        "Total Unusual Items": -400000.0,
        "Total Unusual Items Excluding Goodwill": -400000.0,
        "Net Income From Continuing Operation Net Minority Interest": 502800000.0,
        "Reconciled Depreciation": 99000000.0,
        "Reconciled Cost Of Revenue": 1039600000.0,
        "EBITDA": 817900000.0,
        "EBIT": 718900000.0,
        "Net Interest Income": -82800000.0,
        "Interest Expense": 86600000.0,
        "Interest Income": 3800000.0,
        "Normalized Income": 503102400.0,
        "Net Income From Continuing And Discontinued Operation": 502800000.0,
        "Total Expenses": 1530800000.0,
        "Total Operating Income As Reported": 692000000.0,
        "Diluted Average Shares": 174614000.0,
        "Basic Average Shares": 174515000.0,
        "Diluted EPS": 2.88,
        "Basic EPS": 2.88,
        "Diluted NI Availto Com Stockholders": 502800000.0,
        "Net Income Common Stockholders": 502800000.0,
        "Net Income": 502800000.0,
        "Minority Interests": -19400000.0,
        "Net Income Including Noncontrolling Interests": 522200000.0,
        "Net Income Continuous Operations": 522200000.0,
        "Tax Provision": 110100000.0,
        "Pretax Income": 632300000.0,
        "Other Income Expense": 23100000.0,
        "Special Income Charges": -400000.0,
        "Other Special Charges": 400000.0,
        "Write Off": 0.0,
        "Impairment Of Capital Assets": 0.0,
        "Earnings From Equity Interest": 23500000.0,
        "Gain On Sale Of Security": NaN,
        "Net Non Operating Interest Income Expense": -82800000.0,
        "Interest Expense Non Operating": 86600000.0,
        "Interest Income Non Operating": 3800000.0,
        "Operating Income": 692000000.0,
        "Operating Expense": 491200000.0,
        "Selling General And Administration": 491200000.0,
        "Gross Profit": 1183200000.0,
        "Cost Of Revenue": 1039600000.0,
        "Total Revenue": 2222800000.0,
        "Excise Taxes": 151600000.0,
        "Operating Revenue": 2374400000.0
    }
}