{
    "2023-03-31": {
        "Tax Effect Of Unusual Items": 0.0,
        "Tax Rate For Calcs": 0.0,
        "Normalized EBITDA": -3704000.0,
        "Total Unusual Items": -1320000.0,
        "Total Unusual Items Excluding Goodwill": -1320000.0,
        "Net Income From Continuing Operation Net Minority Interest": -6390000.0,
        "Reconciled Depreciation": 1298000.0,
        "Reconciled Cost Of Revenue": 25297000.0,
        "EBITDA": -5024000.0,
        "EBIT": -6322000.0,
        "Net Interest Income": -68000.0,
        "Interest Expense": 68000.0,
        "Normalized Income": -5070000.0,
        "Net Income From Continuing And Discontinued Operation": -6390000.0,
        "Total Expenses": 47966000.0,
        "Total Operating Income As Reported": -10067000.0,
        "Diluted Average Shares": 35419672.0,
        "Basic Average Shares": 35419672.0,
        "Diluted EPS": -0.18,
        "Basic EPS": -0.18,
        "Diluted NI Availto Com Stockholders": -6390000.0,
        "Net Income Common Stockholders": -6390000.0,
        "Net Income": -6390000.0,
        "Net Income Including Noncontrolling Interests": -6390000.0,
        "Net Income Continuous Operations": -6390000.0,
        "Tax Provision": 0.0,
        "Pretax Income": -6390000.0,
        "Other Income Expense": 3745000.0,
        "Other Non Operating Income Expenses": 5065000.0,
        "Special Income Charges": -1320000.0,
        "Gain On Sale Of Ppe": -1320000.0,
        "Impairment Of Capital Assets": NaN,
        "Net Non Operating Interest Income Expense": -68000.0,
        "Interest Expense Non Operating": 68000.0,
        "Operating Income": -10067000.0,
        "Operating Expense": 21994000.0,
        "Depreciation Amortization Depletion Income Statement": 623000.0,
        "Depreciation And Amortization In Income Statement": 623000.0,
        "Selling General And Administration": 21371000.0,
        "Selling And Marketing Expense": 12176000.0,
        "General And Administrative Expense": 9195000.0,
        "Other Gand A": 8751000.0,
        "Salaries And Wages": 444000.0,
        "Gross Profit": 11927000.0,
        "Cost Of Revenue": 25972000.0,
        "Total Revenue": 37899000.0,
        "Operating Revenue": 37899000.0
    },
    "2022-12-31": {
        "Tax Effect Of Unusual Items": 0.0,
        "Tax Rate For Calcs": 0.0,
        "Normalized EBITDA": -5682000.0,
        "Total Unusual Items": 5000.0,
        "Total Unusual Items Excluding Goodwill": 5000.0,
        "Net Income From Continuing Operation Net Minority Interest": -7026000.0,
        "Reconciled Depreciation": 1292000.0,
        "Reconciled Cost Of Revenue": 30921000.0,
        "EBITDA": -5677000.0,
        "EBIT": -6969000.0,
        "Net Interest Income": -57000.0,
        "Interest Expense": 57000.0,
        "Normalized Income": -7031000.0,
        "Net Income From Continuing And Discontinued Operation": -7026000.0,
        "Total Expenses": 60573000.0,
        "Total Operating Income As Reported": -6944000.0,
        "Diluted Average Shares": NaN,
        "Basic Average Shares": NaN,
        "Diluted EPS": NaN,
        "Basic EPS": NaN,
        "Diluted NI Availto Com Stockholders": -7026000.0,
        "Net Income Common Stockholders": -7026000.0,
        "Net Income": -7026000.0,
        "Net Income Including Noncontrolling Interests": -7026000.0,
        "Net Income Continuous Operations": -7026000.0,
        "Tax Provision": 0.0,
        "Pretax Income": -7026000.0,
        "Other Income Expense": -25000.0,
        "Other Non Operating Income Expenses": -30000.0,
        "Special Income Charges": 5000.0,
        "Gain On Sale Of Ppe": 5000.0,
        "Impairment Of Capital Assets": NaN,
        "Net Non Operating Interest Income Expense": -57000.0,
        "Interest Expense Non Operating": 57000.0,
        "Operating Income": -6944000.0,
        "Operating Expense": 28982000.0,
        "Depreciation Amortization Depletion Income Statement": 622000.0,
        "Depreciation And Amortization In Income Statement": 622000.0,
        "Selling General And Administration": 28360000.0,
        "Selling And Marketing Expense": 17886000.0,
        "General And Administrative Expense": 10474000.0,
        "Other Gand A": 10097000.0,
        "Salaries And Wages": 377000.0,
        "Gross Profit": 22038000.0,
        "Cost Of Revenue": 31591000.0,
        "Total Revenue": 53629000.0,
        "Operating Revenue": 53629000.0
    },
    "2022-09-30": {
        "Tax Effect Of Unusual Items": 0.0,
        "Tax Rate For Calcs": 0.0,
        "Normalized EBITDA": -4352000.0,
        "Total Unusual Items": 65000.0,
        "Total Unusual Items Excluding Goodwill": 65000.0,
        "Net Income From Continuing Operation Net Minority Interest": -5393000.0,
        "Reconciled Depreciation": 1056000.0,
        "Reconciled Cost Of Revenue": 21204000.0,
        "EBITDA": -4287000.0,
        "EBIT": -5343000.0,
        "Net Interest Income": -50000.0,
        "Interest Expense": 50000.0,
        "Normalized Income": -5458000.0,
        "Net Income From Continuing And Discontinued Operation": -5393000.0,
        "Total Expenses": 46115000.0,
        "Total Operating Income As Reported": -5402000.0,
        "Diluted Average Shares": 33706250.0,
        "Basic Average Shares": 33706250.0,
        "Diluted EPS": -0.16,
        "Basic EPS": -0.16,
        "Diluted NI Availto Com Stockholders": -5393000.0,
        "Net Income Common Stockholders": -5393000.0,
        "Net Income": -5393000.0,
        "Net Income Including Noncontrolling Interests": -5393000.0,
        "Net Income Continuous Operations": -5393000.0,
        "Tax Provision": 0.0,
        "Pretax Income": -5393000.0,
        "Other Income Expense": 59000.0,
        "Other Non Operating Income Expenses": -6000.0,
        "Special Income Charges": 65000.0,
        "Gain On Sale Of Ppe": 65000.0,
        "Impairment Of Capital Assets": NaN,
        "Net Non Operating Interest Income Expense": -50000.0,
        "Interest Expense Non Operating": 50000.0,
        "Operating Income": -5402000.0,
        "Operating Expense": 24911000.0,
        "Depreciation Amortization Depletion Income Statement": 1056000.0,
        "Depreciation And Amortization In Income Statement": 1056000.0,
        "Selling General And Administration": 23855000.0,
        "Selling And Marketing Expense": 14773000.0,
        "General And Administrative Expense": 9082000.0,
        "Other Gand A": 8718000.0,
        "Salaries And Wages": 364000.0,
        "Gross Profit": 19509000.0,
        "Cost Of Revenue": 21204000.0,
        "Total Revenue": 40713000.0,
        "Operating Revenue": 40713000.0
    },
    "2022-06-30": {
        "Tax Effect Of Unusual Items": 71200.0,
        "Tax Rate For Calcs": 0.4,
        "Normalized EBITDA": -6025000.0,
        "Total Unusual Items": 178000.0,
        "Total Unusual Items Excluding Goodwill": 178000.0,
        "Net Income From Continuing Operation Net Minority Interest": -7585000.0,
        "Reconciled Depreciation": 1585000.0,
        "Reconciled Cost Of Revenue": 19259000.0,
        "EBITDA": -5847000.0,
        "EBIT": -7432000.0,
        "Net Interest Income": -59000.0,
        "Interest Expense": 59000.0,
        "Normalized Income": -7691800.0,
        "Net Income From Continuing And Discontinued Operation": -7585000.0,
        "Total Expenses": 44058000.0,
        "Total Operating Income As Reported": -7661000.0,
        "Diluted Average Shares": 32907289.0,
        "Basic Average Shares": 32907289.0,
        "Diluted EPS": -0.23,
        "Basic EPS": -0.23,
        "Diluted NI Availto Com Stockholders": -7585000.0,
        "Net Income Common Stockholders": -7585000.0,
        "Net Income": -7585000.0,
        "Net Income Including Noncontrolling Interests": -7585000.0,
        "Net Income Continuous Operations": -7585000.0,
        "Tax Provision": 94000.0,
        "Pretax Income": -7491000.0,
        "Other Income Expense": 229000.0,
        "Other Non Operating Income Expenses": 51000.0,
        "Special Income Charges": 178000.0,
        "Gain On Sale Of Ppe": 178000.0,
        "Net Non Operating Interest Income Expense": -59000.0,
        "Interest Expense Non Operating": 59000.0,
        "Operating Income": -7661000.0,
        "Operating Expense": 24526000.0,
        "Depreciation Amortization Depletion Income Statement": 1312000.0,
        "Depreciation And Amortization In Income Statement": 1312000.0,
        "Selling General And Administration": 23214000.0,
        "Selling And Marketing Expense": 14318000.0,
        "General And Administrative Expense": 8896000.0,
        "Other Gand A": 8525000.0,
        "Salaries And Wages": 371000.0,
        "Gross Profit": 16865000.0,
        "Cost Of Revenue": 19532000.0,
        "Total Revenue": 36397000.0,
        "Operating Revenue": 36397000.0
    },
    "2022-03-31": {
        "Diluted EPS": -0.28,
        "Total Revenue": 31,
        "Gross Profit": 13,
        "Operating Income": -8,
        "EBIT": -7,
        "Net Income": -8
    },
    "2021-12-31": {
        "Diluted EPS": -0.49,
        "Total Revenue": 32,
        "Gross Profit": 12,
        "Operating Income": -13,
        "EBIT": -5,
        "Net Income": -13
    },
    "2021-09-30": {
        "Diluted EPS": -0.24,
        "Total Revenue": 31,
        "Gross Profit": 13,
        "Operating Income": -6,
        "EBIT": -4,
        "Net Income": -6
    },
    "2021-06-30": {
        "Diluted EPS": -0.07,
        "Total Revenue": 32,
        "Gross Profit": 15,
        "Operating Income": -5,
        "EBIT": -3,
        "Net Income": -2
    },
    "2021-03-31": {
        "Diluted EPS": -0.19,
        "Total Revenue": 6,
        "Gross Profit": 0,
        "Operating Income": -5,
        "EBIT": -5,
        "Net Income": -5
    },
    "2020-12-31": {
        "Diluted EPS": -0.17,
        "Total Revenue": 9,
        "Gross Profit": 2,
        "Operating Income": -5,
        "EBIT": -4,
        "Net Income": -5
    },
    "2020-09-30": {
        "Diluted EPS": -0.17,
        "Total Revenue": 7,
        "Gross Profit": 2,
        "Operating Income": -3,
        "EBIT": -2,
        "Net Income": -3
    },
    "2020-06-30": {
        "Diluted EPS": -0.09,
        "Total Revenue": 10,
        "Gross Profit": 2,
        "Operating Income": -1,
        "EBIT": -1,
        "Net Income": -1
    },
    "2020-03-31": {
        "Diluted EPS": -0.6,
        "Total Revenue": 12,
        "Gross Profit": 2,
        "Operating Income": -6,
        "EBIT": -2,
        "Net Income": -7
    },
    "2019-12-31": {
        "Diluted EPS": -0.9,
        "Total Revenue": 14,
        "Gross Profit": 1,
        "Operating Income": -3,
        "EBIT": -3,
        "Net Income": -5
    },
    "2019-09-30": {
        "Diluted EPS": -0.26,
        "Total Revenue": 18,
        "Gross Profit": 3,
        "Operating Income": -1,
        "EBIT": -1,
        "Net Income": -1
    },
    "2019-06-30": {
        "Diluted EPS": -0.02,
        "Total Revenue": 19,
        "Gross Profit": 4,
        "Operating Income": 0,
        "EBIT": 0,
        "Net Income": 0
    },
    "2019-03-31": {
        "Diluted EPS": -1.21,
        "Total Revenue": 9,
        "Gross Profit": -1,
        "Operating Income": -4,
        "EBIT": -4,
        "Net Income": -5
    },
    "2018-12-31": {
        "Diluted EPS": -0.53,
        "Total Revenue": 19,
        "Gross Profit": 4,
        "Operating Income": -2,
        "EBIT": 0,
        "Net Income": -2
    },
    "2018-09-30": {
        "Diluted EPS": -0.1,
        "Total Revenue": 18,
        "Gross Profit": 3,
        "Operating Income": 0,
        "EBIT": 0,
        "Net Income": 0
    },
    "2018-06-30": {
        "Diluted EPS": -0.49,
        "Total Revenue": 20,
        "Gross Profit": 3,
        "Operating Income": -2,
        "EBIT": -2,
        "Net Income": -2
    },
    "2018-03-31": {
        "Diluted EPS": -0.49,
        "Total Revenue": 13,
        "Gross Profit": 2,
        "Operating Income": -2,
        "EBIT": -2,
        "Net Income": -2
    },
    "2017-12-31": {
        "Diluted EPS": -0.91,
        "Total Revenue": 19,
        "Gross Profit": 1,
        "Operating Income": -3,
        "EBIT": -3,
        "Net Income": -3
    },
    "2017-09-30": {
        "Diluted EPS": -0.63,
        "Total Revenue": 19,
        "Gross Profit": 3,
        "Operating Income": -2,
        "EBIT": -1,
        "Net Income": -2
    },
    "2017-06-30": {
        "Diluted EPS": 0.28,
        "Total Revenue": 25,
        "Gross Profit": 7,
        "Operating Income": 1,
        "EBIT": 2,
        "Net Income": 1
    },
    "2017-03-31": {
        "Diluted EPS": -0.98,
        "Total Revenue": 14,
        "Gross Profit": 3,
        "Operating Income": -3,
        "EBIT": -2,
        "Net Income": -3
    },
    "2016-12-31": {
        "Diluted EPS": -1.26,
        "Total Revenue": 18,
        "Gross Profit": 3,
        "Operating Income": -3,
        "EBIT": -3,
        "Net Income": -4
    },
    "2016-09-30": {
        "Diluted EPS": -2.03,
        "Total Revenue": 18,
        "Gross Profit": 5,
        "Operating Income": -6,
        "EBIT": -5,
        "Net Income": -6
    },
    "2016-06-30": {
        "Diluted EPS": 0.21,
        "Total Revenue": 31,
        "Gross Profit": 9,
        "Operating Income": 1,
        "EBIT": 1,
        "Net Income": 1
    },
    "2016-03-31": {
        "Diluted EPS": -0.14,
        "Total Revenue": 19,
        "Gross Profit": 6,
        "Operating Income": 0,
        "EBIT": 0,
        "Net Income": 0
    },
    "2015-12-31": {
        "Diluted EPS": 0.7,
        "Total Revenue": 17,
        "Gross Profit": 6,
        "Operating Income": 2,
        "EBIT": 2,
        "Net Income": 1
    },
    "2015-09-30": {
        "Diluted EPS": 0.42,
        "Total Revenue": 20,
        "Gross Profit": 5,
        "Operating Income": 2,
        "EBIT": 2,
        "Net Income": 1
    },
    "2015-06-30": {
        "Diluted EPS": -0.07,
        "Total Revenue": 11,
        "Gross Profit": 3,
        "Operating Income": 0,
        "EBIT": 0,
        "Net Income": 0
    },
    "2015-03-31": {
        "Diluted EPS": -0.7,
        "Total Revenue": 6,
        "Gross Profit": 2,
        "Operating Income": -1,
        "EBIT": -1,
        "Net Income": -1
    },
    "2014-12-31": {
        "Diluted EPS": -4.55,
        "Total Revenue": 5,
        "Gross Profit": 2,
        "Operating Income": 0,
        "EBIT": 2,
        "Net Income": -7
    },
    "2014-09-30": {
        "Diluted EPS": -7.98,
        "Total Revenue": 6,
        "Gross Profit": 2,
        "Operating Income": 0,
        "EBIT": 1,
        "Net Income": -14
    },
    "2014-06-30": {
        "Diluted EPS": 0.14,
        "Total Revenue": 7,
        "Gross Profit": 2,
        "Operating Income": 1,
        "EBIT": 2,
        "Net Income": 0
    },
    "2014-03-31": {
        "Diluted EPS": -3.01,
        "Total Revenue": 1,
        "Gross Profit": 0,
        "Operating Income": -1,
        "EBIT": 0,
        "Net Income": -4
    },
    "2013-12-31": {
        "Diluted EPS": 0.0,
        "Total Revenue": NaN,
        "Gross Profit": NaN,
        "Operating Income": NaN,
        "EBIT": NaN,
        "Net Income": NaN
    },
    "2023-06-30": {
        "Tax Effect Of Unusual Items": -3780.0,
        "Tax Rate For Calcs": 0.21,
        "Normalized EBITDA": -11030000.0,
        "Total Unusual Items": -18000.0,
        "Total Unusual Items Excluding Goodwill": -18000.0,
        "Net Income From Continuing Operation Net Minority Interest": -12676000.0,
        "Reconciled Depreciation": 1343000.0,
        "Reconciled Cost Of Revenue": 22476000.0,
        "EBITDA": -11048000.0,
        "EBIT": -12391000.0,
        "Net Interest Income": -173000.0,
        "Interest Expense": 173000.0,
        "Normalized Income": -12661780.0,
        "Net Income From Continuing And Discontinued Operation": -12676000.0,
        "Total Expenses": 45995000.0,
        "Total Operating Income As Reported": -11357000.0,
        "Diluted Average Shares": 37524312.0,
        "Basic Average Shares": 37524312.0,
        "Diluted EPS": -0.34,
        "Basic EPS": -0.34,
        "Diluted NI Availto Com Stockholders": -12676000.0,
        "Net Income Common Stockholders": -12676000.0,
        "Net Income": -12676000.0,
        "Net Income Including Noncontrolling Interests": -12676000.0,
        "Net Income Continuous Operations": -12676000.0,
        "Tax Provision": 112000.0,
        "Pretax Income": -12564000.0,
        "Other Income Expense": -1034000.0,
        "Other Non Operating Income Expenses": -1016000.0,
        "Special Income Charges": -18000.0,
        "Gain On Sale Of Ppe": -18000.0,
        "Impairment Of Capital Assets": NaN,
        "Net Non Operating Interest Income Expense": -173000.0,
        "Interest Expense Non Operating": 173000.0,
        "Operating Income": -11357000.0,
        "Operating Expense": 22799000.0,
        "Depreciation Amortization Depletion Income Statement": 623000.0,
        "Depreciation And Amortization In Income Statement": 623000.0,
        "Selling General And Administration": 22176000.0,
        "Selling And Marketing Expense": 11967000.0,
        "General And Administrative Expense": 10209000.0,
        "Other Gand A": 9773000.0,
        "Salaries And Wages": 436000.0,
        "Gross Profit": 11442000.0,
        "Cost Of Revenue": 23196000.0,
        "Total Revenue": 34638000.0,
        "Operating Revenue": 34638000.0
    },
    "2023-09-30": {
        "Tax Effect Of Unusual Items": 0.0,
        "Tax Rate For Calcs": 0.0,
        "Normalized EBITDA": -8788000.0,
        "Total Unusual Items": -25896000.0,
        "Total Unusual Items Excluding Goodwill": -25896000.0,
        "Net Income From Continuing Operation Net Minority Interest": -36404000.0,
        "Reconciled Depreciation": 1326000.0,
        "Reconciled Cost Of Revenue": 19819000.0,
        "EBITDA": -34684000.0,
        "EBIT": -36010000.0,
        "Net Interest Income": -394000.0,
        "Interest Expense": 394000.0,
        "Normalized Income": -10508000.0,
        "Net Income From Continuing And Discontinued Operation": -36404000.0,
        "Total Expenses": 38864000.0,
        "Total Operating Income As Reported": -36168000.0,
        "Diluted Average Shares": 43569953.0,
        "Basic Average Shares": 43569953.0,
        "Diluted EPS": -0.84,
        "Basic EPS": -0.84,
        "Diluted NI Availto Com Stockholders": -36404000.0,
        "Net Income Common Stockholders": -36404000.0,
        "Net Income": -36404000.0,
        "Net Income Including Noncontrolling Interests": -36404000.0,
        "Net Income Continuous Operations": -36404000.0,
        "Tax Provision": 0.0,
        "Pretax Income": -36404000.0,
        "Other Income Expense": -25842000.0,
        "Other Non Operating Income Expenses": 54000.0,
        "Special Income Charges": -25896000.0,
        "Gain On Sale Of Ppe": 104000.0,
        "Impairment Of Capital Assets": 26000000.0,
        "Net Non Operating Interest Income Expense": -394000.0,
        "Interest Expense Non Operating": 394000.0,
        "Operating Income": -10168000.0,
        "Operating Expense": 18342000.0,
        "Depreciation Amortization Depletion Income Statement": 623000.0,
        "Depreciation And Amortization In Income Statement": 623000.0,
        "Selling General And Administration": 17719000.0,
        "Selling And Marketing Expense": 7801000.0,
        "General And Administrative Expense": 9918000.0,
        "Other Gand A": 9441000.0,
        "Salaries And Wages": 477000.0,
        "Gross Profit": 8174000.0,
        "Cost Of Revenue": 20522000.0,
        "Total Revenue": 28696000.0,
        "Operating Revenue": 28696000.0
    }
}