{
    "2023-03-31": {
        "Tax Effect Of Unusual Items": NaN,
        "Tax Rate For Calcs": NaN,
        "Normalized EBITDA": NaN,
        "Total Unusual Items": NaN,
        "Total Unusual Items Excluding Goodwill": NaN,
        "Net Income From Continuing Operation Net Minority Interest": NaN,
        "Reconciled Depreciation": NaN,
        "Reconciled Cost Of Revenue": NaN,
        "EBITDA": NaN,
        "EBIT": NaN,
        "Net Interest Income": NaN,
        "Interest Expense": NaN,
        "Normalized Income": NaN,
        "Net Income From Continuing And Discontinued Operation": NaN,
        "Total Expenses": NaN,
        "Total Operating Income As Reported": NaN,
        "Diluted Average Shares": 27299000.0,
        "Basic Average Shares": 27299000.0,
        "Diluted EPS": -0.49,
        "Basic EPS": -0.49,
        "Diluted NI Availto Com Stockholders": NaN,
        "Net Income Common Stockholders": NaN,
        "Otherunder Preferred Stock Dividend": NaN,
        "Preferred Stock Dividends": NaN,
        "Net Income": NaN,
        "Net Income Including Noncontrolling Interests": NaN,
        "Net Income Continuous Operations": NaN,
        "Tax Provision": NaN,
        "Pretax Income": NaN,
        "Other Income Expense": NaN,
        "Other Non Operating Income Expenses": NaN,
        "Special Income Charges": NaN,
        "Gain On Sale Of Business": NaN,
        "Net Non Operating Interest Income Expense": NaN,
        "Interest Expense Non Operating": NaN,
        "Operating Income": NaN,
        "Operating Expense": NaN,
        "Selling General And Administration": NaN,
        "Gross Profit": NaN,
        "Cost Of Revenue": NaN,
        "Total Revenue": NaN,
        "Operating Revenue": NaN
    },
    "2022-12-31": {
        "Tax Effect Of Unusual Items": NaN,
        "Tax Rate For Calcs": NaN,
        "Normalized EBITDA": NaN,
        "Total Unusual Items": NaN,
        "Total Unusual Items Excluding Goodwill": NaN,
        "Net Income From Continuing Operation Net Minority Interest": NaN,
        "Reconciled Depreciation": NaN,
        "Reconciled Cost Of Revenue": NaN,
        "EBITDA": NaN,
        "EBIT": NaN,
        "Net Interest Income": NaN,
        "Interest Expense": NaN,
        "Normalized Income": NaN,
        "Net Income From Continuing And Discontinued Operation": NaN,
        "Total Expenses": NaN,
        "Total Operating Income As Reported": NaN,
        "Diluted Average Shares": 28262000.0,
        "Basic Average Shares": 27016000.0,
        "Diluted EPS": 0.25,
        "Basic EPS": 0.26,
        "Diluted NI Availto Com Stockholders": NaN,
        "Net Income Common Stockholders": NaN,
        "Otherunder Preferred Stock Dividend": NaN,
        "Preferred Stock Dividends": NaN,
        "Net Income": NaN,
        "Net Income Including Noncontrolling Interests": NaN,
        "Net Income Continuous Operations": NaN,
        "Tax Provision": NaN,
        "Pretax Income": NaN,
        "Other Income Expense": NaN,
        "Other Non Operating Income Expenses": NaN,
        "Special Income Charges": NaN,
        "Gain On Sale Of Business": NaN,
        "Net Non Operating Interest Income Expense": NaN,
        "Interest Expense Non Operating": NaN,
        "Operating Income": NaN,
        "Operating Expense": NaN,
        "Selling General And Administration": NaN,
        "Gross Profit": NaN,
        "Cost Of Revenue": NaN,
        "Total Revenue": NaN,
        "Operating Revenue": NaN
    },
    "2022-09-30": {
        "Tax Effect Of Unusual Items": NaN,
        "Tax Rate For Calcs": NaN,
        "Normalized EBITDA": NaN,
        "Total Unusual Items": 0.0,
        "Total Unusual Items Excluding Goodwill": 0.0,
        "Net Income From Continuing Operation Net Minority Interest": NaN,
        "Reconciled Depreciation": NaN,
        "Reconciled Cost Of Revenue": NaN,
        "EBITDA": NaN,
        "EBIT": NaN,
        "Net Interest Income": NaN,
        "Interest Expense": NaN,
        "Normalized Income": NaN,
        "Net Income From Continuing And Discontinued Operation": NaN,
        "Total Expenses": NaN,
        "Total Operating Income As Reported": NaN,
        "Diluted Average Shares": NaN,
        "Basic Average Shares": NaN,
        "Diluted EPS": NaN,
        "Basic EPS": NaN,
        "Diluted NI Availto Com Stockholders": NaN,
        "Net Income Common Stockholders": NaN,
        "Otherunder Preferred Stock Dividend": NaN,
        "Preferred Stock Dividends": NaN,
        "Net Income": NaN,
        "Net Income Including Noncontrolling Interests": NaN,
        "Net Income Continuous Operations": NaN,
        "Tax Provision": NaN,
        "Pretax Income": NaN,
        "Other Income Expense": NaN,
        "Other Non Operating Income Expenses": NaN,
        "Special Income Charges": 0.0,
        "Gain On Sale Of Business": 0.0,
        "Net Non Operating Interest Income Expense": NaN,
        "Interest Expense Non Operating": NaN,
        "Operating Income": NaN,
        "Operating Expense": NaN,
        "Selling General And Administration": NaN,
        "Gross Profit": NaN,
        "Cost Of Revenue": NaN,
        "Total Revenue": NaN,
        "Operating Revenue": NaN
    },
    "2022-06-30": {
        "Tax Effect Of Unusual Items": 0.0,
        "Tax Rate For Calcs": 0.333,
        "Normalized EBITDA": 49713000.0,
        "Net Income From Continuing Operation Net Minority Interest": 10844000.0,
        "Reconciled Depreciation": 23126000.0,
        "Reconciled Cost Of Revenue": 388905000.0,
        "EBITDA": 49713000.0,
        "EBIT": 26587000.0,
        "Net Interest Income": -10338000.0,
        "Interest Expense": 10338000.0,
        "Normalized Income": 10844000.0,
        "Net Income From Continuing And Discontinued Operation": 10844000.0,
        "Total Expenses": 405626000.0,
        "Total Operating Income As Reported": 25906000.0,
        "Diluted Average Shares": 27422000.0,
        "Basic Average Shares": 26918000.0,
        "Diluted EPS": 0.07,
        "Basic EPS": 0.07,
        "Diluted NI Availto Com Stockholders": 1832000.0,
        "Net Income Common Stockholders": 1832000.0,
        "Otherunder Preferred Stock Dividend": 11000.0,
        "Preferred Stock Dividends": 9001000.0,
        "Net Income": 10844000.0,
        "Net Income Including Noncontrolling Interests": 10844000.0,
        "Net Income Continuous Operations": 10844000.0,
        "Tax Provision": 5405000.0,
        "Pretax Income": 16249000.0,
        "Other Income Expense": 681000.0,
        "Other Non Operating Income Expenses": 681000.0,
        "Net Non Operating Interest Income Expense": -10338000.0,
        "Interest Expense Non Operating": 10338000.0,
        "Operating Income": 25906000.0,
        "Operating Expense": 16721000.0,
        "Selling General And Administration": 16721000.0,
        "Gross Profit": 42627000.0,
        "Cost Of Revenue": 388905000.0,
        "Total Revenue": 431532000.0,
        "Operating Revenue": 431532000.0
    },
    "2023-06-30": {
        "Tax Effect Of Unusual Items": NaN,
        "Tax Rate For Calcs": NaN,
        "Normalized EBITDA": NaN,
        "Total Unusual Items": NaN,
        "Total Unusual Items Excluding Goodwill": NaN,
        "Net Income From Continuing Operation Net Minority Interest": NaN,
        "Reconciled Depreciation": NaN,
        "Reconciled Cost Of Revenue": NaN,
        "EBITDA": NaN,
        "EBIT": NaN,
        "Net Interest Income": NaN,
        "Interest Expense": NaN,
        "Normalized Income": NaN,
        "Net Income From Continuing And Discontinued Operation": NaN,
        "Total Expenses": NaN,
        "Total Operating Income As Reported": NaN,
        "Diluted Average Shares": 28035000.0,
        "Basic Average Shares": 28035000.0,
        "Diluted EPS": -0.35,
        "Basic EPS": -0.35,
        "Diluted NI Availto Com Stockholders": NaN,
        "Net Income Common Stockholders": NaN,
        "Otherunder Preferred Stock Dividend": NaN,
        "Preferred Stock Dividends": NaN,
        "Net Income": NaN,
        "Net Income Including Noncontrolling Interests": NaN,
        "Net Income Continuous Operations": NaN,
        "Tax Provision": NaN,
        "Pretax Income": NaN,
        "Other Income Expense": NaN,
        "Other Non Operating Income Expenses": NaN,
        "Special Income Charges": NaN,
        "Gain On Sale Of Business": NaN,
        "Other Special Charges": NaN,
        "Net Non Operating Interest Income Expense": NaN,
        "Interest Expense Non Operating": NaN,
        "Operating Income": NaN,
        "Operating Expense": NaN,
        "Selling General And Administration": NaN,
        "Gross Profit": NaN,
        "Cost Of Revenue": NaN,
        "Total Revenue": NaN,
        "Operating Revenue": NaN
    },
    "2022-03-31": {
        "Diluted EPS": 0.04,
        "Total Revenue": 401,
        "Gross Profit": 41,
        "Operating Income": 24,
        "EBIT": 49,
        "Net Income": 1
    },
    "2021-12-31": {
        "Diluted EPS": -0.48,
        "Total Revenue": 368,
        "Gross Profit": 21,
        "Operating Income": 7,
        "EBIT": 32,
        "Net Income": -13
    },
    "2021-09-30": {
        "Diluted EPS": -0.61,
        "Total Revenue": 311,
        "Gross Profit": 18,
        "Operating Income": 7,
        "EBIT": 32,
        "Net Income": -16
    },
    "2021-06-30": {
        "Diluted EPS": -0.26,
        "Total Revenue": 347,
        "Gross Profit": 33,
        "Operating Income": 16,
        "EBIT": 43,
        "Net Income": -7
    },
    "2021-03-31": {
        "Diluted EPS": 0.18,
        "Total Revenue": 358,
        "Gross Profit": 43,
        "Operating Income": 26,
        "EBIT": 52,
        "Net Income": 5
    },
    "2020-12-31": {
        "Diluted EPS": -1.09,
        "Total Revenue": 338,
        "Gross Profit": 33,
        "Operating Income": 17,
        "EBIT": 43,
        "Net Income": -30
    },
    "2020-09-30": {
        "Diluted EPS": 0.12,
        "Total Revenue": 317,
        "Gross Profit": 32,
        "Operating Income": 19,
        "EBIT": 45,
        "Net Income": 3
    },
    "2020-06-30": {
        "Diluted EPS": -2.0,
        "Total Revenue": 145,
        "Gross Profit": -23,
        "Operating Income": -34,
        "EBIT": -9,
        "Net Income": -51
    },
    "2020-03-31": {
        "Diluted EPS": -7.84,
        "Total Revenue": 301,
        "Gross Profit": 23,
        "Operating Income": -183,
        "EBIT": -157,
        "Net Income": -198
    },
    "2019-12-31": {
        "Diluted EPS": -4.25,
        "Total Revenue": 310,
        "Gross Profit": 27,
        "Operating Income": -92,
        "EBIT": -68,
        "Net Income": -107
    },
    "2019-09-30": {
        "Diluted EPS": -0.57,
        "Total Revenue": 352,
        "Gross Profit": 16,
        "Operating Income": 0,
        "EBIT": 32,
        "Net Income": -14
    },
    "2019-06-30": {
        "Diluted EPS": -0.04,
        "Total Revenue": 352,
        "Gross Profit": 40,
        "Operating Income": 24,
        "EBIT": 49,
        "Net Income": -1
    },
    "2019-03-31": {
        "Diluted EPS": -0.24,
        "Total Revenue": 358,
        "Gross Profit": 33,
        "Operating Income": 19,
        "EBIT": 43,
        "Net Income": -6
    },
    "2018-12-31": {
        "Diluted EPS": 0.61,
        "Total Revenue": 379,
        "Gross Profit": 36,
        "Operating Income": 19,
        "EBIT": 43,
        "Net Income": 15
    },
    "2018-09-30": {
        "Diluted EPS": -0.37,
        "Total Revenue": 348,
        "Gross Profit": 24,
        "Operating Income": 8,
        "EBIT": 32,
        "Net Income": -9
    },
    "2018-06-30": {
        "Diluted EPS": -0.02,
        "Total Revenue": 389,
        "Gross Profit": 54,
        "Operating Income": 31,
        "EBIT": 56,
        "Net Income": -1
    },
    "2018-03-31": {
        "Diluted EPS": 0.07,
        "Total Revenue": 386,
        "Gross Profit": 50,
        "Operating Income": 28,
        "EBIT": 53,
        "Net Income": 2
    },
    "2017-12-31": {
        "Diluted EPS": -0.5,
        "Total Revenue": 362,
        "Gross Profit": 40,
        "Operating Income": 14,
        "EBIT": 14,
        "Net Income": -13
    },
    "2017-09-30": {
        "Diluted EPS": -0.22,
        "Total Revenue": 331,
        "Gross Profit": 24,
        "Operating Income": 6,
        "EBIT": 6,
        "Net Income": -6
    },
    "2017-06-30": {
        "Diluted EPS": -0.41,
        "Total Revenue": 241,
        "Gross Profit": 20,
        "Operating Income": -2,
        "EBIT": -2,
        "Net Income": -10
    },
    "2017-03-31": {
        "Diluted EPS": 0.12,
        "Total Revenue": 174,
        "Gross Profit": 19,
        "Operating Income": 4,
        "EBIT": 4,
        "Net Income": 3
    },
    "2016-12-31": {
        "Diluted EPS": 0.31,
        "Total Revenue": 188,
        "Gross Profit": 18,
        "Operating Income": 11,
        "EBIT": 11,
        "Net Income": 8
    },
    "2016-09-30": {
        "Diluted EPS": 0.23,
        "Total Revenue": 176,
        "Gross Profit": 11,
        "Operating Income": 5,
        "EBIT": 5,
        "Net Income": 6
    },
    "2016-06-30": {
        "Diluted EPS": 0.52,
        "Total Revenue": 183,
        "Gross Profit": 30,
        "Operating Income": 20,
        "EBIT": 20,
        "Net Income": 13
    },
    "2016-03-31": {
        "Diluted EPS": 0.56,
        "Total Revenue": 186,
        "Gross Profit": 28,
        "Operating Income": 19,
        "EBIT": 19,
        "Net Income": 14
    },
    "2015-12-31": {
        "Diluted EPS": 0.31,
        "Total Revenue": 195,
        "Gross Profit": 24,
        "Operating Income": 14,
        "EBIT": 14,
        "Net Income": 8
    },
    "2015-09-30": {
        "Diluted EPS": 0.19,
        "Total Revenue": 176,
        "Gross Profit": 16,
        "Operating Income": 8,
        "EBIT": 8,
        "Net Income": 5
    },
    "2015-06-30": {
        "Diluted EPS": 0.24,
        "Total Revenue": 184,
        "Gross Profit": 20,
        "Operating Income": 11,
        "EBIT": 11,
        "Net Income": 7
    },
    "2015-03-31": {
        "Diluted EPS": 0.16,
        "Total Revenue": 174,
        "Gross Profit": 11,
        "Operating Income": 4,
        "EBIT": 4,
        "Net Income": 4
    },
    "2014-12-31": {
        "Diluted EPS": 0.06,
        "Total Revenue": 187,
        "Gross Profit": 12,
        "Operating Income": 4,
        "EBIT": 4,
        "Net Income": 1
    },
    "2014-09-30": {
        "Diluted EPS": -0.09,
        "Total Revenue": 176,
        "Gross Profit": 7,
        "Operating Income": -3,
        "EBIT": -3,
        "Net Income": -2
    },
    "2014-06-30": {
        "Diluted EPS": 0.18,
        "Total Revenue": 199,
        "Gross Profit": 16,
        "Operating Income": 8,
        "EBIT": 8,
        "Net Income": 5
    },
    "2014-03-31": {
        "Diluted EPS": 0.18,
        "Total Revenue": 183,
        "Gross Profit": 16,
        "Operating Income": 8,
        "EBIT": 8,
        "Net Income": 5
    },
    "2013-12-31": {
        "Diluted EPS": 0.23,
        "Total Revenue": 193,
        "Gross Profit": 19,
        "Operating Income": 12,
        "EBIT": 12,
        "Net Income": 6
    },
    "2013-09-30": {
        "Diluted EPS": 0.19,
        "Total Revenue": 192,
        "Gross Profit": 15,
        "Operating Income": 7,
        "EBIT": 7,
        "Net Income": 5
    },
    "2013-06-30": {
        "Diluted EPS": 0.23,
        "Total Revenue": 199,
        "Gross Profit": 16,
        "Operating Income": 9,
        "EBIT": 9,
        "Net Income": 6
    },
    "2013-03-31": {
        "Diluted EPS": 0.18,
        "Total Revenue": 206,
        "Gross Profit": 14,
        "Operating Income": 6,
        "EBIT": 6,
        "Net Income": 5
    },
    "2012-12-31": {
        "Diluted EPS": 0.1,
        "Total Revenue": 210,
        "Gross Profit": 13,
        "Operating Income": 5,
        "EBIT": 5,
        "Net Income": 3
    },
    "2012-09-30": {
        "Diluted EPS": 0.55,
        "Total Revenue": 194,
        "Gross Profit": 15,
        "Operating Income": 9,
        "EBIT": 9,
        "Net Income": 15
    },
    "2012-06-30": {
        "Diluted EPS": 0.23,
        "Total Revenue": 215,
        "Gross Profit": 16,
        "Operating Income": 8,
        "EBIT": 8,
        "Net Income": 6
    },
    "2012-03-31": {
        "Diluted EPS": 0.25,
        "Total Revenue": 202,
        "Gross Profit": 17,
        "Operating Income": 10,
        "EBIT": 10,
        "Net Income": 7
    },
    "2011-12-31": {
        "Diluted EPS": 1.48,
        "Total Revenue": 217,
        "Gross Profit": 18,
        "Operating Income": 11,
        "EBIT": 11,
        "Net Income": 40
    },
    "2011-09-30": {
        "Diluted EPS": 0.16,
        "Total Revenue": 207,
        "Gross Profit": 13,
        "Operating Income": 6,
        "EBIT": 6,
        "Net Income": 4
    },
    "2011-06-30": {
        "Diluted EPS": 0.53,
        "Total Revenue": 209,
        "Gross Profit": 20,
        "Operating Income": 13,
        "EBIT": 13,
        "Net Income": 15
    },
    "2011-03-31": {
        "Diluted EPS": 0.29,
        "Total Revenue": 190,
        "Gross Profit": 17,
        "Operating Income": 10,
        "EBIT": 10,
        "Net Income": 8
    },
    "2010-12-31": {
        "Diluted EPS": 0.83,
        "Total Revenue": 191,
        "Gross Profit": 29,
        "Operating Income": 21,
        "EBIT": 21,
        "Net Income": 22
    },
    "2010-09-30": {
        "Diluted EPS": 0.39,
        "Total Revenue": 184,
        "Gross Profit": 20,
        "Operating Income": 11,
        "EBIT": 11,
        "Net Income": 10
    },
    "2010-06-30": {
        "Diluted EPS": 0.38,
        "Total Revenue": 195,
        "Gross Profit": 28,
        "Operating Income": 21,
        "EBIT": 21,
        "Net Income": 10
    },
    "2010-03-31": {
        "Diluted EPS": 0.33,
        "Total Revenue": 150,
        "Gross Profit": 13,
        "Operating Income": 6,
        "EBIT": 6,
        "Net Income": 9
    },
    "2009-12-31": {
        "Diluted EPS": -0.14,
        "Total Revenue": 145,
        "Gross Profit": 12,
        "Operating Income": 6,
        "EBIT": 6,
        "Net Income": -4
    },
    "2009-09-30": {
        "Diluted EPS": -0.48,
        "Total Revenue": 111,
        "Gross Profit": 4,
        "Operating Income": -2,
        "EBIT": -2,
        "Net Income": -13
    },
    "2009-06-30": {
        "Diluted EPS": -0.79,
        "Total Revenue": 81,
        "Gross Profit": -12,
        "Operating Income": -21,
        "EBIT": -21,
        "Net Income": -21
    },
    "2009-03-31": {
        "Diluted EPS": -2.12,
        "Total Revenue": 82,
        "Gross Profit": -15,
        "Operating Income": -28,
        "EBIT": -28,
        "Net Income": -57
    },
    "2023-09-30": {
        "Tax Effect Of Unusual Items": NaN,
        "Tax Rate For Calcs": NaN,
        "Normalized EBITDA": NaN,
        "Total Unusual Items": -79629000.0,
        "Total Unusual Items Excluding Goodwill": -79629000.0,
        "Net Income From Continuing Operation Net Minority Interest": NaN,
        "Reconciled Depreciation": NaN,
        "Reconciled Cost Of Revenue": NaN,
        "EBITDA": NaN,
        "EBIT": NaN,
        "Net Interest Income": NaN,
        "Interest Expense": NaN,
        "Normalized Income": NaN,
        "Net Income From Continuing And Discontinued Operation": NaN,
        "Total Expenses": NaN,
        "Total Operating Income As Reported": NaN,
        "Diluted Average Shares": NaN,
        "Basic Average Shares": NaN,
        "Diluted EPS": NaN,
        "Basic EPS": NaN,
        "Diluted NI Availto Com Stockholders": NaN,
        "Net Income Common Stockholders": NaN,
        "Otherunder Preferred Stock Dividend": NaN,
        "Preferred Stock Dividends": NaN,
        "Net Income": NaN,
        "Net Income Including Noncontrolling Interests": NaN,
        "Net Income Continuous Operations": NaN,
        "Tax Provision": NaN,
        "Pretax Income": NaN,
        "Other Income Expense": NaN,
        "Other Non Operating Income Expenses": NaN,
        "Special Income Charges": -79629000.0,
        "Gain On Sale Of Business": -79629000.0,
        "Other Special Charges": NaN,
        "Net Non Operating Interest Income Expense": NaN,
        "Interest Expense Non Operating": NaN,
        "Operating Income": NaN,
        "Operating Expense": NaN,
        "Selling General And Administration": NaN,
        "Gross Profit": NaN,
        "Cost Of Revenue": NaN,
        "Total Revenue": NaN,
        "Operating Revenue": NaN
    },
    "2023-12-31": {
        "Tax Effect Of Unusual Items": NaN,
        "Tax Rate For Calcs": NaN,
        "Normalized EBITDA": NaN,
        "Total Unusual Items": 0.0,
        "Total Unusual Items Excluding Goodwill": 0.0,
        "Net Income From Continuing Operation Net Minority Interest": NaN,
        "Reconciled Depreciation": NaN,
        "Reconciled Cost Of Revenue": NaN,
        "EBITDA": NaN,
        "EBIT": NaN,
        "Net Interest Income": NaN,
        "Interest Expense": NaN,
        "Normalized Income": NaN,
        "Net Income From Continuing And Discontinued Operation": NaN,
        "Total Expenses": NaN,
        "Total Operating Income As Reported": NaN,
        "Diluted Average Shares": NaN,
        "Basic Average Shares": NaN,
        "Diluted EPS": NaN,
        "Basic EPS": NaN,
        "Diluted NI Availto Com Stockholders": NaN,
        "Net Income Common Stockholders": NaN,
        "Otherunder Preferred Stock Dividend": NaN,
        "Preferred Stock Dividends": NaN,
        "Net Income": NaN,
        "Net Income Including Noncontrolling Interests": NaN,
        "Net Income Continuous Operations": NaN,
        "Tax Provision": NaN,
        "Pretax Income": NaN,
        "Other Income Expense": NaN,
        "Other Non Operating Income Expenses": NaN,
        "Special Income Charges": 0.0,
        "Gain On Sale Of Business": 0.0,
        "Other Special Charges": NaN,
        "Net Non Operating Interest Income Expense": NaN,
        "Interest Expense Non Operating": NaN,
        "Operating Income": NaN,
        "Operating Expense": NaN,
        "Selling General And Administration": NaN,
        "Gross Profit": NaN,
        "Cost Of Revenue": NaN,
        "Total Revenue": NaN,
        "Operating Revenue": NaN
    },
    "2024-03-31": {
        "Tax Effect Of Unusual Items": 0.0,
        "Tax Rate For Calcs": 0.21,
        "Normalized EBITDA": 21723000.0,
        "Total Unusual Items": NaN,
        "Total Unusual Items Excluding Goodwill": NaN,
        "Net Income From Continuing Operation Net Minority Interest": -32749000.0,
        "Reconciled Depreciation": 21946000.0,
        "Reconciled Cost Of Revenue": 295130000.0,
        "EBITDA": 21723000.0,
        "EBIT": -223000.0,
        "Net Interest Income": -15878000.0,
        "Interest Expense": 15878000.0,
        "Normalized Income": -32749000.0,
        "Net Income From Continuing And Discontinued Operation": -32749000.0,
        "Total Expenses": 315962000.0,
        "Total Operating Income As Reported": 314000.0,
        "Diluted Average Shares": 28254000.0,
        "Basic Average Shares": 28254000.0,
        "Diluted EPS": -1.52,
        "Basic EPS": -1.52,
        "Diluted NI Availto Com Stockholders": -42922000.0,
        "Net Income Common Stockholders": -42922000.0,
        "Otherunder Preferred Stock Dividend": 7000.0,
        "Preferred Stock Dividends": 10166000.0,
        "Net Income": -32749000.0,
        "Net Income Including Noncontrolling Interests": -32749000.0,
        "Net Income Continuous Operations": -32749000.0,
        "Tax Provision": 16648000.0,
        "Pretax Income": -16101000.0,
        "Other Income Expense": -537000.0,
        "Other Non Operating Income Expenses": -537000.0,
        "Special Income Charges": NaN,
        "Gain On Sale Of Business": NaN,
        "Other Special Charges": NaN,
        "Net Non Operating Interest Income Expense": -15878000.0,
        "Interest Expense Non Operating": 15878000.0,
        "Operating Income": 314000.0,
        "Operating Expense": 20832000.0,
        "Selling General And Administration": 20832000.0,
        "Gross Profit": 21146000.0,
        "Cost Of Revenue": 295130000.0,
        "Total Revenue": 316276000.0,
        "Operating Revenue": 316276000.0
    },
    "2024-06-30": {
        "Tax Effect Of Unusual Items": 0.0,
        "Tax Rate For Calcs": 0.21,
        "Normalized EBITDA": 33007000.0,
        "Total Unusual Items": NaN,
        "Total Unusual Items Excluding Goodwill": NaN,
        "Net Income From Continuing Operation Net Minority Interest": -11124000.0,
        "Reconciled Depreciation": 21888000.0,
        "Reconciled Cost Of Revenue": 287347000.0,
        "EBITDA": 33007000.0,
        "EBIT": 11119000.0,
        "Net Interest Income": -15823000.0,
        "Interest Expense": 15823000.0,
        "Normalized Income": -11124000.0,
        "Net Income From Continuing And Discontinued Operation": -11124000.0,
        "Total Expenses": 308723000.0,
        "Total Operating Income As Reported": 10244000.0,
        "Diluted Average Shares": 28732000.0,
        "Basic Average Shares": 28732000.0,
        "Diluted EPS": -0.75,
        "Basic EPS": -0.75,
        "Diluted NI Availto Com Stockholders": -21477000.0,
        "Net Income Common Stockholders": -21477000.0,
        "Otherunder Preferred Stock Dividend": 0.0,
        "Preferred Stock Dividends": 10353000.0,
        "Net Income": -11124000.0,
        "Net Income Including Noncontrolling Interests": -11124000.0,
        "Net Income Continuous Operations": -11124000.0,
        "Tax Provision": 6420000.0,
        "Pretax Income": -4704000.0,
        "Other Income Expense": 875000.0,
        "Other Non Operating Income Expenses": 875000.0,
        "Special Income Charges": NaN,
        "Gain On Sale Of Business": NaN,
        "Other Special Charges": NaN,
        "Net Non Operating Interest Income Expense": -15823000.0,
        "Interest Expense Non Operating": 15823000.0,
        "Operating Income": 10244000.0,
        "Operating Expense": 21376000.0,
        "Selling General And Administration": 21376000.0,
        "Gross Profit": 31620000.0,
        "Cost Of Revenue": 287347000.0,
        "Total Revenue": 318967000.0,
        "Operating Revenue": 318967000.0
    },
    "2024-09-30": {
        "Tax Effect Of Unusual Items": -2740920.0,
        "Tax Rate For Calcs": 0.21,
        "Normalized EBITDA": 28731000.0,
        "Total Unusual Items": -13052000.0,
        "Total Unusual Items Excluding Goodwill": -13052000.0,
        "Net Income From Continuing Operation Net Minority Interest": -24753000.0,
        "Reconciled Depreciation": 21700000.0,
        "Reconciled Cost Of Revenue": 293123000.0,
        "EBITDA": 15679000.0,
        "EBIT": -6021000.0,
        "Net Interest Income": -17857000.0,
        "Interest Expense": 17857000.0,
        "Normalized Income": -14441920.0,
        "Net Income From Continuing And Discontinued Operation": -24753000.0,
        "Total Expenses": 317023000.0,
        "Total Operating Income As Reported": 4734000.0,
        "Diluted Average Shares": 28886000.0,
        "Basic Average Shares": 28886000.0,
        "Diluted EPS": -1.24,
        "Basic EPS": -1.24,
        "Diluted NI Availto Com Stockholders": -35839000.0,
        "Net Income Common Stockholders": -35839000.0,
        "Otherunder Preferred Stock Dividend": 5000.0,
        "Preferred Stock Dividends": 11081000.0,
        "Net Income": -24753000.0,
        "Net Income Including Noncontrolling Interests": -24753000.0,
        "Net Income Continuous Operations": -24753000.0,
        "Tax Provision": 875000.0,
        "Pretax Income": -23878000.0,
        "Other Income Expense": -10755000.0,
        "Other Non Operating Income Expenses": 2297000.0,
        "Special Income Charges": -13052000.0,
        "Gain On Sale Of Business": 0.0,
        "Other Special Charges": 13052000.0,
        "Net Non Operating Interest Income Expense": -17857000.0,
        "Interest Expense Non Operating": 17857000.0,
        "Operating Income": 4734000.0,
        "Operating Expense": 23900000.0,
        "Selling General And Administration": 23900000.0,
        "Gross Profit": 28634000.0,
        "Cost Of Revenue": 293123000.0,
        "Total Revenue": 321757000.0,
        "Operating Revenue": 321757000.0
    },
    "2024-12-31": {
        "Tax Effect Of Unusual Items": 0.0,
        "Tax Rate For Calcs": 0.21,
        "Normalized EBITDA": 30431000.0,
        "Total Unusual Items": 0.0,
        "Total Unusual Items Excluding Goodwill": 0.0,
        "Net Income From Continuing Operation Net Minority Interest": -9556000.0,
        "Reconciled Depreciation": 20882000.0,
        "Reconciled Cost Of Revenue": 281210000.0,
        "EBITDA": 30431000.0,
        "EBIT": 9549000.0,
        "Net Interest Income": -17547000.0,
        "Interest Expense": 17547000.0,
        "Normalized Income": -9556000.0,
        "Net Income From Continuing And Discontinued Operation": -9556000.0,
        "Total Expenses": 296384000.0,
        "Total Operating Income As Reported": 13960000.0,
        "Diluted Average Shares": 28900000.0,
        "Basic Average Shares": 28900000.0,
        "Diluted EPS": -0.75,
        "Basic EPS": -0.75,
        "Diluted NI Availto Com Stockholders": -21559000.0,
        "Net Income Common Stockholders": -21559000.0,
        "Otherunder Preferred Stock Dividend": 4000.0,
        "Preferred Stock Dividends": 11999000.0,
        "Net Income": -9556000.0,
        "Net Income Including Noncontrolling Interests": -9556000.0,
        "Net Income Continuous Operations": -9556000.0,
        "Tax Provision": 1558000.0,
        "Pretax Income": -7998000.0,
        "Other Income Expense": -4411000.0,
        "Other Non Operating Income Expenses": -4411000.0,
        "Special Income Charges": 0.0,
        "Gain On Sale Of Business": 0.0,
        "Other Special Charges": 0.0,
        "Net Non Operating Interest Income Expense": -17547000.0,
        "Interest Expense Non Operating": 17547000.0,
        "Operating Income": 13960000.0,
        "Operating Expense": 15174000.0,
        "Selling General And Administration": 15174000.0,
        "Gross Profit": 29134000.0,
        "Cost Of Revenue": 281210000.0,
        "Total Revenue": 310344000.0,
        "Operating Revenue": 310344000.0
    },
    "2025-03-31": {
        "Tax Effect Of Unusual Items": 0.0,
        "Tax Rate For Calcs": 0.296189,
        "Normalized EBITDA": 18204000.0,
        "Total Unusual Items": NaN,
        "Total Unusual Items Excluding Goodwill": NaN,
        "Net Income From Continuing Operation Net Minority Interest": -12929000.0,
        "Reconciled Depreciation": 19542000.0,
        "Reconciled Cost Of Revenue": 305502000.0,
        "EBITDA": 18204000.0,
        "EBIT": -1338000.0,
        "Net Interest Income": -17032000.0,
        "Interest Expense": 17032000.0,
        "Normalized Income": -12929000.0,
        "Net Income From Continuing And Discontinued Operation": -12929000.0,
        "Total Expenses": 320980000.0,
        "Total Operating Income As Reported": 622000.0,
        "Diluted Average Shares": 29062000.0,
        "Basic Average Shares": 29062000.0,
        "Diluted EPS": -0.92,
        "Basic EPS": -0.92,
        "Diluted NI Availto Com Stockholders": -26820000.0,
        "Net Income Common Stockholders": -26820000.0,
        "Otherunder Preferred Stock Dividend": 5000.0,
        "Preferred Stock Dividends": 13886000.0,
        "Net Income": -12929000.0,
        "Net Income Including Noncontrolling Interests": -12929000.0,
        "Net Income Continuous Operations": -12929000.0,
        "Tax Provision": -5441000.0,
        "Pretax Income": -18370000.0,
        "Other Income Expense": -1960000.0,
        "Other Non Operating Income Expenses": -1960000.0,
        "Special Income Charges": NaN,
        "Gain On Sale Of Business": NaN,
        "Other Special Charges": NaN,
        "Net Non Operating Interest Income Expense": -17032000.0,
        "Interest Expense Non Operating": 17032000.0,
        "Operating Income": 622000.0,
        "Operating Expense": 15478000.0,
        "Selling General And Administration": 15478000.0,
        "Gross Profit": 16100000.0,
        "Cost Of Revenue": 305502000.0,
        "Total Revenue": 321602000.0,
        "Operating Revenue": 321602000.0
    }
}