{
    "2023-03-31": {
        "Tax Effect Of Unusual Items": NaN,
        "Tax Rate For Calcs": NaN,
        "Normalized EBITDA": NaN,
        "Total Unusual Items": NaN,
        "Total Unusual Items Excluding Goodwill": NaN,
        "Net Income From Continuing Operation Net Minority Interest": NaN,
        "Reconciled Depreciation": NaN,
        "Reconciled Cost Of Revenue": NaN,
        "EBITDA": NaN,
        "EBIT": NaN,
        "Net Interest Income": NaN,
        "Interest Expense": NaN,
        "Interest Income": NaN,
        "Normalized Income": NaN,
        "Net Income From Continuing And Discontinued Operation": NaN,
        "Total Expenses": NaN,
        "Total Operating Income As Reported": NaN,
        "Diluted Average Shares": NaN,
        "Basic Average Shares": NaN,
        "Diluted EPS": NaN,
        "Basic EPS": NaN,
        "Diluted NI Availto Com Stockholders": NaN,
        "Average Dilution Earnings": 892000.0,
        "Net Income Common Stockholders": NaN,
        "Net Income": NaN,
        "Net Income Including Noncontrolling Interests": NaN,
        "Net Income Continuous Operations": NaN,
        "Tax Provision": NaN,
        "Pretax Income": NaN,
        "Other Income Expense": NaN,
        "Special Income Charges": NaN,
        "Restructuring And Mergern Acquisition": NaN,
        "Net Non Operating Interest Income Expense": NaN,
        "Interest Expense Non Operating": NaN,
        "Interest Income Non Operating": NaN,
        "Operating Income": NaN,
        "Operating Expense": NaN,
        "Depreciation Amortization Depletion Income Statement": NaN,
        "Depreciation And Amortization In Income Statement": NaN,
        "Amortization": NaN,
        "Amortization Of Intangibles Income Statement": NaN,
        "Research And Development": NaN,
        "Selling General And Administration": NaN,
        "Selling And Marketing Expense": NaN,
        "General And Administrative Expense": NaN,
        "Other Gand A": NaN,
        "Gross Profit": NaN,
        "Cost Of Revenue": NaN,
        "Total Revenue": NaN,
        "Operating Revenue": NaN
    },
    "2022-12-31": {
        "Tax Effect Of Unusual Items": NaN,
        "Tax Rate For Calcs": NaN,
        "Normalized EBITDA": NaN,
        "Total Unusual Items": NaN,
        "Total Unusual Items Excluding Goodwill": NaN,
        "Net Income From Continuing Operation Net Minority Interest": NaN,
        "Reconciled Depreciation": NaN,
        "Reconciled Cost Of Revenue": NaN,
        "EBITDA": NaN,
        "EBIT": NaN,
        "Net Interest Income": NaN,
        "Interest Expense": NaN,
        "Interest Income": NaN,
        "Normalized Income": NaN,
        "Net Income From Continuing And Discontinued Operation": NaN,
        "Total Expenses": NaN,
        "Total Operating Income As Reported": NaN,
        "Diluted Average Shares": 62087687.0,
        "Basic Average Shares": 54104908.0,
        "Diluted EPS": 0.43,
        "Basic EPS": 0.47,
        "Diluted NI Availto Com Stockholders": NaN,
        "Average Dilution Earnings": NaN,
        "Net Income Common Stockholders": NaN,
        "Net Income": NaN,
        "Net Income Including Noncontrolling Interests": NaN,
        "Net Income Continuous Operations": NaN,
        "Tax Provision": NaN,
        "Pretax Income": NaN,
        "Other Income Expense": NaN,
        "Special Income Charges": NaN,
        "Restructuring And Mergern Acquisition": NaN,
        "Net Non Operating Interest Income Expense": NaN,
        "Interest Expense Non Operating": NaN,
        "Interest Income Non Operating": NaN,
        "Operating Income": NaN,
        "Operating Expense": NaN,
        "Depreciation Amortization Depletion Income Statement": NaN,
        "Depreciation And Amortization In Income Statement": NaN,
        "Amortization": NaN,
        "Amortization Of Intangibles Income Statement": NaN,
        "Research And Development": NaN,
        "Selling General And Administration": NaN,
        "Selling And Marketing Expense": NaN,
        "General And Administrative Expense": NaN,
        "Other Gand A": NaN,
        "Gross Profit": NaN,
        "Cost Of Revenue": NaN,
        "Total Revenue": NaN,
        "Operating Revenue": NaN
    },
    "2022-09-30": {
        "Tax Effect Of Unusual Items": NaN,
        "Tax Rate For Calcs": NaN,
        "Normalized EBITDA": NaN,
        "Total Unusual Items": NaN,
        "Total Unusual Items Excluding Goodwill": NaN,
        "Net Income From Continuing Operation Net Minority Interest": NaN,
        "Reconciled Depreciation": NaN,
        "Reconciled Cost Of Revenue": NaN,
        "EBITDA": NaN,
        "EBIT": NaN,
        "Net Interest Income": NaN,
        "Interest Expense": NaN,
        "Interest Income": NaN,
        "Normalized Income": NaN,
        "Net Income From Continuing And Discontinued Operation": NaN,
        "Total Expenses": NaN,
        "Total Operating Income As Reported": NaN,
        "Diluted Average Shares": NaN,
        "Basic Average Shares": NaN,
        "Diluted EPS": NaN,
        "Basic EPS": NaN,
        "Diluted NI Availto Com Stockholders": NaN,
        "Average Dilution Earnings": 0.0,
        "Net Income Common Stockholders": NaN,
        "Net Income": NaN,
        "Net Income Including Noncontrolling Interests": NaN,
        "Net Income Continuous Operations": NaN,
        "Tax Provision": NaN,
        "Pretax Income": NaN,
        "Other Income Expense": NaN,
        "Special Income Charges": NaN,
        "Restructuring And Mergern Acquisition": NaN,
        "Net Non Operating Interest Income Expense": NaN,
        "Interest Expense Non Operating": NaN,
        "Interest Income Non Operating": NaN,
        "Operating Income": NaN,
        "Operating Expense": NaN,
        "Depreciation Amortization Depletion Income Statement": NaN,
        "Depreciation And Amortization In Income Statement": NaN,
        "Amortization": NaN,
        "Amortization Of Intangibles Income Statement": NaN,
        "Research And Development": NaN,
        "Selling General And Administration": NaN,
        "Selling And Marketing Expense": NaN,
        "General And Administrative Expense": NaN,
        "Other Gand A": NaN,
        "Gross Profit": NaN,
        "Cost Of Revenue": NaN,
        "Total Revenue": NaN,
        "Operating Revenue": NaN
    },
    "2022-06-30": {
        "Tax Effect Of Unusual Items": -226954.874603,
        "Tax Rate For Calcs": 0.305457,
        "Normalized EBITDA": 34521000.0,
        "Total Unusual Items": -743000.0,
        "Total Unusual Items Excluding Goodwill": -743000.0,
        "Net Income From Continuing Operation Net Minority Interest": 7865000.0,
        "Reconciled Depreciation": 20644000.0,
        "Reconciled Cost Of Revenue": 20457000.0,
        "EBITDA": 33778000.0,
        "EBIT": 13134000.0,
        "Net Interest Income": -22000.0,
        "Interest Expense": 1810000.0,
        "Interest Income": 1788000.0,
        "Normalized Income": 8381045.125397,
        "Net Income From Continuing And Discontinued Operation": 7865000.0,
        "Total Expenses": 157962000.0,
        "Total Operating Income As Reported": 11346000.0,
        "Diluted Average Shares": 61397159.0,
        "Basic Average Shares": 53426163.0,
        "Diluted EPS": 0.14,
        "Basic EPS": 0.15,
        "Diluted NI Availto Com Stockholders": 7865000.0,
        "Average Dilution Earnings": 888000.0,
        "Net Income Common Stockholders": 7865000.0,
        "Net Income": 7865000.0,
        "Net Income Including Noncontrolling Interests": 7865000.0,
        "Net Income Continuous Operations": 7865000.0,
        "Tax Provision": 3459000.0,
        "Pretax Income": 11324000.0,
        "Other Income Expense": -743000.0,
        "Special Income Charges": -743000.0,
        "Restructuring And Mergern Acquisition": 743000.0,
        "Net Non Operating Interest Income Expense": -22000.0,
        "Interest Expense Non Operating": 1810000.0,
        "Interest Income Non Operating": 1788000.0,
        "Operating Income": 12089000.0,
        "Operating Expense": 137505000.0,
        "Depreciation Amortization Depletion Income Statement": 20644000.0,
        "Depreciation And Amortization In Income Statement": 20644000.0,
        "Amortization": 20644000.0,
        "Amortization Of Intangibles Income Statement": 20644000.0,
        "Research And Development": 16385000.0,
        "Selling General And Administration": 100476000.0,
        "Selling And Marketing Expense": 73581000.0,
        "General And Administrative Expense": 26895000.0,
        "Other Gand A": 26895000.0,
        "Gross Profit": 149594000.0,
        "Cost Of Revenue": 20457000.0,
        "Total Revenue": 170051000.0,
        "Operating Revenue": 170051000.0
    },
    "2022-03-31": {
        "Diluted EPS": 0.43,
        "Total Revenue": 153,
        "Gross Profit": 135,
        "Operating Income": 2,
        "EBIT": 23,
        "Net Income": 26
    },
    "2021-12-31": {
        "Diluted EPS": 0.04,
        "Total Revenue": 159,
        "Gross Profit": 142,
        "Operating Income": 6,
        "EBIT": 25,
        "Net Income": 2
    },
    "2021-09-30": {
        "Diluted EPS": 0.4,
        "Total Revenue": 148,
        "Gross Profit": 130,
        "Operating Income": 33,
        "EBIT": 45,
        "Net Income": 22
    },
    "2021-06-30": {
        "Diluted EPS": 0.43,
        "Total Revenue": 141,
        "Gross Profit": 116,
        "Operating Income": 34,
        "EBIT": 44,
        "Net Income": 24
    },
    "2021-03-31": {
        "Diluted EPS": 0.11,
        "Total Revenue": 131,
        "Gross Profit": 116,
        "Operating Income": 13,
        "EBIT": 22,
        "Net Income": 6
    },
    "2020-12-31": {
        "Diluted EPS": 0.57,
        "Total Revenue": 144,
        "Gross Profit": 125,
        "Operating Income": 43,
        "EBIT": 53,
        "Net Income": 31
    },
    "2020-09-30": {
        "Diluted EPS": 0.74,
        "Total Revenue": 155,
        "Gross Profit": 134,
        "Operating Income": 56,
        "EBIT": 64,
        "Net Income": 40
    },
    "2020-06-30": {
        "Diluted EPS": 0.65,
        "Total Revenue": 127,
        "Gross Profit": 118,
        "Operating Income": 46,
        "EBIT": 54,
        "Net Income": 35
    },
    "2020-03-31": {
        "Diluted EPS": 0.4,
        "Total Revenue": 95,
        "Gross Profit": 91,
        "Operating Income": 29,
        "EBIT": 35,
        "Net Income": 22
    },
    "2019-12-31": {
        "Diluted EPS": 0.61,
        "Total Revenue": 100,
        "Gross Profit": 96,
        "Operating Income": 41,
        "EBIT": 45,
        "Net Income": 33
    },
    "2019-09-30": {
        "Diluted EPS": 0.54,
        "Total Revenue": 102,
        "Gross Profit": 97,
        "Operating Income": 40,
        "EBIT": 44,
        "Net Income": 29
    },
    "2019-06-30": {
        "Diluted EPS": 0.61,
        "Total Revenue": 105,
        "Gross Profit": 101,
        "Operating Income": 43,
        "EBIT": 48,
        "Net Income": 33
    },
    "2019-03-31": {
        "Diluted EPS": 0.34,
        "Total Revenue": 85,
        "Gross Profit": 82,
        "Operating Income": 25,
        "EBIT": 30,
        "Net Income": 18
    },
    "2018-12-31": {
        "Diluted EPS": 0.47,
        "Total Revenue": 116,
        "Gross Profit": 112,
        "Operating Income": 40,
        "EBIT": 46,
        "Net Income": 26
    },
    "2018-09-30": {
        "Diluted EPS": 0.52,
        "Total Revenue": 103,
        "Gross Profit": 99,
        "Operating Income": 37,
        "EBIT": 43,
        "Net Income": 28
    },
    "2018-06-30": {
        "Diluted EPS": 0.57,
        "Total Revenue": 100,
        "Gross Profit": 96,
        "Operating Income": 36,
        "EBIT": 39,
        "Net Income": 31
    },
    "2018-03-31": {
        "Diluted EPS": 0.49,
        "Total Revenue": 90,
        "Gross Profit": 87,
        "Operating Income": 31,
        "EBIT": 34,
        "Net Income": 26
    },
    "2017-12-31": {
        "Diluted EPS": 0.28,
        "Total Revenue": 88,
        "Gross Profit": 84,
        "Operating Income": 34,
        "EBIT": 36,
        "Net Income": 14
    },
    "2017-09-30": {
        "Diluted EPS": 0.29,
        "Total Revenue": 80,
        "Gross Profit": 76,
        "Operating Income": 22,
        "EBIT": 27,
        "Net Income": 16
    },
    "2017-06-30": {
        "Diluted EPS": 0.32,
        "Total Revenue": 76,
        "Gross Profit": 72,
        "Operating Income": 26,
        "EBIT": 27,
        "Net Income": 17
    },
    "2017-03-31": {
        "Diluted EPS": 0.19,
        "Total Revenue": 58,
        "Gross Profit": 55,
        "Operating Income": 17,
        "EBIT": 17,
        "Net Income": 10
    },
    "2016-12-31": {
        "Diluted EPS": 0.32,
        "Total Revenue": 62,
        "Gross Profit": 59,
        "Operating Income": 16,
        "EBIT": 17,
        "Net Income": 14
    },
    "2016-09-30": {
        "Diluted EPS": 1.18,
        "Total Revenue": 57,
        "Gross Profit": 53,
        "Operating Income": 20,
        "EBIT": 21,
        "Net Income": 62
    },
    "2016-06-30": {
        "Diluted EPS": 0.18,
        "Total Revenue": 52,
        "Gross Profit": 49,
        "Operating Income": 12,
        "EBIT": 12,
        "Net Income": 10
    },
    "2016-03-31": {
        "Diluted EPS": 0.08,
        "Total Revenue": 44,
        "Gross Profit": 42,
        "Operating Income": 6,
        "EBIT": 7,
        "Net Income": 5
    },
    "2015-12-31": {
        "Diluted EPS": 0.14,
        "Total Revenue": 44,
        "Gross Profit": 41,
        "Operating Income": 8,
        "EBIT": 8,
        "Net Income": 7
    },
    "2015-09-30": {
        "Diluted EPS": 0.08,
        "Total Revenue": 39,
        "Gross Profit": 37,
        "Operating Income": 5,
        "EBIT": 6,
        "Net Income": 4
    },
    "2015-06-30": {
        "Diluted EPS": 0.04,
        "Total Revenue": 36,
        "Gross Profit": 34,
        "Operating Income": 4,
        "EBIT": 4,
        "Net Income": 2
    },
    "2015-03-31": {
        "Diluted EPS": 0.02,
        "Total Revenue": 29,
        "Gross Profit": 27,
        "Operating Income": 4,
        "EBIT": 4,
        "Net Income": 1
    },
    "2014-12-31": {
        "Diluted EPS": 0.1,
        "Total Revenue": 31,
        "Gross Profit": 29,
        "Operating Income": 5,
        "EBIT": 6,
        "Net Income": 4
    },
    "2014-09-30": {
        "Diluted EPS": -0.06,
        "Total Revenue": 23,
        "Gross Profit": 21,
        "Operating Income": -1,
        "EBIT": 0,
        "Net Income": -2
    },
    "2014-06-30": {
        "Diluted EPS": 0.08,
        "Total Revenue": 30,
        "Gross Profit": 28,
        "Operating Income": 4,
        "EBIT": 5,
        "Net Income": 3
    },
    "2014-03-31": {
        "Diluted EPS": -0.38,
        "Total Revenue": 9,
        "Gross Profit": 9,
        "Operating Income": -13,
        "EBIT": -13,
        "Net Income": -16
    },
    "2013-12-31": {
        "Diluted EPS": -0.63,
        "Total Revenue": 10,
        "Gross Profit": 9,
        "Operating Income": -11,
        "EBIT": -10,
        "Net Income": -22
    },
    "2013-09-30": {
        "Diluted EPS": -0.78,
        "Total Revenue": 1,
        "Gross Profit": 1,
        "Operating Income": -17,
        "EBIT": -16,
        "Net Income": -24
    },
    "2013-06-30": {
        "Diluted EPS": -0.89,
        "Total Revenue": 0,
        "Gross Profit": 0,
        "Operating Income": -15,
        "EBIT": -15,
        "Net Income": -27
    },
    "2013-03-31": {
        "Diluted EPS": -0.6,
        "Total Revenue": 0,
        "Gross Profit": 0,
        "Operating Income": -18,
        "EBIT": -18,
        "Net Income": -18
    },
    "2012-12-31": {
        "Diluted EPS": 4.49,
        "Total Revenue": 1,
        "Gross Profit": 1,
        "Operating Income": -13,
        "EBIT": -12,
        "Net Income": -14
    },
    "2012-09-30": {
        "Diluted EPS": -0.55,
        "Total Revenue": 0,
        "Gross Profit": 0,
        "Operating Income": -12,
        "EBIT": -12,
        "Net Income": -13
    },
    "2012-06-30": {
        "Diluted EPS": -0.61,
        "Total Revenue": 0,
        "Gross Profit": 0,
        "Operating Income": -9,
        "EBIT": -9,
        "Net Income": -10
    },
    "2012-03-31": {
        "Diluted EPS": -6.05,
        "Total Revenue": 0,
        "Gross Profit": 0,
        "Operating Income": -8,
        "EBIT": -8,
        "Net Income": -10
    },
    "2011-12-31": {
        "Diluted EPS": 40.14,
        "Total Revenue": 0,
        "Gross Profit": 0,
        "Operating Income": -10,
        "EBIT": -10,
        "Net Income": 82
    },
    "2011-09-30": {
        "Diluted EPS": -6.64,
        "Total Revenue": 0,
        "Gross Profit": 0,
        "Operating Income": -10,
        "EBIT": -10,
        "Net Income": -11
    },
    "2011-06-30": {
        "Diluted EPS": -5.17,
        "Total Revenue": 1,
        "Gross Profit": 1,
        "Operating Income": -8,
        "EBIT": -8,
        "Net Income": -8
    },
    "2011-03-31": {
        "Diluted EPS": -7.48,
        "Total Revenue": NaN,
        "Gross Profit": NaN,
        "Operating Income": -9,
        "EBIT": -9,
        "Net Income": -12
    },
    "2010-12-31": {
        "Diluted EPS": 0.0,
        "Total Revenue": NaN,
        "Gross Profit": NaN,
        "Operating Income": NaN,
        "EBIT": NaN,
        "Net Income": NaN
    },
    "2023-06-30": {
        "Tax Effect Of Unusual Items": NaN,
        "Tax Rate For Calcs": NaN,
        "Normalized EBITDA": NaN,
        "Total Unusual Items": NaN,
        "Total Unusual Items Excluding Goodwill": NaN,
        "Net Income From Continuing Operation Net Minority Interest": NaN,
        "Reconciled Depreciation": NaN,
        "Reconciled Cost Of Revenue": NaN,
        "EBITDA": NaN,
        "EBIT": NaN,
        "Net Interest Income": NaN,
        "Interest Expense": NaN,
        "Interest Income": NaN,
        "Normalized Income": NaN,
        "Net Income From Continuing And Discontinued Operation": NaN,
        "Total Expenses": NaN,
        "Total Operating Income As Reported": NaN,
        "Diluted Average Shares": 54502993.0,
        "Basic Average Shares": 54502993.0,
        "Diluted EPS": -0.02,
        "Basic EPS": -0.02,
        "Diluted NI Availto Com Stockholders": NaN,
        "Average Dilution Earnings": 0.0,
        "Net Income Common Stockholders": NaN,
        "Net Income": NaN,
        "Net Income Including Noncontrolling Interests": NaN,
        "Net Income Continuous Operations": NaN,
        "Tax Provision": NaN,
        "Pretax Income": NaN,
        "Other Income Expense": NaN,
        "Special Income Charges": NaN,
        "Restructuring And Mergern Acquisition": NaN,
        "Net Non Operating Interest Income Expense": NaN,
        "Interest Expense Non Operating": NaN,
        "Interest Income Non Operating": NaN,
        "Operating Income": NaN,
        "Operating Expense": NaN,
        "Depreciation Amortization Depletion Income Statement": NaN,
        "Depreciation And Amortization In Income Statement": NaN,
        "Amortization": NaN,
        "Amortization Of Intangibles Income Statement": NaN,
        "Research And Development": NaN,
        "Selling General And Administration": NaN,
        "Selling And Marketing Expense": NaN,
        "General And Administrative Expense": NaN,
        "Other Gand A": NaN,
        "Gross Profit": NaN,
        "Cost Of Revenue": NaN,
        "Total Revenue": NaN,
        "Operating Revenue": NaN
    },
    "2023-09-30": {
        "Tax Effect Of Unusual Items": NaN,
        "Tax Rate For Calcs": NaN,
        "Normalized EBITDA": NaN,
        "Total Unusual Items": NaN,
        "Total Unusual Items Excluding Goodwill": NaN,
        "Net Income From Continuing Operation Net Minority Interest": NaN,
        "Reconciled Depreciation": NaN,
        "Reconciled Cost Of Revenue": NaN,
        "EBITDA": NaN,
        "EBIT": NaN,
        "Net Interest Income": NaN,
        "Interest Expense": NaN,
        "Interest Income": NaN,
        "Normalized Income": NaN,
        "Net Income From Continuing And Discontinued Operation": NaN,
        "Total Expenses": NaN,
        "Total Operating Income As Reported": NaN,
        "Diluted Average Shares": 54608963.0,
        "Basic Average Shares": 54608963.0,
        "Diluted EPS": -0.29,
        "Basic EPS": -0.29,
        "Diluted NI Availto Com Stockholders": NaN,
        "Average Dilution Earnings": NaN,
        "Net Income Common Stockholders": NaN,
        "Net Income": NaN,
        "Net Income Including Noncontrolling Interests": NaN,
        "Net Income Continuous Operations": NaN,
        "Tax Provision": NaN,
        "Pretax Income": NaN,
        "Other Income Expense": NaN,
        "Special Income Charges": NaN,
        "Restructuring And Mergern Acquisition": NaN,
        "Net Non Operating Interest Income Expense": NaN,
        "Interest Expense Non Operating": NaN,
        "Interest Income Non Operating": NaN,
        "Operating Income": NaN,
        "Operating Expense": NaN,
        "Depreciation Amortization Depletion Income Statement": NaN,
        "Depreciation And Amortization In Income Statement": NaN,
        "Amortization": NaN,
        "Amortization Of Intangibles Income Statement": NaN,
        "Research And Development": NaN,
        "Selling General And Administration": NaN,
        "Selling And Marketing Expense": NaN,
        "General And Administrative Expense": NaN,
        "Other Gand A": NaN,
        "Gross Profit": NaN,
        "Cost Of Revenue": NaN,
        "Total Revenue": NaN,
        "Operating Revenue": NaN
    },
    "2023-12-31": {
        "Tax Effect Of Unusual Items": NaN,
        "Tax Rate For Calcs": NaN,
        "Normalized EBITDA": NaN,
        "Total Unusual Items": NaN,
        "Total Unusual Items Excluding Goodwill": NaN,
        "Net Income From Continuing Operation Net Minority Interest": NaN,
        "Reconciled Depreciation": NaN,
        "Reconciled Cost Of Revenue": NaN,
        "EBITDA": NaN,
        "EBIT": NaN,
        "Net Interest Income": NaN,
        "Interest Expense": 0.0,
        "Interest Income": NaN,
        "Normalized Income": NaN,
        "Net Income From Continuing And Discontinued Operation": NaN,
        "Total Expenses": NaN,
        "Total Operating Income As Reported": NaN,
        "Diluted Average Shares": NaN,
        "Basic Average Shares": NaN,
        "Diluted EPS": NaN,
        "Basic EPS": NaN,
        "Diluted NI Availto Com Stockholders": NaN,
        "Average Dilution Earnings": NaN,
        "Net Income Common Stockholders": NaN,
        "Net Income": NaN,
        "Net Income Including Noncontrolling Interests": NaN,
        "Net Income Continuous Operations": NaN,
        "Tax Provision": NaN,
        "Pretax Income": NaN,
        "Other Income Expense": NaN,
        "Special Income Charges": NaN,
        "Restructuring And Mergern Acquisition": NaN,
        "Net Non Operating Interest Income Expense": NaN,
        "Interest Expense Non Operating": 0.0,
        "Interest Income Non Operating": NaN,
        "Operating Income": NaN,
        "Operating Expense": NaN,
        "Depreciation Amortization Depletion Income Statement": NaN,
        "Depreciation And Amortization In Income Statement": NaN,
        "Amortization": NaN,
        "Amortization Of Intangibles Income Statement": NaN,
        "Research And Development": NaN,
        "Selling General And Administration": NaN,
        "Selling And Marketing Expense": NaN,
        "General And Administrative Expense": NaN,
        "Other Gand A": NaN,
        "Gross Profit": NaN,
        "Cost Of Revenue": NaN,
        "Total Revenue": NaN,
        "Operating Revenue": NaN
    },
    "2024-03-31": {
        "Tax Effect Of Unusual Items": 229950.0,
        "Tax Rate For Calcs": 0.21,
        "Normalized EBITDA": 15406000.0,
        "Total Unusual Items": 1095000.0,
        "Total Unusual Items Excluding Goodwill": 1095000.0,
        "Net Income From Continuing Operation Net Minority Interest": 124000.0,
        "Reconciled Depreciation": 20749000.0,
        "Reconciled Cost Of Revenue": 15697000.0,
        "EBITDA": 16501000.0,
        "EBIT": -4248000.0,
        "Net Interest Income": 3396000.0,
        "Interest Expense": 0.0,
        "Interest Income": 3396000.0,
        "Normalized Income": -741050.0,
        "Net Income From Continuing And Discontinued Operation": 124000.0,
        "Total Expenses": 147892000.0,
        "Total Operating Income As Reported": -3153000.0,
        "Diluted Average Shares": 55626663.0,
        "Basic Average Shares": 54801748.0,
        "Diluted EPS": 0.0,
        "Basic EPS": 0.0,
        "Diluted NI Availto Com Stockholders": 124000.0,
        "Average Dilution Earnings": 0.0,
        "Net Income Common Stockholders": 124000.0,
        "Net Income": 124000.0,
        "Net Income Including Noncontrolling Interests": 124000.0,
        "Net Income Continuous Operations": 124000.0,
        "Tax Provision": 119000.0,
        "Pretax Income": 243000.0,
        "Other Income Expense": 1095000.0,
        "Special Income Charges": 1095000.0,
        "Restructuring And Mergern Acquisition": -1095000.0,
        "Net Non Operating Interest Income Expense": 3396000.0,
        "Interest Expense Non Operating": 0.0,
        "Interest Income Non Operating": 3396000.0,
        "Operating Income": -4248000.0,
        "Operating Expense": 131583000.0,
        "Depreciation Amortization Depletion Income Statement": 20137000.0,
        "Depreciation And Amortization In Income Statement": 20137000.0,
        "Amortization": 20137000.0,
        "Amortization Of Intangibles Income Statement": 20137000.0,
        "Research And Development": 24930000.0,
        "Selling General And Administration": 86516000.0,
        "Selling And Marketing Expense": 59567000.0,
        "General And Administrative Expense": 26949000.0,
        "Other Gand A": 26949000.0,
        "Gross Profit": 127335000.0,
        "Cost Of Revenue": 16309000.0,
        "Total Revenue": 143644000.0,
        "Operating Revenue": 143644000.0
    },
    "2024-06-30": {
        "Tax Effect Of Unusual Items": 1058265.0,
        "Tax Rate For Calcs": 0.243,
        "Normalized EBITDA": 42665000.0,
        "Total Unusual Items": 4355000.0,
        "Total Unusual Items Excluding Goodwill": 4355000.0,
        "Net Income From Continuing Operation Net Minority Interest": 19916000.0,
        "Reconciled Depreciation": 20718000.0,
        "Reconciled Cost Of Revenue": 17306000.0,
        "EBITDA": 47020000.0,
        "EBIT": 26302000.0,
        "Net Interest Income": 3733000.0,
        "Interest Expense": 0.0,
        "Interest Income": 3733000.0,
        "Normalized Income": 16619265.0,
        "Net Income From Continuing And Discontinued Operation": 19916000.0,
        "Total Expenses": 150111000.0,
        "Total Operating Income As Reported": 22569000.0,
        "Diluted Average Shares": 55724283.0,
        "Basic Average Shares": 54978781.0,
        "Diluted EPS": 0.36,
        "Basic EPS": 0.36,
        "Diluted NI Availto Com Stockholders": 19916000.0,
        "Average Dilution Earnings": 0.0,
        "Net Income Common Stockholders": 19916000.0,
        "Net Income": 19916000.0,
        "Net Income Including Noncontrolling Interests": 19916000.0,
        "Net Income Continuous Operations": 19916000.0,
        "Tax Provision": 6386000.0,
        "Pretax Income": 26302000.0,
        "Other Income Expense": 4355000.0,
        "Special Income Charges": 4355000.0,
        "Restructuring And Mergern Acquisition": -4355000.0,
        "Net Non Operating Interest Income Expense": 3733000.0,
        "Interest Expense Non Operating": 0.0,
        "Interest Income Non Operating": 3733000.0,
        "Operating Income": 18214000.0,
        "Operating Expense": 132195000.0,
        "Depreciation Amortization Depletion Income Statement": 20108000.0,
        "Depreciation And Amortization In Income Statement": 20108000.0,
        "Amortization": 20108000.0,
        "Amortization Of Intangibles Income Statement": 20108000.0,
        "Research And Development": 26183000.0,
        "Selling General And Administration": 85904000.0,
        "Selling And Marketing Expense": 58804000.0,
        "General And Administrative Expense": 27100000.0,
        "Other Gand A": 27100000.0,
        "Gross Profit": 150409000.0,
        "Cost Of Revenue": 17916000.0,
        "Total Revenue": 168325000.0,
        "Operating Revenue": 168325000.0
    },
    "2024-09-30": {
        "Tax Effect Of Unusual Items": 145288.0,
        "Tax Rate For Calcs": 0.143,
        "Normalized EBITDA": 64029000.0,
        "Total Unusual Items": 1016000.0,
        "Total Unusual Items Excluding Goodwill": 1016000.0,
        "Net Income From Continuing Operation Net Minority Interest": 38497000.0,
        "Reconciled Depreciation": 20102000.0,
        "Reconciled Cost Of Revenue": 16969000.0,
        "EBITDA": 65045000.0,
        "EBIT": 44943000.0,
        "Net Interest Income": 4098000.0,
        "Interest Expense": 0.0,
        "Interest Income": 4098000.0,
        "Normalized Income": 37626288.0,
        "Net Income From Continuing And Discontinued Operation": 38497000.0,
        "Total Expenses": 135860000.0,
        "Total Operating Income As Reported": 40845000.0,
        "Diluted Average Shares": 56016350.0,
        "Basic Average Shares": 55149760.0,
        "Diluted EPS": 0.69,
        "Basic EPS": 0.7,
        "Diluted NI Availto Com Stockholders": 38497000.0,
        "Average Dilution Earnings": NaN,
        "Net Income Common Stockholders": 38497000.0,
        "Net Income": 38497000.0,
        "Net Income Including Noncontrolling Interests": 38497000.0,
        "Net Income Continuous Operations": 38497000.0,
        "Tax Provision": 6446000.0,
        "Pretax Income": 44943000.0,
        "Other Income Expense": 1016000.0,
        "Special Income Charges": 1016000.0,
        "Restructuring And Mergern Acquisition": -1016000.0,
        "Net Non Operating Interest Income Expense": 4098000.0,
        "Interest Expense Non Operating": 0.0,
        "Interest Income Non Operating": 4098000.0,
        "Operating Income": 39829000.0,
        "Operating Expense": 118277000.0,
        "Depreciation Amortization Depletion Income Statement": 19488000.0,
        "Depreciation And Amortization In Income Statement": 19488000.0,
        "Amortization": 19488000.0,
        "Amortization Of Intangibles Income Statement": 19488000.0,
        "Research And Development": 29036000.0,
        "Selling General And Administration": 69753000.0,
        "Selling And Marketing Expense": 54329000.0,
        "General And Administrative Expense": 15424000.0,
        "Other Gand A": 15424000.0,
        "Gross Profit": 158106000.0,
        "Cost Of Revenue": 17583000.0,
        "Total Revenue": 175689000.0,
        "Operating Revenue": 175689000.0
    },
    "2024-12-31": {
        "Tax Effect Of Unusual Items": -74760.0,
        "Tax Rate For Calcs": 0.21,
        "Normalized EBITDA": 45583000.0,
        "Total Unusual Items": -356000.0,
        "Total Unusual Items Excluding Goodwill": -356000.0,
        "Net Income From Continuing Operation Net Minority Interest": 15328000.0,
        "Reconciled Depreciation": 18845000.0,
        "Reconciled Cost Of Revenue": 25497000.0,
        "EBITDA": 45227000.0,
        "EBIT": 26382000.0,
        "Net Interest Income": 4977000.0,
        "Interest Expense": 0.0,
        "Interest Income": 4977000.0,
        "Normalized Income": 15609240.0,
        "Net Income From Continuing And Discontinued Operation": 15328000.0,
        "Total Expenses": 152398000.0,
        "Total Operating Income As Reported": 21405000.0,
        "Diluted Average Shares": 56464768.0,
        "Basic Average Shares": 55465403.0,
        "Diluted EPS": 0.27,
        "Basic EPS": 0.28,
        "Diluted NI Availto Com Stockholders": 15328000.0,
        "Average Dilution Earnings": NaN,
        "Net Income Common Stockholders": 15328000.0,
        "Net Income": 15328000.0,
        "Net Income Including Noncontrolling Interests": 15328000.0,
        "Net Income Continuous Operations": 15328000.0,
        "Tax Provision": 11054000.0,
        "Pretax Income": 26382000.0,
        "Other Income Expense": -356000.0,
        "Special Income Charges": -356000.0,
        "Restructuring And Mergern Acquisition": 356000.0,
        "Net Non Operating Interest Income Expense": 4977000.0,
        "Interest Expense Non Operating": 0.0,
        "Interest Income Non Operating": 4977000.0,
        "Operating Income": 21761000.0,
        "Operating Expense": 126300000.0,
        "Depreciation Amortization Depletion Income Statement": 18244000.0,
        "Depreciation And Amortization In Income Statement": 18244000.0,
        "Amortization": 18244000.0,
        "Amortization Of Intangibles Income Statement": 18244000.0,
        "Research And Development": 28647000.0,
        "Selling General And Administration": 79409000.0,
        "Selling And Marketing Expense": 54593000.0,
        "General And Administrative Expense": 24816000.0,
        "Other Gand A": 24816000.0,
        "Gross Profit": 148061000.0,
        "Cost Of Revenue": 26098000.0,
        "Total Revenue": 174159000.0,
        "Operating Revenue": 174159000.0
    },
    "2025-03-31": {
        "Tax Effect Of Unusual Items": -3064000.0,
        "Tax Rate For Calcs": 0.4,
        "Normalized EBITDA": 25447000.0,
        "Total Unusual Items": -7660000.0,
        "Total Unusual Items Excluding Goodwill": -7660000.0,
        "Net Income From Continuing Operation Net Minority Interest": -11827000.0,
        "Reconciled Depreciation": 20383000.0,
        "Reconciled Cost Of Revenue": 15166000.0,
        "EBITDA": 17787000.0,
        "EBIT": -2596000.0,
        "Net Interest Income": 4425000.0,
        "Interest Expense": NaN,
        "Interest Income": 4425000.0,
        "Normalized Income": -7231000.0,
        "Net Income From Continuing And Discontinued Operation": -11827000.0,
        "Total Expenses": 152420000.0,
        "Total Operating Income As Reported": -10256000.0,
        "Diluted Average Shares": 55864692.0,
        "Basic Average Shares": 55864692.0,
        "Diluted EPS": -0.21,
        "Basic EPS": -0.21,
        "Diluted NI Availto Com Stockholders": -11827000.0,
        "Average Dilution Earnings": NaN,
        "Net Income Common Stockholders": -11827000.0,
        "Net Income": -11827000.0,
        "Net Income Including Noncontrolling Interests": -11827000.0,
        "Net Income Continuous Operations": -11827000.0,
        "Tax Provision": 5996000.0,
        "Pretax Income": -5831000.0,
        "Other Income Expense": -7660000.0,
        "Special Income Charges": -7660000.0,
        "Restructuring And Mergern Acquisition": 7660000.0,
        "Net Non Operating Interest Income Expense": 4425000.0,
        "Interest Expense Non Operating": NaN,
        "Interest Income Non Operating": 4425000.0,
        "Operating Income": -2596000.0,
        "Operating Expense": 136657000.0,
        "Depreciation Amortization Depletion Income Statement": 19786000.0,
        "Depreciation And Amortization In Income Statement": 19786000.0,
        "Amortization": 19786000.0,
        "Amortization Of Intangibles Income Statement": 19786000.0,
        "Research And Development": 26927000.0,
        "Selling General And Administration": 89944000.0,
        "Selling And Marketing Expense": 63278000.0,
        "General And Administrative Expense": 26666000.0,
        "Other Gand A": 26666000.0,
        "Gross Profit": 134061000.0,
        "Cost Of Revenue": 15763000.0,
        "Total Revenue": 149824000.0,
        "Operating Revenue": 149824000.0
    }
}