{
    "2023-03-31": {
        "Tax Effect Of Unusual Items": NaN,
        "Tax Rate For Calcs": NaN,
        "Total Unusual Items": NaN,
        "Total Unusual Items Excluding Goodwill": NaN,
        "Net Income From Continuing Operation Net Minority Interest": NaN,
        "Reconciled Depreciation": NaN,
        "Net Interest Income": NaN,
        "Interest Expense": NaN,
        "Interest Income": NaN,
        "Normalized Income": NaN,
        "Net Income From Continuing And Discontinued Operation": NaN,
        "Rent Expense Supplemental": NaN,
        "Diluted Average Shares": NaN,
        "Basic Average Shares": NaN,
        "Diluted EPS": NaN,
        "Basic EPS": NaN,
        "Diluted NI Availto Com Stockholders": NaN,
        "Average Dilution Earnings": NaN,
        "Net Income Common Stockholders": NaN,
        "Net Income": NaN,
        "Minority Interests": NaN,
        "Net Income Including Noncontrolling Interests": NaN,
        "Net Income From Tax Loss Carryforward": NaN,
        "Net Income Continuous Operations": NaN,
        "Tax Provision": NaN,
        "Pretax Income": NaN,
        "Other Non Operating Income Expenses": -5259723000.0,
        "Special Income Charges": NaN,
        "Other Special Charges": NaN,
        "Impairment Of Capital Assets": NaN,
        "Gain On Sale Of Security": NaN,
        "Depreciation Amortization Depletion Income Statement": NaN,
        "Depreciation And Amortization In Income Statement": NaN,
        "Amortization": NaN,
        "Amortization Of Intangibles Income Statement": NaN,
        "Depreciation Income Statement": NaN,
        "Selling General And Administration": NaN,
        "Selling And Marketing Expense": NaN,
        "General And Administrative Expense": NaN,
        "Other Gand A": NaN,
        "Insurance And Claims": NaN,
        "Rent And Landing Fees": NaN,
        "Salaries And Wages": NaN,
        "Total Revenue": NaN,
        "Operating Revenue": NaN,
        "Professional Expense And Contract Services Expense": NaN,
        "Other Non Interest Expense": NaN
    },
    "2022-12-31": {
        "Tax Effect Of Unusual Items": NaN,
        "Tax Rate For Calcs": NaN,
        "Total Unusual Items": NaN,
        "Total Unusual Items Excluding Goodwill": NaN,
        "Net Income From Continuing Operation Net Minority Interest": NaN,
        "Reconciled Depreciation": NaN,
        "Net Interest Income": NaN,
        "Interest Expense": NaN,
        "Interest Income": NaN,
        "Normalized Income": NaN,
        "Net Income From Continuing And Discontinued Operation": NaN,
        "Rent Expense Supplemental": NaN,
        "Diluted Average Shares": NaN,
        "Basic Average Shares": NaN,
        "Diluted EPS": NaN,
        "Basic EPS": NaN,
        "Diluted NI Availto Com Stockholders": NaN,
        "Average Dilution Earnings": NaN,
        "Net Income Common Stockholders": NaN,
        "Net Income": NaN,
        "Minority Interests": NaN,
        "Net Income Including Noncontrolling Interests": NaN,
        "Net Income From Tax Loss Carryforward": NaN,
        "Net Income Continuous Operations": NaN,
        "Tax Provision": NaN,
        "Pretax Income": NaN,
        "Other Non Operating Income Expenses": -5707661000.0,
        "Special Income Charges": NaN,
        "Other Special Charges": -7796000.0,
        "Impairment Of Capital Assets": NaN,
        "Gain On Sale Of Security": NaN,
        "Depreciation Amortization Depletion Income Statement": NaN,
        "Depreciation And Amortization In Income Statement": NaN,
        "Amortization": NaN,
        "Amortization Of Intangibles Income Statement": NaN,
        "Depreciation Income Statement": NaN,
        "Selling General And Administration": NaN,
        "Selling And Marketing Expense": NaN,
        "General And Administrative Expense": NaN,
        "Other Gand A": NaN,
        "Insurance And Claims": NaN,
        "Rent And Landing Fees": NaN,
        "Salaries And Wages": NaN,
        "Total Revenue": NaN,
        "Operating Revenue": NaN,
        "Professional Expense And Contract Services Expense": NaN,
        "Other Non Interest Expense": NaN
    },
    "2022-09-30": {
        "Tax Effect Of Unusual Items": NaN,
        "Tax Rate For Calcs": NaN,
        "Total Unusual Items": NaN,
        "Total Unusual Items Excluding Goodwill": NaN,
        "Net Income From Continuing Operation Net Minority Interest": NaN,
        "Reconciled Depreciation": NaN,
        "Net Interest Income": NaN,
        "Interest Expense": NaN,
        "Interest Income": NaN,
        "Normalized Income": NaN,
        "Net Income From Continuing And Discontinued Operation": NaN,
        "Rent Expense Supplemental": NaN,
        "Diluted Average Shares": 91113000.0,
        "Basic Average Shares": 91113000.0,
        "Diluted EPS": -14.65,
        "Basic EPS": -14.65,
        "Diluted NI Availto Com Stockholders": NaN,
        "Average Dilution Earnings": NaN,
        "Net Income Common Stockholders": NaN,
        "Net Income": NaN,
        "Minority Interests": NaN,
        "Net Income Including Noncontrolling Interests": NaN,
        "Net Income From Tax Loss Carryforward": NaN,
        "Net Income Continuous Operations": NaN,
        "Tax Provision": NaN,
        "Pretax Income": NaN,
        "Other Non Operating Income Expenses": -4282635000.0,
        "Special Income Charges": NaN,
        "Other Special Charges": 17461000.0,
        "Impairment Of Capital Assets": 0.0,
        "Gain On Sale Of Security": NaN,
        "Depreciation Amortization Depletion Income Statement": NaN,
        "Depreciation And Amortization In Income Statement": NaN,
        "Amortization": NaN,
        "Amortization Of Intangibles Income Statement": NaN,
        "Depreciation Income Statement": NaN,
        "Selling General And Administration": NaN,
        "Selling And Marketing Expense": NaN,
        "General And Administrative Expense": NaN,
        "Other Gand A": NaN,
        "Insurance And Claims": NaN,
        "Rent And Landing Fees": NaN,
        "Salaries And Wages": NaN,
        "Total Revenue": NaN,
        "Operating Revenue": NaN
    },
    "2022-06-30": {
        "Tax Effect Of Unusual Items": 3868240.3602,
        "Tax Rate For Calcs": 0.236127,
        "Total Unusual Items": 16382000.0,
        "Total Unusual Items Excluding Goodwill": 16382000.0,
        "Net Income From Continuing Operation Net Minority Interest": -1988565000.0,
        "Reconciled Depreciation": 1530810000.0,
        "Net Interest Income": 15216577000.0,
        "Interest Expense": 26138177000.0,
        "Interest Income": 41354754000.0,
        "Normalized Income": -2001078759.6398,
        "Net Income From Continuing And Discontinued Operation": -1988565000.0,
        "Rent Expense Supplemental": 18725000.0,
        "Diluted Average Shares": 91344464.0,
        "Basic Average Shares": 91344464.0,
        "Diluted EPS": -41.089518,
        "Basic EPS": -41.089518,
        "Diluted NI Availto Com Stockholders": -1988565000.0,
        "Average Dilution Earnings": NaN,
        "Net Income Common Stockholders": -1988565000.0,
        "Net Income": -1988565000.0,
        "Minority Interests": 2002000.0,
        "Net Income Including Noncontrolling Interests": -1990567000.0,
        "Net Income From Tax Loss Carryforward": NaN,
        "Net Income Continuous Operations": -1990567000.0,
        "Tax Provision": -615322000.0,
        "Pretax Income": -2605889000.0,
        "Other Non Operating Income Expenses": -3345390000.0,
        "Special Income Charges": 16382000.0,
        "Other Special Charges": -16382000.0,
        "Impairment Of Capital Assets": NaN,
        "Gain On Sale Of Security": 2864700000.0,
        "Depreciation Amortization Depletion Income Statement": 1415514000.0,
        "Depreciation And Amortization In Income Statement": 1415514000.0,
        "Amortization": 793374000.0,
        "Amortization Of Intangibles Income Statement": 793374000.0,
        "Depreciation Income Statement": 622140000.0,
        "Selling General And Administration": 12857949000.0,
        "Selling And Marketing Expense": 682799000.0,
        "General And Administrative Expense": 12175150000.0,
        "Other Gand A": 1858422000.0,
        "Insurance And Claims": 161591000.0,
        "Rent And Landing Fees": 18725000.0,
        "Salaries And Wages": 10136412000.0,
        "Total Revenue": 22324841000.0,
        "Operating Revenue": 22324841000.0
    },
    "2022-03-31": {
        "Diluted EPS": -0.04,
        "Total Revenue": 322,
        "Gross Profit": 150,
        "Operating Income": -4,
        "EBIT": NaN,
        "Net Income": -4
    },
    "2021-12-31": {
        "Diluted EPS": -0.18,
        "Total Revenue": 484,
        "Gross Profit": 252,
        "Operating Income": -16,
        "EBIT": NaN,
        "Net Income": -16
    },
    "2021-09-30": {
        "Diluted EPS": -0.01,
        "Total Revenue": 282,
        "Gross Profit": 132,
        "Operating Income": 3,
        "EBIT": NaN,
        "Net Income": -1
    },
    "2021-06-30": {
        "Diluted EPS": -0.04,
        "Total Revenue": 271,
        "Gross Profit": 135,
        "Operating Income": -4,
        "EBIT": NaN,
        "Net Income": -3
    },
    "2021-03-31": {
        "Diluted EPS": 0.02,
        "Total Revenue": 248,
        "Gross Profit": 131,
        "Operating Income": 2,
        "EBIT": NaN,
        "Net Income": 2
    },
    "2020-12-31": {
        "Diluted EPS": 0.17,
        "Total Revenue": 424,
        "Gross Profit": 275,
        "Operating Income": -80,
        "EBIT": NaN,
        "Net Income": 15
    },
    "2020-09-30": {
        "Diluted EPS": 0.13,
        "Total Revenue": 243,
        "Gross Profit": 154,
        "Operating Income": 12,
        "EBIT": NaN,
        "Net Income": 12
    },
    "2020-06-30": {
        "Diluted EPS": 0.17,
        "Total Revenue": 195,
        "Gross Profit": 126,
        "Operating Income": 18,
        "EBIT": NaN,
        "Net Income": 15
    },
    "2020-03-31": {
        "Diluted EPS": 0.08,
        "Total Revenue": 243,
        "Gross Profit": 145,
        "Operating Income": 13,
        "EBIT": NaN,
        "Net Income": 7
    },
    "2019-12-31": {
        "Diluted EPS": -1.19,
        "Total Revenue": 353,
        "Gross Profit": 124,
        "Operating Income": -94,
        "EBIT": NaN,
        "Net Income": -109
    },
    "2019-09-30": {
        "Diluted EPS": 0.07,
        "Total Revenue": 231,
        "Gross Profit": 75,
        "Operating Income": -2,
        "EBIT": NaN,
        "Net Income": 6
    },
    "2019-06-30": {
        "Diluted EPS": 0.47,
        "Total Revenue": 200,
        "Gross Profit": 36,
        "Operating Income": 36,
        "EBIT": NaN,
        "Net Income": 43
    },
    "2019-03-31": {
        "Diluted EPS": 0.17,
        "Total Revenue": 249,
        "Gross Profit": 77,
        "Operating Income": 19,
        "EBIT": NaN,
        "Net Income": 15
    },
    "2018-12-31": {
        "Diluted EPS": -2.01,
        "Total Revenue": 291,
        "Gross Profit": 12,
        "Operating Income": -293,
        "EBIT": NaN,
        "Net Income": -184
    },
    "2018-09-30": {
        "Diluted EPS": 0.3,
        "Total Revenue": 266,
        "Gross Profit": 135,
        "Operating Income": 33,
        "EBIT": NaN,
        "Net Income": 28
    },
    "2018-06-30": {
        "Diluted EPS": 0.13,
        "Total Revenue": 247,
        "Gross Profit": 132,
        "Operating Income": 20,
        "EBIT": NaN,
        "Net Income": 12
    },
    "2018-03-31": {
        "Diluted EPS": 0.4,
        "Total Revenue": 302,
        "Gross Profit": 210,
        "Operating Income": 52,
        "EBIT": NaN,
        "Net Income": 37
    },
    "2017-03-31": {
        "Diluted EPS": 0.34,
        "Total Revenue": 262,
        "Gross Profit": 179,
        "Operating Income": 36,
        "EBIT": NaN,
        "Net Income": 24
    },
    "2016-12-31": {
        "Diluted EPS": 0.47,
        "Total Revenue": 202,
        "Gross Profit": 202,
        "Operating Income": 202,
        "EBIT": NaN,
        "Net Income": 34
    },
    "2016-09-30": {
        "Diluted EPS": 0.4,
        "Total Revenue": 290,
        "Gross Profit": 290,
        "Operating Income": 290,
        "EBIT": NaN,
        "Net Income": 29
    },
    "2016-06-30": {
        "Diluted EPS": 0.2,
        "Total Revenue": 257,
        "Gross Profit": 257,
        "Operating Income": 257,
        "EBIT": NaN,
        "Net Income": 12
    },
    "2015-12-31": {
        "Diluted EPS": 1.47,
        "Total Revenue": 209,
        "Gross Profit": 209,
        "Operating Income": 209,
        "EBIT": NaN,
        "Net Income": 36
    },
    "2015-09-30": {
        "Diluted EPS": 0.84,
        "Total Revenue": 290,
        "Gross Profit": 290,
        "Operating Income": 290,
        "EBIT": NaN,
        "Net Income": 21
    },
    "2015-06-30": {
        "Diluted EPS": 0.16,
        "Total Revenue": 239,
        "Gross Profit": 239,
        "Operating Income": 239,
        "EBIT": NaN,
        "Net Income": 4
    },
    "2023-06-30": {
        "Tax Effect Of Unusual Items": NaN,
        "Tax Rate For Calcs": NaN,
        "Total Unusual Items": NaN,
        "Total Unusual Items Excluding Goodwill": NaN,
        "Net Income From Continuing Operation Net Minority Interest": NaN,
        "Reconciled Depreciation": NaN,
        "Net Interest Income": NaN,
        "Interest Expense": NaN,
        "Interest Income": NaN,
        "Normalized Income": NaN,
        "Net Income From Continuing And Discontinued Operation": NaN,
        "Rent Expense Supplemental": NaN,
        "Diluted Average Shares": 88534400.0,
        "Basic Average Shares": 88534400.0,
        "Diluted EPS": 262.6,
        "Basic EPS": 262.6,
        "Diluted NI Availto Com Stockholders": NaN,
        "Average Dilution Earnings": NaN,
        "Net Income Common Stockholders": NaN,
        "Net Income": NaN,
        "Minority Interests": NaN,
        "Net Income Including Noncontrolling Interests": NaN,
        "Net Income From Tax Loss Carryforward": -4700000.0,
        "Net Income Continuous Operations": NaN,
        "Tax Provision": NaN,
        "Pretax Income": NaN,
        "Other Non Operating Income Expenses": -7345216000.0,
        "Special Income Charges": NaN,
        "Other Special Charges": NaN,
        "Impairment Of Capital Assets": 2877000.0,
        "Gain On Sale Of Security": NaN,
        "Depreciation Amortization Depletion Income Statement": NaN,
        "Depreciation And Amortization In Income Statement": NaN,
        "Amortization": NaN,
        "Amortization Of Intangibles Income Statement": NaN,
        "Depreciation Income Statement": NaN,
        "Selling General And Administration": NaN,
        "Selling And Marketing Expense": NaN,
        "General And Administrative Expense": NaN,
        "Other Gand A": NaN,
        "Insurance And Claims": NaN,
        "Rent And Landing Fees": NaN,
        "Salaries And Wages": NaN,
        "Total Revenue": NaN,
        "Operating Revenue": NaN,
        "Professional Expense And Contract Services Expense": 1500800000.0,
        "Other Non Interest Expense": NaN
    },
    "2023-09-30": {
        "Tax Effect Of Unusual Items": NaN,
        "Tax Rate For Calcs": NaN,
        "Total Unusual Items": NaN,
        "Total Unusual Items Excluding Goodwill": NaN,
        "Net Income From Continuing Operation Net Minority Interest": NaN,
        "Reconciled Depreciation": NaN,
        "Net Interest Income": NaN,
        "Interest Expense": NaN,
        "Interest Income": NaN,
        "Normalized Income": NaN,
        "Net Income From Continuing And Discontinued Operation": NaN,
        "Rent Expense Supplemental": NaN,
        "Diluted Average Shares": 88534400.0,
        "Basic Average Shares": 88534400.0,
        "Diluted EPS": 331.0,
        "Basic EPS": 331.0,
        "Diluted NI Availto Com Stockholders": NaN,
        "Average Dilution Earnings": NaN,
        "Net Income Common Stockholders": NaN,
        "Net Income": NaN,
        "Minority Interests": NaN,
        "Net Income Including Noncontrolling Interests": NaN,
        "Net Income Continuous Operations": NaN,
        "Tax Provision": NaN,
        "Pretax Income": NaN,
        "Special Income Charges": NaN,
        "Other Special Charges": NaN,
        "Impairment Of Capital Assets": NaN,
        "Gain On Sale Of Security": NaN,
        "Depreciation Amortization Depletion Income Statement": NaN,
        "Depreciation And Amortization In Income Statement": NaN,
        "Amortization": NaN,
        "Amortization Of Intangibles Income Statement": NaN,
        "Depreciation Income Statement": NaN,
        "Selling General And Administration": NaN,
        "Selling And Marketing Expense": NaN,
        "General And Administrative Expense": NaN,
        "Other Gand A": NaN,
        "Insurance And Claims": NaN,
        "Rent And Landing Fees": NaN,
        "Salaries And Wages": NaN,
        "Total Revenue": NaN,
        "Operating Revenue": NaN,
        "Occupancy And Equipment": NaN,
        "Professional Expense And Contract Services Expense": NaN,
        "Other Non Interest Expense": NaN
    },
    "2023-12-31": {
        "Tax Effect Of Unusual Items": NaN,
        "Tax Rate For Calcs": NaN,
        "Total Unusual Items": NaN,
        "Total Unusual Items Excluding Goodwill": NaN,
        "Net Income From Continuing Operation Net Minority Interest": NaN,
        "Reconciled Depreciation": NaN,
        "Net Interest Income": NaN,
        "Interest Expense": NaN,
        "Interest Income": NaN,
        "Normalized Income": NaN,
        "Net Income From Continuing And Discontinued Operation": NaN,
        "Rent Expense Supplemental": NaN,
        "Diluted Average Shares": NaN,
        "Basic Average Shares": NaN,
        "Diluted EPS": NaN,
        "Basic EPS": NaN,
        "Diluted NI Availto Com Stockholders": NaN,
        "Average Dilution Earnings": NaN,
        "Net Income Common Stockholders": NaN,
        "Net Income": NaN,
        "Minority Interests": NaN,
        "Net Income Including Noncontrolling Interests": NaN,
        "Net Income Continuous Operations": NaN,
        "Tax Provision": NaN,
        "Pretax Income": NaN,
        "Other Non Operating Income Expenses": NaN,
        "Special Income Charges": NaN,
        "Other Special Charges": 7016158000.0,
        "Impairment Of Capital Assets": NaN,
        "Gain On Sale Of Security": NaN,
        "Depreciation Amortization Depletion Income Statement": NaN,
        "Depreciation And Amortization In Income Statement": NaN,
        "Amortization": NaN,
        "Amortization Of Intangibles Income Statement": NaN,
        "Depreciation Income Statement": NaN,
        "Selling General And Administration": NaN,
        "Selling And Marketing Expense": NaN,
        "General And Administrative Expense": NaN,
        "Other Gand A": NaN,
        "Insurance And Claims": NaN,
        "Rent And Landing Fees": NaN,
        "Salaries And Wages": NaN,
        "Total Revenue": NaN,
        "Operating Revenue": NaN,
        "Occupancy And Equipment": 10316530000.0,
        "Professional Expense And Contract Services Expense": NaN,
        "Other Non Interest Expense": NaN
    },
    "2024-03-31": {
        "Tax Effect Of Unusual Items": NaN,
        "Tax Rate For Calcs": NaN,
        "Total Unusual Items": NaN,
        "Total Unusual Items Excluding Goodwill": NaN,
        "Net Income From Continuing Operation Net Minority Interest": NaN,
        "Reconciled Depreciation": NaN,
        "Net Interest Income": NaN,
        "Interest Expense": NaN,
        "Interest Income": NaN,
        "Normalized Income": NaN,
        "Net Income From Continuing And Discontinued Operation": NaN,
        "Rent Expense Supplemental": NaN,
        "Diluted Average Shares": 88524400.0,
        "Basic Average Shares": 88524400.0,
        "Diluted EPS": 818.55,
        "Basic EPS": 818.55,
        "Diluted NI Availto Com Stockholders": NaN,
        "Average Dilution Earnings": 0.0,
        "Net Income Common Stockholders": NaN,
        "Net Income": NaN,
        "Minority Interests": NaN,
        "Net Income Including Noncontrolling Interests": NaN,
        "Net Income Continuous Operations": NaN,
        "Tax Provision": NaN,
        "Pretax Income": NaN,
        "Other Non Operating Income Expenses": NaN,
        "Special Income Charges": NaN,
        "Other Special Charges": -314661000.0,
        "Impairment Of Capital Assets": NaN,
        "Gain On Sale Of Security": NaN,
        "Depreciation Amortization Depletion Income Statement": NaN,
        "Depreciation And Amortization In Income Statement": NaN,
        "Amortization": NaN,
        "Amortization Of Intangibles Income Statement": NaN,
        "Depreciation Income Statement": NaN,
        "Selling General And Administration": NaN,
        "Selling And Marketing Expense": NaN,
        "General And Administrative Expense": NaN,
        "Other Gand A": NaN,
        "Insurance And Claims": 686954000.0,
        "Rent And Landing Fees": NaN,
        "Salaries And Wages": NaN,
        "Total Revenue": NaN,
        "Operating Revenue": NaN,
        "Occupancy And Equipment": 12325090000.0,
        "Professional Expense And Contract Services Expense": 12538086000.0,
        "Other Non Interest Expense": NaN
    },
    "2024-06-30": {
        "Tax Effect Of Unusual Items": 20438950.0,
        "Tax Rate For Calcs": 0.35,
        "Total Unusual Items": 58397000.0,
        "Total Unusual Items Excluding Goodwill": 58397000.0,
        "Net Income From Continuing Operation Net Minority Interest": 23804421000.0,
        "Reconciled Depreciation": 13821107000.0,
        "Net Interest Income": 233132414000.0,
        "Interest Expense": 215700991000.0,
        "Interest Income": 448833405000.0,
        "Normalized Income": 23766462950.0,
        "Net Income From Continuing And Discontinued Operation": 23804421000.0,
        "Rent Expense Supplemental": 36175000.0,
        "Diluted Average Shares": 88323200.0,
        "Basic Average Shares": 88323200.0,
        "Diluted EPS": 269.5,
        "Basic EPS": 269.5,
        "Diluted NI Availto Com Stockholders": 23804421000.0,
        "Average Dilution Earnings": 0.0,
        "Net Income Common Stockholders": 23804421000.0,
        "Net Income": 23804421000.0,
        "Minority Interests": -13096000.0,
        "Net Income Including Noncontrolling Interests": 23817517000.0,
        "Net Income Continuous Operations": 23817517000.0,
        "Tax Provision": 19247740000.0,
        "Pretax Income": 43065257000.0,
        "Other Non Operating Income Expenses": -82185852000.0,
        "Special Income Charges": 58397000.0,
        "Other Special Charges": -58397000.0,
        "Impairment Of Capital Assets": 0.0,
        "Gain On Sale Of Security": 47216557000.0,
        "Depreciation Amortization Depletion Income Statement": 14807154000.0,
        "Depreciation And Amortization In Income Statement": 14807154000.0,
        "Amortization": 7545466000.0,
        "Amortization Of Intangibles Income Statement": 7545466000.0,
        "Depreciation Income Statement": 7261688000.0,
        "Selling General And Administration": 110864025000.0,
        "Selling And Marketing Expense": 9513914000.0,
        "General And Administrative Expense": 101350111000.0,
        "Other Gand A": 17099428000.0,
        "Insurance And Claims": 1081914000.0,
        "Rent And Landing Fees": 36175000.0,
        "Salaries And Wages": 83132594000.0,
        "Total Revenue": 337641549000.0,
        "Operating Revenue": 337641549000.0,
        "Occupancy And Equipment": 9100783000.0,
        "Professional Expense And Contract Services Expense": 13702643000.0,
        "Other Non Interest Expense": 57625797000.0
    },
    "2024-09-30": {
        "Tax Effect Of Unusual Items": -473847138.633479,
        "Tax Rate For Calcs": 0.172859,
        "Total Unusual Items": -2741241000.0,
        "Total Unusual Items Excluding Goodwill": -2741241000.0,
        "Net Income From Continuing Operation Net Minority Interest": 8876840000.0,
        "Reconciled Depreciation": 9796013000.0,
        "Net Interest Income": 137632169000.0,
        "Interest Expense": 149892360000.0,
        "Interest Income": 287524529000.0,
        "Normalized Income": 11144233861.366522,
        "Net Income From Continuing And Discontinued Operation": 8876840000.0,
        "Rent Expense Supplemental": 34259000.0,
        "Diluted Average Shares": 87547200.0,
        "Basic Average Shares": 87547200.0,
        "Diluted EPS": 101.4,
        "Basic EPS": 101.4,
        "Diluted NI Availto Com Stockholders": 8876840000.0,
        "Average Dilution Earnings": 0.0,
        "Net Income Common Stockholders": 8876840000.0,
        "Net Income": 8876840000.0,
        "Minority Interests": 1680000.0,
        "Net Income Including Noncontrolling Interests": 8875160000.0,
        "Net Income Continuous Operations": 8875160000.0,
        "Tax Provision": 1854759000.0,
        "Pretax Income": 10729919000.0,
        "Other Non Operating Income Expenses": -45540232000.0,
        "Special Income Charges": -350846000.0,
        "Other Special Charges": 47015000.0,
        "Impairment Of Capital Assets": 303831000.0,
        "Gain On Sale Of Security": 21996083000.0,
        "Depreciation Amortization Depletion Income Statement": 11989811000.0,
        "Depreciation And Amortization In Income Statement": 11989811000.0,
        "Amortization": 6127150000.0,
        "Amortization Of Intangibles Income Statement": 6127150000.0,
        "Depreciation Income Statement": 5862661000.0,
        "Selling General And Administration": 95817310000.0,
        "Selling And Marketing Expense": 10256317000.0,
        "General And Administrative Expense": 85560993000.0,
        "Other Gand A": 15435467000.0,
        "Insurance And Claims": 1023192000.0,
        "Rent And Landing Fees": 34259000.0,
        "Salaries And Wages": 69068075000.0,
        "Total Revenue": 206852880000.0,
        "Operating Revenue": 206852880000.0,
        "Occupancy And Equipment": 11307572000.0,
        "Professional Expense And Contract Services Expense": NaN,
        "Other Non Interest Expense": 25130618000.0
    },
    "2024-12-31": {
        "Tax Effect Of Unusual Items": -31155641300.0,
        "Tax Rate For Calcs": 0.35,
        "Total Unusual Items": -89016118000.0,
        "Total Unusual Items Excluding Goodwill": -89016118000.0,
        "Net Income From Continuing Operation Net Minority Interest": 14687974000.0,
        "Reconciled Depreciation": 16457956000.0,
        "Net Interest Income": 164628137000.0,
        "Interest Expense": 204828806000.0,
        "Interest Income": 369456943000.0,
        "Normalized Income": 72548450700.0,
        "Net Income From Continuing And Discontinued Operation": 14687974000.0,
        "Rent Expense Supplemental": 31444000.0,
        "Diluted Average Shares": NaN,
        "Basic Average Shares": NaN,
        "Diluted EPS": NaN,
        "Basic EPS": NaN,
        "Diluted NI Availto Com Stockholders": 14687974000.0,
        "Average Dilution Earnings": 0.0,
        "Net Income Common Stockholders": 14687974000.0,
        "Net Income": 14687974000.0,
        "Minority Interests": -2007000.0,
        "Net Income Including Noncontrolling Interests": 14689981000.0,
        "Net Income Continuous Operations": 14689981000.0,
        "Tax Provision": -13447294000.0,
        "Pretax Income": 1242687000.0,
        "Other Non Operating Income Expenses": -53031274000.0,
        "Special Income Charges": -16428430000.0,
        "Other Special Charges": 309783000.0,
        "Impairment Of Capital Assets": 9885046000.0,
        "Gain On Sale Of Security": 67089035000.0,
        "Depreciation Amortization Depletion Income Statement": 10224355000.0,
        "Depreciation And Amortization In Income Statement": 10224355000.0,
        "Amortization": 8299449000.0,
        "Amortization Of Intangibles Income Statement": 8299449000.0,
        "Depreciation Income Statement": 1924906000.0,
        "Selling General And Administration": 118002463000.0,
        "Selling And Marketing Expense": 14339358000.0,
        "General And Administrative Expense": 103663105000.0,
        "Other Gand A": 19871410000.0,
        "Insurance And Claims": 1494867000.0,
        "Rent And Landing Fees": 31444000.0,
        "Salaries And Wages": 82265384000.0,
        "Total Revenue": 255529880000.0,
        "Operating Revenue": 255529880000.0,
        "Occupancy And Equipment": NaN,
        "Professional Expense And Contract Services Expense": NaN,
        "Other Non Interest Expense": 97049633000.0
    },
    "2025-03-31": {
        "Tax Effect Of Unusual Items": -45658.802289,
        "Tax Rate For Calcs": 0.160206,
        "Total Unusual Items": -285000.0,
        "Total Unusual Items Excluding Goodwill": -285000.0,
        "Net Income From Continuing Operation Net Minority Interest": 7937788000.0,
        "Reconciled Depreciation": 12660316000.0,
        "Net Interest Income": 148625361000.0,
        "Interest Expense": 152361438000.0,
        "Interest Income": 300986799000.0,
        "Normalized Income": 7938027341.197711,
        "Net Income From Continuing And Discontinued Operation": 7937788000.0,
        "Rent Expense Supplemental": 32687000.0,
        "Diluted Average Shares": 87546200.0,
        "Basic Average Shares": 87546200.0,
        "Diluted EPS": 90.65,
        "Basic EPS": 90.65,
        "Diluted NI Availto Com Stockholders": 7937788000.0,
        "Average Dilution Earnings": 0.0,
        "Net Income Common Stockholders": 7937788000.0,
        "Net Income": 7937788000.0,
        "Minority Interests": -615152000.0,
        "Net Income Including Noncontrolling Interests": 8552940000.0,
        "Net Income Continuous Operations": 8552940000.0,
        "Tax Provision": 1631633000.0,
        "Pretax Income": 10184573000.0,
        "Other Non Operating Income Expenses": -41871532000.0,
        "Special Income Charges": -285000.0,
        "Other Special Charges": NaN,
        "Impairment Of Capital Assets": 285000.0,
        "Gain On Sale Of Security": 27095825000.0,
        "Depreciation Amortization Depletion Income Statement": 14270050000.0,
        "Depreciation And Amortization In Income Statement": 14270050000.0,
        "Amortization": 7984242000.0,
        "Amortization Of Intangibles Income Statement": 7984242000.0,
        "Depreciation Income Statement": 6285808000.0,
        "Selling General And Administration": 92551892000.0,
        "Selling And Marketing Expense": 6663587000.0,
        "General And Administrative Expense": 85888305000.0,
        "Other Gand A": 16890200000.0,
        "Insurance And Claims": NaN,
        "Rent And Landing Fees": 32687000.0,
        "Salaries And Wages": 68965418000.0,
        "Total Revenue": 238657389000.0,
        "Operating Revenue": 238657389000.0,
        "Occupancy And Equipment": 11241184000.0,
        "Professional Expense And Contract Services Expense": 10819185000.0,
        "Other Non Interest Expense": 38727800000.0
    },
    "2025-06-30": {
        "Tax Effect Of Unusual Items": -6192900.0,
        "Tax Rate For Calcs": 0.35,
        "Total Unusual Items": -17694000.0,
        "Total Unusual Items Excluding Goodwill": -17694000.0,
        "Net Income From Continuing Operation Net Minority Interest": 13604020000.0,
        "Reconciled Depreciation": 14669730000.0,
        "Net Interest Income": 192262799000.0,
        "Interest Expense": 173294612000.0,
        "Interest Income": 365557411000.0,
        "Normalized Income": 13615521100.0,
        "Net Income From Continuing And Discontinued Operation": 13604020000.0,
        "Rent Expense Supplemental": 39554000.0,
        "Diluted Average Shares": 87546200.0,
        "Basic Average Shares": 87546200.0,
        "Diluted EPS": 155.4,
        "Basic EPS": 155.4,
        "Diluted NI Availto Com Stockholders": 13604020000.0,
        "Average Dilution Earnings": NaN,
        "Net Income Common Stockholders": 13604020000.0,
        "Net Income": 13604020000.0,
        "Minority Interests": -291711000.0,
        "Net Income Including Noncontrolling Interests": 13895731000.0,
        "Net Income Continuous Operations": 13895731000.0,
        "Tax Provision": -193718000.0,
        "Pretax Income": 13702013000.0,
        "Other Non Operating Income Expenses": -29426297000.0,
        "Special Income Charges": -17694000.0,
        "Other Special Charges": NaN,
        "Impairment Of Capital Assets": 17694000.0,
        "Gain On Sale Of Security": 22648217000.0,
        "Depreciation Amortization Depletion Income Statement": 15643484000.0,
        "Depreciation And Amortization In Income Statement": 15643484000.0,
        "Amortization": 8962994000.0,
        "Amortization Of Intangibles Income Statement": 8962994000.0,
        "Depreciation Income Statement": 6680490000.0,
        "Selling General And Administration": 106401733000.0,
        "Selling And Marketing Expense": 9486950000.0,
        "General And Administrative Expense": 96914783000.0,
        "Other Gand A": 18126326000.0,
        "Insurance And Claims": 1660767000.0,
        "Rent And Landing Fees": 39554000.0,
        "Salaries And Wages": 77088136000.0,
        "Total Revenue": 265922585000.0,
        "Operating Revenue": 265922585000.0,
        "Occupancy And Equipment": NaN,
        "Professional Expense And Contract Services Expense": 10527454000.0,
        "Other Non Interest Expense": 47457146000.0
    }
}