{
    "2023-03-31": {
        "Tax Effect Of Unusual Items": 0.0,
        "Tax Rate For Calcs": 0.0396,
        "Normalized EBITDA": 43081000.0,
        "Net Income From Continuing Operation Net Minority Interest": 39125000.0,
        "Reconciled Depreciation": 1708000.0,
        "Reconciled Cost Of Revenue": 21066000.0,
        "EBITDA": 43081000.0,
        "EBIT": 41373000.0,
        "Net Interest Income": 1104000.0,
        "Interest Expense": 636000.0,
        "Interest Income": 1740000.0,
        "Normalized Income": 39125000.0,
        "Net Income From Continuing And Discontinued Operation": 39125000.0,
        "Total Expenses": 121252000.0,
        "Total Operating Income As Reported": 39814000.0,
        "Diluted Average Shares": 37979448.0,
        "Basic Average Shares": 36427263.0,
        "Diluted EPS": 1.03,
        "Basic EPS": 1.07,
        "Diluted NI Availto Com Stockholders": 39125000.0,
        "Net Income Common Stockholders": 39125000.0,
        "Net Income": 39125000.0,
        "Net Income Including Noncontrolling Interests": 39125000.0,
        "Net Income Continuous Operations": 39125000.0,
        "Tax Provision": 1612000.0,
        "Pretax Income": 40737000.0,
        "Other Income Expense": -181000.0,
        "Other Non Operating Income Expenses": 642000.0,
        "Earnings From Equity Interest": -823000.0,
        "Net Non Operating Interest Income Expense": 1104000.0,
        "Interest Expense Non Operating": 636000.0,
        "Interest Income Non Operating": 1740000.0,
        "Operating Income": 39814000.0,
        "Operating Expense": 100186000.0,
        "Research And Development": 26971000.0,
        "Selling General And Administration": 73215000.0,
        "Selling And Marketing Expense": 54011000.0,
        "General And Administrative Expense": 19204000.0,
        "Other Gand A": 19204000.0,
        "Gross Profit": 140000000.0,
        "Cost Of Revenue": 21066000.0,
        "Total Revenue": 161066000.0,
        "Operating Revenue": 160005000.0
    },
    "2022-12-31": {
        "Tax Effect Of Unusual Items": 0.0,
        "Tax Rate For Calcs": 0.21,
        "Normalized EBITDA": 47161000.0,
        "Net Income From Continuing Operation Net Minority Interest": 140911000.0,
        "Reconciled Depreciation": 1538000.0,
        "Reconciled Cost Of Revenue": 17502000.0,
        "EBITDA": 47161000.0,
        "EBIT": 45623000.0,
        "Net Interest Income": -969000.0,
        "Interest Expense": 969000.0,
        "Normalized Income": 140911000.0,
        "Net Income From Continuing And Discontinued Operation": 140911000.0,
        "Total Expenses": 101603000.0,
        "Total Operating Income As Reported": 42423000.0,
        "Diluted Average Shares": 37994698.0,
        "Basic Average Shares": 36178112.0,
        "Diluted EPS": 3.71,
        "Basic EPS": 3.89,
        "Diluted NI Availto Com Stockholders": 140911000.0,
        "Net Income Common Stockholders": 140911000.0,
        "Net Income": 140911000.0,
        "Net Income Including Noncontrolling Interests": 140911000.0,
        "Net Income Continuous Operations": 140911000.0,
        "Tax Provision": -96257000.0,
        "Pretax Income": 44654000.0,
        "Other Income Expense": 3200000.0,
        "Other Non Operating Income Expenses": 4261000.0,
        "Earnings From Equity Interest": -1061000.0,
        "Net Non Operating Interest Income Expense": -969000.0,
        "Interest Expense Non Operating": 969000.0,
        "Operating Income": 42423000.0,
        "Operating Expense": 84101000.0,
        "Research And Development": 23723000.0,
        "Selling General And Administration": 60378000.0,
        "Selling And Marketing Expense": 43437000.0,
        "General And Administrative Expense": 16941000.0,
        "Other Gand A": 16941000.0,
        "Gross Profit": 126524000.0,
        "Cost Of Revenue": 17502000.0,
        "Total Revenue": 144026000.0,
        "Operating Revenue": 144026000.0
    },
    "2022-09-30": {
        "Tax Effect Of Unusual Items": 0.0,
        "Tax Rate For Calcs": 0.00336,
        "Normalized EBITDA": 35437000.0,
        "Net Income From Continuing Operation Net Minority Interest": 35003000.0,
        "Reconciled Depreciation": 1258000.0,
        "Reconciled Cost Of Revenue": 17874000.0,
        "EBITDA": 35437000.0,
        "EBIT": 35437000.0,
        "Net Interest Income": -316000.0,
        "Interest Expense": 316000.0,
        "Normalized Income": 35003000.0,
        "Net Income From Continuing And Discontinued Operation": 35003000.0,
        "Total Expenses": 94567000.0,
        "Total Operating Income As Reported": 36763000.0,
        "Diluted Average Shares": 37948049.0,
        "Basic Average Shares": 36003931.0,
        "Diluted EPS": 0.92,
        "Basic EPS": 0.97,
        "Diluted NI Availto Com Stockholders": 35003000.0,
        "Net Income Common Stockholders": 35003000.0,
        "Net Income": 35003000.0,
        "Net Income Including Noncontrolling Interests": 35003000.0,
        "Net Income Continuous Operations": 35003000.0,
        "Tax Provision": 118000.0,
        "Pretax Income": 35121000.0,
        "Other Income Expense": -1326000.0,
        "Other Non Operating Income Expenses": -1423000.0,
        "Earnings From Equity Interest": 97000.0,
        "Net Non Operating Interest Income Expense": -316000.0,
        "Interest Expense Non Operating": 316000.0,
        "Operating Income": 36763000.0,
        "Operating Expense": 76693000.0,
        "Research And Development": 20177000.0,
        "Selling General And Administration": 56516000.0,
        "Selling And Marketing Expense": 42082000.0,
        "General And Administrative Expense": 14434000.0,
        "Other Gand A": 14434000.0,
        "Gross Profit": 113456000.0,
        "Cost Of Revenue": 17874000.0,
        "Total Revenue": 131330000.0,
        "Operating Revenue": 131330000.0
    },
    "2022-06-30": {
        "Tax Effect Of Unusual Items": 0.0,
        "Tax Rate For Calcs": 0.029391,
        "Normalized EBITDA": 26979000.0,
        "Net Income From Continuing Operation Net Minority Interest": 25561000.0,
        "Reconciled Depreciation": 340000.0,
        "Reconciled Cost Of Revenue": 16730000.0,
        "EBITDA": 26979000.0,
        "EBIT": 26639000.0,
        "Net Interest Income": -304000.0,
        "Interest Expense": 304000.0,
        "Normalized Income": 25561000.0,
        "Net Income From Continuing And Discontinued Operation": 25561000.0,
        "Total Expenses": 91170000.0,
        "Total Operating Income As Reported": 29576000.0,
        "Diluted Average Shares": 37690094.0,
        "Basic Average Shares": 35825947.0,
        "Diluted EPS": 0.68,
        "Basic EPS": 0.71,
        "Diluted NI Availto Com Stockholders": 25561000.0,
        "Net Income Common Stockholders": 25561000.0,
        "Net Income": 25561000.0,
        "Net Income Including Noncontrolling Interests": 25561000.0,
        "Net Income Continuous Operations": 25561000.0,
        "Tax Provision": 774000.0,
        "Pretax Income": 26335000.0,
        "Other Income Expense": -2937000.0,
        "Other Non Operating Income Expenses": -1473000.0,
        "Earnings From Equity Interest": -1464000.0,
        "Net Non Operating Interest Income Expense": -304000.0,
        "Interest Expense Non Operating": 304000.0,
        "Operating Income": 29576000.0,
        "Operating Expense": 74440000.0,
        "Research And Development": 20760000.0,
        "Selling General And Administration": 53680000.0,
        "Selling And Marketing Expense": 40515000.0,
        "General And Administrative Expense": 13165000.0,
        "Other Gand A": 13165000.0,
        "Gross Profit": 104016000.0,
        "Cost Of Revenue": 16730000.0,
        "Total Revenue": 120746000.0,
        "Operating Revenue": 120746000.0
    },
    "2022-03-31": {
        "Diluted EPS": 0.39,
        "Total Revenue": 94,
        "Gross Profit": 81,
        "Operating Income": 15,
        "EBIT": 16,
        "Net Income": 15
    },
    "2021-12-31": {
        "Diluted EPS": 0.38,
        "Total Revenue": 84,
        "Gross Profit": 72,
        "Operating Income": 14,
        "EBIT": 15,
        "Net Income": 13
    },
    "2021-09-30": {
        "Diluted EPS": 0.05,
        "Total Revenue": 65,
        "Gross Profit": 54,
        "Operating Income": 3,
        "EBIT": 3,
        "Net Income": 2
    },
    "2021-06-30": {
        "Diluted EPS": -0.01,
        "Total Revenue": 56,
        "Gross Profit": 46,
        "Operating Income": 0,
        "EBIT": 1,
        "Net Income": 0
    },
    "2021-03-31": {
        "Diluted EPS": -0.68,
        "Total Revenue": 32,
        "Gross Profit": 24,
        "Operating Income": -17,
        "EBIT": -16,
        "Net Income": -24
    },
    "2020-12-31": {
        "Diluted EPS": -0.46,
        "Total Revenue": 23,
        "Gross Profit": 16,
        "Operating Income": -16,
        "EBIT": -16,
        "Net Income": -16
    },
    "2020-09-30": {
        "Diluted EPS": -0.38,
        "Total Revenue": 20,
        "Gross Profit": 14,
        "Operating Income": -13,
        "EBIT": -12,
        "Net Income": -13
    },
    "2020-06-30": {
        "Diluted EPS": -0.56,
        "Total Revenue": 10,
        "Gross Profit": 7,
        "Operating Income": -18,
        "EBIT": -17,
        "Net Income": -18
    },
    "2020-03-31": {
        "Diluted EPS": -0.59,
        "Total Revenue": 15,
        "Gross Profit": 10,
        "Operating Income": -19,
        "EBIT": -18,
        "Net Income": -19
    },
    "2019-12-31": {
        "Diluted EPS": 0.07,
        "Total Revenue": 14,
        "Gross Profit": 9,
        "Operating Income": -15,
        "EBIT": -15,
        "Net Income": -15
    },
    "2019-09-30": {
        "Diluted EPS": -0.46,
        "Total Revenue": 11,
        "Gross Profit": 7,
        "Operating Income": -13,
        "EBIT": -12,
        "Net Income": -13
    },
    "2019-06-30": {
        "Diluted EPS": -0.38,
        "Total Revenue": 10,
        "Gross Profit": 6,
        "Operating Income": -11,
        "EBIT": -11,
        "Net Income": -11
    },
    "2019-03-31": {
        "Diluted EPS": -1.37,
        "Total Revenue": 7,
        "Gross Profit": 4,
        "Operating Income": -12,
        "EBIT": -12,
        "Net Income": -13
    },
    "2018-12-31": {
        "Diluted EPS": -6.24,
        "Total Revenue": 5,
        "Gross Profit": 2,
        "Operating Income": -11,
        "EBIT": -11,
        "Net Income": -11
    },
    "2018-09-30": {
        "Diluted EPS": -5.73,
        "Total Revenue": 4,
        "Gross Profit": 2,
        "Operating Income": -10,
        "EBIT": -10,
        "Net Income": -10
    },
    "2018-06-30": {
        "Diluted EPS": -5.79,
        "Total Revenue": 2,
        "Gross Profit": 1,
        "Operating Income": -10,
        "EBIT": -10,
        "Net Income": -10
    },
    "2018-03-31": {
        "Diluted EPS": -5.63,
        "Total Revenue": 1,
        "Gross Profit": 1,
        "Operating Income": -10,
        "EBIT": -10,
        "Net Income": -10
    },
    "2017-12-31": {
        "Diluted EPS": 0.0,
        "Total Revenue": NaN,
        "Gross Profit": NaN,
        "Operating Income": NaN,
        "EBIT": NaN,
        "Net Income": NaN
    },
    "2023-06-30": {
        "Tax Effect Of Unusual Items": 0.0,
        "Tax Rate For Calcs": 0.1255,
        "Normalized EBITDA": 36380000.0,
        "Net Income From Continuing Operation Net Minority Interest": 28862000.0,
        "Reconciled Depreciation": 2566000.0,
        "Reconciled Cost Of Revenue": 24493000.0,
        "EBITDA": 36380000.0,
        "EBIT": 33814000.0,
        "Net Interest Income": -810000.0,
        "Interest Expense": 810000.0,
        "Interest Income": NaN,
        "Normalized Income": 28862000.0,
        "Net Income From Continuing And Discontinued Operation": 28862000.0,
        "Total Expenses": 147791000.0,
        "Total Operating Income As Reported": 32374000.0,
        "Diluted Average Shares": 38226153.0,
        "Basic Average Shares": 36663327.0,
        "Diluted EPS": 0.76,
        "Basic EPS": 0.79,
        "Diluted NI Availto Com Stockholders": 28862000.0,
        "Net Income Common Stockholders": 28862000.0,
        "Net Income": 28862000.0,
        "Net Income Including Noncontrolling Interests": 28862000.0,
        "Net Income Continuous Operations": 28862000.0,
        "Tax Provision": 4142000.0,
        "Pretax Income": 33004000.0,
        "Other Income Expense": 1440000.0,
        "Other Non Operating Income Expenses": 1586000.0,
        "Earnings From Equity Interest": -146000.0,
        "Net Non Operating Interest Income Expense": -810000.0,
        "Interest Expense Non Operating": 810000.0,
        "Interest Income Non Operating": NaN,
        "Operating Income": 32374000.0,
        "Operating Expense": 123298000.0,
        "Research And Development": 36829000.0,
        "Selling General And Administration": 86469000.0,
        "Selling And Marketing Expense": 56738000.0,
        "General And Administrative Expense": 29731000.0,
        "Other Gand A": 29731000.0,
        "Gross Profit": 155672000.0,
        "Cost Of Revenue": 24493000.0,
        "Total Revenue": 180165000.0,
        "Operating Revenue": 179270000.0
    },
    "2023-09-30": {
        "Tax Effect Of Unusual Items": 0.0,
        "Tax Rate For Calcs": 0.2215,
        "Normalized EBITDA": 50598000.0,
        "Net Income From Continuing Operation Net Minority Interest": 34986000.0,
        "Reconciled Depreciation": 3009000.0,
        "Reconciled Cost Of Revenue": 24513000.0,
        "EBITDA": 50598000.0,
        "EBIT": 47589000.0,
        "Net Interest Income": -2509000.0,
        "Interest Expense": 2509000.0,
        "Interest Income": NaN,
        "Normalized Income": 34986000.0,
        "Net Income From Continuing And Discontinued Operation": 34986000.0,
        "Total Expenses": 142397000.0,
        "Total Operating Income As Reported": 43623000.0,
        "Diluted Average Shares": 38196780.0,
        "Basic Average Shares": 36797072.0,
        "Diluted EPS": 0.92,
        "Basic EPS": 0.95,
        "Diluted NI Availto Com Stockholders": 34986000.0,
        "Net Income Common Stockholders": 34986000.0,
        "Net Income": 34986000.0,
        "Net Income Including Noncontrolling Interests": 34986000.0,
        "Net Income Continuous Operations": 34986000.0,
        "Tax Provision": 10094000.0,
        "Pretax Income": 45080000.0,
        "Other Income Expense": 3966000.0,
        "Other Non Operating Income Expenses": 4699000.0,
        "Earnings From Equity Interest": -733000.0,
        "Net Non Operating Interest Income Expense": -2509000.0,
        "Interest Expense Non Operating": 2509000.0,
        "Interest Income Non Operating": NaN,
        "Operating Income": 43623000.0,
        "Operating Expense": 117884000.0,
        "Research And Development": 39526000.0,
        "Selling General And Administration": 78358000.0,
        "Selling And Marketing Expense": 56907000.0,
        "General And Administrative Expense": 21451000.0,
        "Other Gand A": 21451000.0,
        "Gross Profit": 161507000.0,
        "Cost Of Revenue": 24513000.0,
        "Total Revenue": 186020000.0,
        "Operating Revenue": 185448000.0
    },
    "2023-12-31": {
        "Tax Effect Of Unusual Items": 0.0,
        "Tax Rate For Calcs": 0.201136,
        "Normalized EBITDA": 61485000.0,
        "Net Income From Continuing Operation Net Minority Interest": 44305000.0,
        "Reconciled Depreciation": 3075000.0,
        "Reconciled Cost Of Revenue": 25316000.0,
        "EBITDA": 61485000.0,
        "EBIT": 58410000.0,
        "Net Interest Income": -2950000.0,
        "Interest Expense": 2950000.0,
        "Interest Income": NaN,
        "Normalized Income": 44305000.0,
        "Net Income From Continuing And Discontinued Operation": 44305000.0,
        "Total Expenses": 159697000.0,
        "Total Operating Income As Reported": 43282000.0,
        "Diluted Average Shares": 38158637.0,
        "Basic Average Shares": 36930055.0,
        "Diluted EPS": 1.16,
        "Basic EPS": 1.2,
        "Diluted NI Availto Com Stockholders": 44305000.0,
        "Net Income Common Stockholders": 44305000.0,
        "Net Income": 44305000.0,
        "Net Income Including Noncontrolling Interests": 44305000.0,
        "Net Income Continuous Operations": 44305000.0,
        "Tax Provision": 11155000.0,
        "Pretax Income": 55460000.0,
        "Other Income Expense": 15128000.0,
        "Other Non Operating Income Expenses": 15295000.0,
        "Earnings From Equity Interest": -167000.0,
        "Net Non Operating Interest Income Expense": -2950000.0,
        "Interest Expense Non Operating": 2950000.0,
        "Interest Income Non Operating": NaN,
        "Operating Income": 43282000.0,
        "Operating Expense": 134381000.0,
        "Research And Development": 42321000.0,
        "Selling General And Administration": 92060000.0,
        "Selling And Marketing Expense": 67181000.0,
        "General And Administrative Expense": 24879000.0,
        "Other Gand A": 24879000.0,
        "Gross Profit": 177663000.0,
        "Cost Of Revenue": 25316000.0,
        "Total Revenue": 202979000.0,
        "Operating Revenue": 202836000.0
    },
    "2024-03-31": {
        "Tax Effect Of Unusual Items": 0.0,
        "Tax Rate For Calcs": 0.4,
        "Normalized EBITDA": 56051000.0,
        "Net Income From Continuing Operation Net Minority Interest": 55346000.0,
        "Reconciled Depreciation": 3109000.0,
        "Reconciled Cost Of Revenue": 28207000.0,
        "EBITDA": 56051000.0,
        "EBIT": 52942000.0,
        "Net Interest Income": 9375000.0,
        "Interest Expense": 2943000.0,
        "Interest Income": 12318000.0,
        "Normalized Income": 55346000.0,
        "Net Income From Continuing And Discontinued Operation": 55346000.0,
        "Total Expenses": 176398000.0,
        "Total Operating Income As Reported": 42407000.0,
        "Diluted Average Shares": 38472013.0,
        "Basic Average Shares": 37284946.0,
        "Diluted EPS": 1.44,
        "Basic EPS": 1.48,
        "Diluted NI Availto Com Stockholders": 55346000.0,
        "Net Income Common Stockholders": 55346000.0,
        "Net Income": 55346000.0,
        "Net Income Including Noncontrolling Interests": 55346000.0,
        "Net Income Continuous Operations": 55346000.0,
        "Tax Provision": -5347000.0,
        "Pretax Income": 49999000.0,
        "Other Income Expense": -1783000.0,
        "Other Non Operating Income Expenses": -2496000.0,
        "Earnings From Equity Interest": 713000.0,
        "Net Non Operating Interest Income Expense": 9375000.0,
        "Interest Expense Non Operating": 2943000.0,
        "Interest Income Non Operating": 12318000.0,
        "Operating Income": 42407000.0,
        "Operating Expense": 148191000.0,
        "Research And Development": 44466000.0,
        "Selling General And Administration": 103725000.0,
        "Selling And Marketing Expense": 74492000.0,
        "General And Administrative Expense": 29233000.0,
        "Other Gand A": 29233000.0,
        "Gross Profit": 190598000.0,
        "Cost Of Revenue": 28207000.0,
        "Total Revenue": 218805000.0,
        "Operating Revenue": 218206000.0
    }
}