{
    "2023-03-31": {
        "Tax Effect Of Unusual Items": NaN,
        "Tax Rate For Calcs": NaN,
        "Normalized EBITDA": NaN,
        "Total Unusual Items": NaN,
        "Total Unusual Items Excluding Goodwill": NaN,
        "Net Income From Continuing Operation Net Minority Interest": NaN,
        "Reconciled Depreciation": NaN,
        "Reconciled Cost Of Revenue": NaN,
        "EBITDA": NaN,
        "EBIT": NaN,
        "Net Interest Income": NaN,
        "Interest Expense": NaN,
        "Interest Income": 716000.0,
        "Normalized Income": NaN,
        "Net Income From Continuing And Discontinued Operation": NaN,
        "Total Expenses": NaN,
        "Total Operating Income As Reported": NaN,
        "Diluted Average Shares": NaN,
        "Basic Average Shares": NaN,
        "Diluted EPS": NaN,
        "Basic EPS": NaN,
        "Diluted NI Availto Com Stockholders": NaN,
        "Net Income Common Stockholders": NaN,
        "Otherunder Preferred Stock Dividend": NaN,
        "Net Income": NaN,
        "Net Income Including Noncontrolling Interests": NaN,
        "Net Income Continuous Operations": NaN,
        "Tax Provision": NaN,
        "Pretax Income": NaN,
        "Other Income Expense": NaN,
        "Other Non Operating Income Expenses": NaN,
        "Special Income Charges": NaN,
        "Impairment Of Capital Assets": NaN,
        "Net Non Operating Interest Income Expense": NaN,
        "Total Other Finance Cost": 28581000.0,
        "Interest Expense Non Operating": NaN,
        "Interest Income Non Operating": 716000.0,
        "Operating Income": NaN,
        "Operating Expense": NaN,
        "Depreciation Amortization Depletion Income Statement": NaN,
        "Depreciation And Amortization In Income Statement": NaN,
        "Amortization": NaN,
        "Amortization Of Intangibles Income Statement": NaN,
        "Research And Development": NaN,
        "Selling General And Administration": NaN,
        "Selling And Marketing Expense": NaN,
        "General And Administrative Expense": NaN,
        "Other Gand A": NaN,
        "Gross Profit": NaN,
        "Cost Of Revenue": NaN,
        "Total Revenue": NaN,
        "Operating Revenue": NaN
    },
    "2022-12-31": {
        "Tax Effect Of Unusual Items": NaN,
        "Tax Rate For Calcs": NaN,
        "Normalized EBITDA": NaN,
        "Total Unusual Items": 0.0,
        "Total Unusual Items Excluding Goodwill": 0.0,
        "Net Income From Continuing Operation Net Minority Interest": NaN,
        "Reconciled Depreciation": NaN,
        "Reconciled Cost Of Revenue": NaN,
        "EBITDA": NaN,
        "EBIT": NaN,
        "Net Interest Income": NaN,
        "Interest Expense": NaN,
        "Interest Income": NaN,
        "Normalized Income": NaN,
        "Net Income From Continuing And Discontinued Operation": NaN,
        "Total Expenses": NaN,
        "Total Operating Income As Reported": NaN,
        "Diluted Average Shares": NaN,
        "Basic Average Shares": NaN,
        "Diluted EPS": NaN,
        "Basic EPS": NaN,
        "Diluted NI Availto Com Stockholders": NaN,
        "Net Income Common Stockholders": NaN,
        "Otherunder Preferred Stock Dividend": NaN,
        "Net Income": NaN,
        "Net Income Including Noncontrolling Interests": NaN,
        "Net Income Discontinuous Operations": 0.0,
        "Net Income Continuous Operations": NaN,
        "Tax Provision": NaN,
        "Pretax Income": NaN,
        "Other Income Expense": NaN,
        "Other Non Operating Income Expenses": NaN,
        "Special Income Charges": 0.0,
        "Impairment Of Capital Assets": 0.0,
        "Net Non Operating Interest Income Expense": NaN,
        "Total Other Finance Cost": 25705000.0,
        "Interest Expense Non Operating": NaN,
        "Interest Income Non Operating": NaN,
        "Operating Income": NaN,
        "Operating Expense": NaN,
        "Depreciation Amortization Depletion Income Statement": NaN,
        "Depreciation And Amortization In Income Statement": NaN,
        "Amortization": NaN,
        "Amortization Of Intangibles Income Statement": NaN,
        "Research And Development": NaN,
        "Selling General And Administration": NaN,
        "Selling And Marketing Expense": NaN,
        "General And Administrative Expense": NaN,
        "Other Gand A": NaN,
        "Gross Profit": NaN,
        "Cost Of Revenue": NaN,
        "Total Revenue": NaN,
        "Operating Revenue": NaN
    },
    "2022-09-30": {
        "Tax Effect Of Unusual Items": NaN,
        "Tax Rate For Calcs": NaN,
        "Normalized EBITDA": NaN,
        "Total Unusual Items": -278706000.0,
        "Total Unusual Items Excluding Goodwill": -278706000.0,
        "Net Income From Continuing Operation Net Minority Interest": NaN,
        "Reconciled Depreciation": NaN,
        "Reconciled Cost Of Revenue": NaN,
        "EBITDA": NaN,
        "EBIT": NaN,
        "Net Interest Income": NaN,
        "Interest Expense": NaN,
        "Interest Income": NaN,
        "Normalized Income": NaN,
        "Net Income From Continuing And Discontinued Operation": NaN,
        "Total Expenses": NaN,
        "Total Operating Income As Reported": NaN,
        "Diluted Average Shares": NaN,
        "Basic Average Shares": NaN,
        "Diluted EPS": NaN,
        "Basic EPS": NaN,
        "Diluted NI Availto Com Stockholders": NaN,
        "Net Income Common Stockholders": NaN,
        "Otherunder Preferred Stock Dividend": NaN,
        "Net Income": NaN,
        "Net Income Including Noncontrolling Interests": NaN,
        "Net Income Discontinuous Operations": 0.0,
        "Net Income Continuous Operations": NaN,
        "Tax Provision": NaN,
        "Pretax Income": NaN,
        "Other Income Expense": NaN,
        "Other Non Operating Income Expenses": NaN,
        "Special Income Charges": -278706000.0,
        "Impairment Of Capital Assets": 278706000.0,
        "Net Non Operating Interest Income Expense": NaN,
        "Total Other Finance Cost": NaN,
        "Interest Expense Non Operating": NaN,
        "Interest Income Non Operating": NaN,
        "Operating Income": NaN,
        "Operating Expense": NaN,
        "Depreciation Amortization Depletion Income Statement": NaN,
        "Depreciation And Amortization In Income Statement": NaN,
        "Amortization": NaN,
        "Amortization Of Intangibles Income Statement": NaN,
        "Research And Development": NaN,
        "Selling General And Administration": NaN,
        "Selling And Marketing Expense": NaN,
        "General And Administrative Expense": NaN,
        "Other Gand A": NaN,
        "Gross Profit": NaN,
        "Cost Of Revenue": NaN,
        "Total Revenue": NaN,
        "Operating Revenue": NaN
    },
    "2022-06-30": {
        "Tax Effect Of Unusual Items": -244958000.0,
        "Tax Rate For Calcs": 0.4,
        "Normalized EBITDA": 29646000.0,
        "Total Unusual Items": -612395000.0,
        "Total Unusual Items Excluding Goodwill": -612395000.0,
        "Net Income From Continuing Operation Net Minority Interest": -622124000.0,
        "Reconciled Depreciation": 13103000.0,
        "Reconciled Cost Of Revenue": 19108000.0,
        "EBITDA": -582749000.0,
        "EBIT": -595852000.0,
        "Net Interest Income": -18401000.0,
        "Interest Expense": 18401000.0,
        "Normalized Income": -254687000.0,
        "Net Income From Continuing And Discontinued Operation": -622124000.0,
        "Total Expenses": 160217000.0,
        "Total Operating Income As Reported": -596578000.0,
        "Diluted Average Shares": 160663000.0,
        "Basic Average Shares": 160663000.0,
        "Diluted EPS": -3.87,
        "Basic EPS": -3.87,
        "Diluted NI Availto Com Stockholders": -622124000.0,
        "Net Income Common Stockholders": -622124000.0,
        "Otherunder Preferred Stock Dividend": NaN,
        "Net Income": -622124000.0,
        "Net Income Including Noncontrolling Interests": -622124000.0,
        "Net Income Discontinuous Operations": 0.0,
        "Net Income Continuous Operations": -622124000.0,
        "Tax Provision": 7871000.0,
        "Pretax Income": -614253000.0,
        "Other Income Expense": -611669000.0,
        "Other Non Operating Income Expenses": 726000.0,
        "Special Income Charges": -612395000.0,
        "Impairment Of Capital Assets": 612395000.0,
        "Net Non Operating Interest Income Expense": -18401000.0,
        "Interest Expense Non Operating": 18401000.0,
        "Operating Income": 15817000.0,
        "Operating Expense": 141109000.0,
        "Depreciation Amortization Depletion Income Statement": 13103000.0,
        "Depreciation And Amortization In Income Statement": 13103000.0,
        "Amortization": 13103000.0,
        "Amortization Of Intangibles Income Statement": 13103000.0,
        "Research And Development": 22108000.0,
        "Selling General And Administration": 105898000.0,
        "Selling And Marketing Expense": 64615000.0,
        "General And Administrative Expense": 41283000.0,
        "Other Gand A": 41283000.0,
        "Gross Profit": 156926000.0,
        "Cost Of Revenue": 19108000.0,
        "Total Revenue": 176034000.0,
        "Operating Revenue": 176034000.0
    },
    "2023-06-30": {
        "Tax Effect Of Unusual Items": NaN,
        "Tax Rate For Calcs": NaN,
        "Normalized EBITDA": NaN,
        "Total Unusual Items": 0.0,
        "Total Unusual Items Excluding Goodwill": 0.0,
        "Net Income From Continuing Operation Net Minority Interest": NaN,
        "Reconciled Depreciation": NaN,
        "Reconciled Cost Of Revenue": NaN,
        "EBITDA": NaN,
        "EBIT": NaN,
        "Net Interest Income": NaN,
        "Interest Expense": NaN,
        "Interest Income": 1283000.0,
        "Normalized Income": NaN,
        "Net Income From Continuing And Discontinued Operation": NaN,
        "Total Expenses": NaN,
        "Total Operating Income As Reported": NaN,
        "Diluted Average Shares": NaN,
        "Basic Average Shares": NaN,
        "Diluted EPS": NaN,
        "Basic EPS": NaN,
        "Diluted NI Availto Com Stockholders": NaN,
        "Net Income Common Stockholders": NaN,
        "Otherunder Preferred Stock Dividend": 0.0,
        "Net Income": NaN,
        "Net Income Including Noncontrolling Interests": NaN,
        "Net Income Continuous Operations": NaN,
        "Tax Provision": NaN,
        "Pretax Income": NaN,
        "Other Income Expense": NaN,
        "Other Non Operating Income Expenses": NaN,
        "Special Income Charges": 0.0,
        "Impairment Of Capital Assets": 0.0,
        "Net Non Operating Interest Income Expense": NaN,
        "Total Other Finance Cost": 29443000.0,
        "Interest Expense Non Operating": NaN,
        "Interest Income Non Operating": 1283000.0,
        "Operating Income": NaN,
        "Operating Expense": NaN,
        "Depreciation Amortization Depletion Income Statement": NaN,
        "Depreciation And Amortization In Income Statement": NaN,
        "Amortization": NaN,
        "Amortization Of Intangibles Income Statement": NaN,
        "Research And Development": NaN,
        "Selling General And Administration": NaN,
        "Selling And Marketing Expense": NaN,
        "General And Administrative Expense": NaN,
        "Other Gand A": NaN,
        "Gross Profit": NaN,
        "Cost Of Revenue": NaN,
        "Total Revenue": NaN,
        "Operating Revenue": NaN
    },
    "2022-03-31": {
        "Diluted EPS": -0.03,
        "Total Revenue": 177,
        "Gross Profit": 142,
        "Operating Income": 11,
        "EBIT": 48,
        "Net Income": -5
    },
    "2021-12-31": {
        "Diluted EPS": -0.15,
        "Total Revenue": 187,
        "Gross Profit": 129,
        "Operating Income": -10,
        "EBIT": 49,
        "Net Income": -23
    },
    "2021-09-30": {
        "Diluted EPS": -0.06,
        "Total Revenue": 181,
        "Gross Profit": 123,
        "Operating Income": -4,
        "EBIT": 56,
        "Net Income": -10
    },
    "2021-06-30": {
        "Diluted EPS": -0.07,
        "Total Revenue": 177,
        "Gross Profit": 121,
        "Operating Income": -8,
        "EBIT": 52,
        "Net Income": -12
    },
    "2021-03-31": {
        "Diluted EPS": -0.05,
        "Total Revenue": 174,
        "Gross Profit": 118,
        "Operating Income": -11,
        "EBIT": 49,
        "Net Income": -7
    },
    "2020-12-31": {
        "Diluted EPS": 0.84,
        "Total Revenue": 39,
        "Gross Profit": 14,
        "Operating Income": -32,
        "EBIT": 28,
        "Net Income": 135
    },
    "2020-09-30": {
        "Diluted EPS": 0.08,
        "Total Revenue": 185,
        "Gross Profit": 132,
        "Operating Income": 21,
        "EBIT": 51,
        "Net Income": 10
    },
    "2020-06-30": {
        "Diluted EPS": 0.08,
        "Total Revenue": 246,
        "Gross Profit": 179,
        "Operating Income": 35,
        "EBIT": 106,
        "Net Income": 13
    },
    "2020-03-31": {
        "Diluted EPS": 0.0,
        "Total Revenue": 247,
        "Gross Profit": 180,
        "Operating Income": 28,
        "EBIT": 98,
        "Net Income": 0
    },
    "2019-12-31": {
        "Diluted EPS": 0.1,
        "Total Revenue": -16,
        "Gross Profit": -24,
        "Operating Income": -15,
        "EBIT": 0,
        "Net Income": 13
    },
    "2019-09-30": {
        "Diluted EPS": 0.02,
        "Total Revenue": 240,
        "Gross Profit": 176,
        "Operating Income": 34,
        "EBIT": 103,
        "Net Income": 4
    },
    "2019-06-30": {
        "Diluted EPS": -0.02,
        "Total Revenue": 229,
        "Gross Profit": 165,
        "Operating Income": 30,
        "EBIT": 98,
        "Net Income": -2
    },
    "2019-03-31": {
        "Diluted EPS": 0.02,
        "Total Revenue": 216,
        "Gross Profit": 154,
        "Operating Income": 30,
        "EBIT": 97,
        "Net Income": 3
    },
    "2018-12-31": {
        "Diluted EPS": 11.08,
        "Total Revenue": 221,
        "Gross Profit": 159,
        "Operating Income": 36,
        "EBIT": 103,
        "Net Income": 669
    },
    "2018-09-30": {
        "Diluted EPS": -1.46,
        "Total Revenue": 213,
        "Gross Profit": 151,
        "Operating Income": 35,
        "EBIT": 102,
        "Net Income": -75
    },
    "2018-06-30": {
        "Diluted EPS": -1.94,
        "Total Revenue": 202,
        "Gross Profit": 140,
        "Operating Income": 22,
        "EBIT": 89,
        "Net Income": -99
    },
    "2018-03-31": {
        "Diluted EPS": -2.56,
        "Total Revenue": 197,
        "Gross Profit": 136,
        "Operating Income": 22,
        "EBIT": 91,
        "Net Income": -130
    },
    "2017-12-31": {
        "Diluted EPS": 0.0,
        "Total Revenue": NaN,
        "Gross Profit": NaN,
        "Operating Income": NaN,
        "EBIT": NaN,
        "Net Income": NaN
    },
    "2017-09-30": {
        "Diluted EPS": -1.32,
        "Total Revenue": 189,
        "Gross Profit": 130,
        "Operating Income": 27,
        "EBIT": 27,
        "Net Income": -67
    },
    "2016-12-31": {
        "Diluted EPS": 0.0,
        "Total Revenue": NaN,
        "Gross Profit": NaN,
        "Operating Income": NaN,
        "EBIT": NaN,
        "Net Income": NaN
    },
    "2023-09-30": {
        "Tax Effect Of Unusual Items": NaN,
        "Tax Rate For Calcs": NaN,
        "Normalized EBITDA": NaN,
        "Total Unusual Items": 0.0,
        "Total Unusual Items Excluding Goodwill": 0.0,
        "Net Income From Continuing Operation Net Minority Interest": NaN,
        "Reconciled Depreciation": NaN,
        "Reconciled Cost Of Revenue": NaN,
        "EBITDA": NaN,
        "EBIT": NaN,
        "Net Interest Income": NaN,
        "Interest Expense": NaN,
        "Interest Income": 2068000.0,
        "Normalized Income": NaN,
        "Net Income From Continuing And Discontinued Operation": NaN,
        "Total Expenses": NaN,
        "Total Operating Income As Reported": NaN,
        "Diluted Average Shares": 165275000.0,
        "Basic Average Shares": 165275000.0,
        "Diluted EPS": -0.02,
        "Basic EPS": -0.02,
        "Diluted NI Availto Com Stockholders": NaN,
        "Net Income Common Stockholders": NaN,
        "Otherunder Preferred Stock Dividend": NaN,
        "Net Income": NaN,
        "Net Income Including Noncontrolling Interests": NaN,
        "Net Income Continuous Operations": NaN,
        "Tax Provision": NaN,
        "Pretax Income": NaN,
        "Other Income Expense": NaN,
        "Other Non Operating Income Expenses": NaN,
        "Special Income Charges": 0.0,
        "Impairment Of Capital Assets": 0.0,
        "Net Non Operating Interest Income Expense": NaN,
        "Total Other Finance Cost": 29314000.0,
        "Interest Expense Non Operating": NaN,
        "Interest Income Non Operating": 2068000.0,
        "Operating Income": NaN,
        "Operating Expense": NaN,
        "Depreciation Amortization Depletion Income Statement": NaN,
        "Depreciation And Amortization In Income Statement": NaN,
        "Amortization": NaN,
        "Amortization Of Intangibles Income Statement": NaN,
        "Research And Development": NaN,
        "Selling General And Administration": NaN,
        "Selling And Marketing Expense": NaN,
        "General And Administrative Expense": NaN,
        "Other Gand A": NaN,
        "Gross Profit": NaN,
        "Cost Of Revenue": NaN,
        "Total Revenue": NaN,
        "Operating Revenue": NaN
    },
    "2023-12-31": {
        "Tax Effect Of Unusual Items": 0.0,
        "Tax Rate For Calcs": 0.21,
        "Normalized EBITDA": 62569000.0,
        "Total Unusual Items": 0.0,
        "Total Unusual Items Excluding Goodwill": 0.0,
        "Net Income From Continuing Operation Net Minority Interest": -576000.0,
        "Reconciled Depreciation": 19388000.0,
        "Reconciled Cost Of Revenue": 13956000.0,
        "EBITDA": 62569000.0,
        "EBIT": 43181000.0,
        "Net Interest Income": -28510000.0,
        "Interest Expense": 28510000.0,
        "Interest Income": NaN,
        "Normalized Income": -576000.0,
        "Net Income From Continuing And Discontinued Operation": -576000.0,
        "Total Expenses": 154769000.0,
        "Total Operating Income As Reported": 43370000.0,
        "Diluted Average Shares": 166239000.0,
        "Basic Average Shares": 166239000.0,
        "Diluted EPS": -0.003465,
        "Basic EPS": -0.003465,
        "Diluted NI Availto Com Stockholders": -576000.0,
        "Net Income Common Stockholders": -576000.0,
        "Otherunder Preferred Stock Dividend": NaN,
        "Net Income": -576000.0,
        "Net Income Including Noncontrolling Interests": -576000.0,
        "Net Income Continuous Operations": -576000.0,
        "Tax Provision": 15247000.0,
        "Pretax Income": 14671000.0,
        "Other Income Expense": -189000.0,
        "Other Non Operating Income Expenses": -189000.0,
        "Special Income Charges": 0.0,
        "Impairment Of Capital Assets": 0.0,
        "Net Non Operating Interest Income Expense": -28510000.0,
        "Total Other Finance Cost": 28510000.0,
        "Interest Expense Non Operating": 28510000.0,
        "Interest Income Non Operating": NaN,
        "Operating Income": 43370000.0,
        "Operating Expense": 132921000.0,
        "Depreciation Amortization Depletion Income Statement": 11496000.0,
        "Depreciation And Amortization In Income Statement": 11496000.0,
        "Amortization": 11496000.0,
        "Amortization Of Intangibles Income Statement": 11496000.0,
        "Research And Development": 24993000.0,
        "Selling General And Administration": 96432000.0,
        "Selling And Marketing Expense": 63836000.0,
        "General And Administrative Expense": 32596000.0,
        "Other Gand A": 32596000.0,
        "Gross Profit": 176291000.0,
        "Cost Of Revenue": 21848000.0,
        "Total Revenue": 198139000.0,
        "Operating Revenue": 198139000.0
    },
    "2024-03-31": {
        "Tax Effect Of Unusual Items": 0.0,
        "Tax Rate For Calcs": 0.227,
        "Normalized EBITDA": 69378000.0,
        "Total Unusual Items": NaN,
        "Total Unusual Items Excluding Goodwill": NaN,
        "Net Income From Continuing Operation Net Minority Interest": 15559000.0,
        "Reconciled Depreciation": 19277000.0,
        "Reconciled Cost Of Revenue": 13078000.0,
        "EBITDA": 69378000.0,
        "EBIT": 50101000.0,
        "Net Interest Income": -26830000.0,
        "Interest Expense": 29981000.0,
        "Interest Income": 3151000.0,
        "Normalized Income": 15559000.0,
        "Net Income From Continuing And Discontinued Operation": 15559000.0,
        "Total Expenses": 146412000.0,
        "Total Operating Income As Reported": 46899000.0,
        "Diluted Average Shares": 171169000.0,
        "Basic Average Shares": 167419000.0,
        "Diluted EPS": 0.09,
        "Basic EPS": 0.09,
        "Diluted NI Availto Com Stockholders": 15559000.0,
        "Net Income Common Stockholders": 15559000.0,
        "Otherunder Preferred Stock Dividend": NaN,
        "Net Income": 15559000.0,
        "Net Income Including Noncontrolling Interests": 15559000.0,
        "Net Income Continuous Operations": 15559000.0,
        "Tax Provision": 4561000.0,
        "Pretax Income": 20120000.0,
        "Other Income Expense": 51000.0,
        "Other Non Operating Income Expenses": 51000.0,
        "Special Income Charges": NaN,
        "Impairment Of Capital Assets": NaN,
        "Net Non Operating Interest Income Expense": -26830000.0,
        "Total Other Finance Cost": NaN,
        "Interest Expense Non Operating": 29981000.0,
        "Interest Income Non Operating": 3151000.0,
        "Operating Income": 46899000.0,
        "Operating Expense": 125576000.0,
        "Depreciation Amortization Depletion Income Statement": 11519000.0,
        "Depreciation And Amortization In Income Statement": 11519000.0,
        "Amortization": 11519000.0,
        "Amortization Of Intangibles Income Statement": 11519000.0,
        "Research And Development": 27828000.0,
        "Selling General And Administration": 86229000.0,
        "Selling And Marketing Expense": 54921000.0,
        "General And Administrative Expense": 31308000.0,
        "Other Gand A": 31308000.0,
        "Gross Profit": 172475000.0,
        "Cost Of Revenue": 20836000.0,
        "Total Revenue": 193311000.0,
        "Operating Revenue": 193311000.0
    },
    "2024-06-30": {
        "Tax Effect Of Unusual Items": 0.0,
        "Tax Rate For Calcs": 0.21,
        "Normalized EBITDA": 69506000.0,
        "Total Unusual Items": NaN,
        "Total Unusual Items Excluding Goodwill": NaN,
        "Net Income From Continuing Operation Net Minority Interest": 11104000.0,
        "Reconciled Depreciation": 18517000.0,
        "Reconciled Cost Of Revenue": 13223000.0,
        "EBITDA": 69506000.0,
        "EBIT": 50989000.0,
        "Net Interest Income": -28047000.0,
        "Interest Expense": 29611000.0,
        "Interest Income": 1564000.0,
        "Normalized Income": 11104000.0,
        "Net Income From Continuing And Discontinued Operation": 11104000.0,
        "Total Expenses": 143764000.0,
        "Total Operating Income As Reported": 49486000.0,
        "Diluted Average Shares": 172562000.0,
        "Basic Average Shares": 168768000.0,
        "Diluted EPS": 0.06,
        "Basic EPS": 0.07,
        "Diluted NI Availto Com Stockholders": 11104000.0,
        "Net Income Common Stockholders": 11104000.0,
        "Otherunder Preferred Stock Dividend": 0.0,
        "Net Income": 11104000.0,
        "Net Income Including Noncontrolling Interests": 11104000.0,
        "Net Income Continuous Operations": 11104000.0,
        "Tax Provision": 10274000.0,
        "Pretax Income": 21378000.0,
        "Other Income Expense": -61000.0,
        "Other Non Operating Income Expenses": -61000.0,
        "Special Income Charges": NaN,
        "Impairment Of Capital Assets": NaN,
        "Net Non Operating Interest Income Expense": -28047000.0,
        "Total Other Finance Cost": NaN,
        "Interest Expense Non Operating": 29611000.0,
        "Interest Income Non Operating": 1564000.0,
        "Operating Income": 49486000.0,
        "Operating Expense": 123516000.0,
        "Depreciation Amortization Depletion Income Statement": 11492000.0,
        "Depreciation And Amortization In Income Statement": 11492000.0,
        "Amortization": 11492000.0,
        "Amortization Of Intangibles Income Statement": 11492000.0,
        "Research And Development": 26399000.0,
        "Selling General And Administration": 85625000.0,
        "Selling And Marketing Expense": 55304000.0,
        "General And Administrative Expense": 30321000.0,
        "Other Gand A": 30321000.0,
        "Gross Profit": 173002000.0,
        "Cost Of Revenue": 20248000.0,
        "Total Revenue": 193250000.0,
        "Operating Revenue": 193250000.0
    },
    "2024-09-30": {
        "Tax Effect Of Unusual Items": 0.0,
        "Tax Rate For Calcs": 0.21,
        "Normalized EBITDA": 71013000.0,
        "Total Unusual Items": NaN,
        "Total Unusual Items Excluding Goodwill": NaN,
        "Net Income From Continuing Operation Net Minority Interest": 12570000.0,
        "Reconciled Depreciation": 18235000.0,
        "Reconciled Cost Of Revenue": 14235000.0,
        "EBITDA": 71013000.0,
        "EBIT": 52778000.0,
        "Net Interest Income": -25970000.0,
        "Interest Expense": 27768000.0,
        "Interest Income": 1798000.0,
        "Normalized Income": 12570000.0,
        "Net Income From Continuing And Discontinued Operation": 12570000.0,
        "Total Expenses": 148341000.0,
        "Total Operating Income As Reported": 51684000.0,
        "Diluted Average Shares": 173900000.0,
        "Basic Average Shares": 169971000.0,
        "Diluted EPS": 0.07,
        "Basic EPS": 0.07,
        "Diluted NI Availto Com Stockholders": 12570000.0,
        "Net Income Common Stockholders": 12570000.0,
        "Otherunder Preferred Stock Dividend": NaN,
        "Net Income": 12570000.0,
        "Net Income Including Noncontrolling Interests": 12570000.0,
        "Net Income Continuous Operations": 12570000.0,
        "Tax Provision": 12440000.0,
        "Pretax Income": 25010000.0,
        "Other Income Expense": -704000.0,
        "Other Non Operating Income Expenses": -704000.0,
        "Special Income Charges": NaN,
        "Impairment Of Capital Assets": NaN,
        "Net Non Operating Interest Income Expense": -25970000.0,
        "Total Other Finance Cost": NaN,
        "Interest Expense Non Operating": 27768000.0,
        "Interest Income Non Operating": 1798000.0,
        "Operating Income": 51684000.0,
        "Operating Expense": 127328000.0,
        "Depreciation Amortization Depletion Income Statement": 11457000.0,
        "Depreciation And Amortization In Income Statement": 11457000.0,
        "Amortization": 11457000.0,
        "Amortization Of Intangibles Income Statement": 11457000.0,
        "Research And Development": 26354000.0,
        "Selling General And Administration": 89517000.0,
        "Selling And Marketing Expense": 56954000.0,
        "General And Administrative Expense": 32563000.0,
        "Other Gand A": 32563000.0,
        "Gross Profit": 179012000.0,
        "Cost Of Revenue": 21013000.0,
        "Total Revenue": 200025000.0,
        "Operating Revenue": 200025000.0
    },
    "2024-12-31": {
        "Tax Effect Of Unusual Items": 0.0,
        "Tax Rate For Calcs": 0.21,
        "Normalized EBITDA": 72057000.0,
        "Total Unusual Items": NaN,
        "Total Unusual Items Excluding Goodwill": NaN,
        "Net Income From Continuing Operation Net Minority Interest": 72670000.0,
        "Reconciled Depreciation": 18323000.0,
        "Reconciled Cost Of Revenue": 14265000.0,
        "EBITDA": 72057000.0,
        "EBIT": 53734000.0,
        "Net Interest Income": -22954000.0,
        "Interest Expense": 16441000.0,
        "Interest Income": NaN,
        "Normalized Income": 72670000.0,
        "Net Income From Continuing And Discontinued Operation": 72670000.0,
        "Total Expenses": 149959000.0,
        "Total Operating Income As Reported": 60350000.0,
        "Diluted Average Shares": NaN,
        "Basic Average Shares": NaN,
        "Diluted EPS": NaN,
        "Basic EPS": NaN,
        "Diluted NI Availto Com Stockholders": 72670000.0,
        "Net Income Common Stockholders": 72670000.0,
        "Otherunder Preferred Stock Dividend": NaN,
        "Net Income": 72670000.0,
        "Net Income Including Noncontrolling Interests": 72670000.0,
        "Net Income Continuous Operations": 72670000.0,
        "Tax Provision": -35377000.0,
        "Pretax Income": 37293000.0,
        "Other Income Expense": -103000.0,
        "Other Non Operating Income Expenses": -103000.0,
        "Special Income Charges": NaN,
        "Impairment Of Capital Assets": NaN,
        "Net Non Operating Interest Income Expense": -22954000.0,
        "Total Other Finance Cost": NaN,
        "Interest Expense Non Operating": 16441000.0,
        "Interest Income Non Operating": NaN,
        "Operating Income": 60350000.0,
        "Operating Expense": 128749000.0,
        "Depreciation Amortization Depletion Income Statement": 11378000.0,
        "Depreciation And Amortization In Income Statement": 11378000.0,
        "Amortization": 11378000.0,
        "Amortization Of Intangibles Income Statement": 11378000.0,
        "Research And Development": 28018000.0,
        "Selling General And Administration": 89353000.0,
        "Selling And Marketing Expense": 57697000.0,
        "General And Administrative Expense": 31656000.0,
        "Other Gand A": 31656000.0,
        "Gross Profit": 189099000.0,
        "Cost Of Revenue": 21210000.0,
        "Total Revenue": 210309000.0,
        "Operating Revenue": 210309000.0
    }
}