{
    "2023-03-31": {
        "Tax Effect Of Unusual Items": NaN,
        "Tax Rate For Calcs": NaN,
        "Normalized EBITDA": NaN,
        "Total Unusual Items": NaN,
        "Total Unusual Items Excluding Goodwill": NaN,
        "Net Income From Continuing Operation Net Minority Interest": NaN,
        "Reconciled Depreciation": NaN,
        "Reconciled Cost Of Revenue": NaN,
        "EBITDA": NaN,
        "EBIT": NaN,
        "Net Interest Income": NaN,
        "Interest Expense": NaN,
        "Normalized Income": NaN,
        "Net Income From Continuing And Discontinued Operation": NaN,
        "Total Expenses": NaN,
        "Total Operating Income As Reported": NaN,
        "Diluted Average Shares": NaN,
        "Basic Average Shares": NaN,
        "Diluted EPS": NaN,
        "Basic EPS": NaN,
        "Diluted NI Availto Com Stockholders": NaN,
        "Net Income Common Stockholders": NaN,
        "Net Income": NaN,
        "Net Income Including Noncontrolling Interests": NaN,
        "Net Income Continuous Operations": NaN,
        "Tax Provision": NaN,
        "Pretax Income": NaN,
        "Other Income Expense": NaN,
        "Other Non Operating Income Expenses": NaN,
        "Special Income Charges": NaN,
        "Restructuring And Mergern Acquisition": 23100000.0,
        "Net Non Operating Interest Income Expense": NaN,
        "Interest Expense Non Operating": NaN,
        "Operating Income": NaN,
        "Operating Expense": NaN,
        "Depreciation Amortization Depletion Income Statement": NaN,
        "Depreciation And Amortization In Income Statement": NaN,
        "Amortization": NaN,
        "Amortization Of Intangibles Income Statement": NaN,
        "Research And Development": NaN,
        "Selling General And Administration": NaN,
        "Gross Profit": NaN,
        "Cost Of Revenue": NaN,
        "Total Revenue": NaN,
        "Operating Revenue": NaN
    },
    "2022-12-31": {
        "Tax Effect Of Unusual Items": NaN,
        "Tax Rate For Calcs": NaN,
        "Normalized EBITDA": NaN,
        "Total Unusual Items": NaN,
        "Total Unusual Items Excluding Goodwill": NaN,
        "Net Income From Continuing Operation Net Minority Interest": NaN,
        "Reconciled Depreciation": NaN,
        "Reconciled Cost Of Revenue": NaN,
        "EBITDA": NaN,
        "EBIT": NaN,
        "Net Interest Income": NaN,
        "Interest Expense": NaN,
        "Normalized Income": NaN,
        "Net Income From Continuing And Discontinued Operation": NaN,
        "Total Expenses": NaN,
        "Total Operating Income As Reported": NaN,
        "Diluted Average Shares": NaN,
        "Basic Average Shares": NaN,
        "Diluted EPS": NaN,
        "Basic EPS": NaN,
        "Diluted NI Availto Com Stockholders": NaN,
        "Net Income Common Stockholders": NaN,
        "Net Income": NaN,
        "Net Income Including Noncontrolling Interests": NaN,
        "Net Income Continuous Operations": NaN,
        "Tax Provision": NaN,
        "Pretax Income": NaN,
        "Other Income Expense": NaN,
        "Other Non Operating Income Expenses": NaN,
        "Special Income Charges": NaN,
        "Restructuring And Mergern Acquisition": 400000.0,
        "Net Non Operating Interest Income Expense": NaN,
        "Interest Expense Non Operating": NaN,
        "Operating Income": NaN,
        "Operating Expense": NaN,
        "Depreciation Amortization Depletion Income Statement": NaN,
        "Depreciation And Amortization In Income Statement": NaN,
        "Amortization": NaN,
        "Amortization Of Intangibles Income Statement": NaN,
        "Research And Development": NaN,
        "Selling General And Administration": NaN,
        "Gross Profit": NaN,
        "Cost Of Revenue": NaN,
        "Total Revenue": NaN,
        "Operating Revenue": NaN
    },
    "2022-09-30": {
        "Tax Effect Of Unusual Items": -4043524.986566,
        "Tax Rate For Calcs": 0.188071,
        "Normalized EBITDA": 589400000.0,
        "Total Unusual Items": -21500000.0,
        "Total Unusual Items Excluding Goodwill": -21500000.0,
        "Net Income From Continuing Operation Net Minority Interest": 302200000.0,
        "Reconciled Depreciation": 181400000.0,
        "Reconciled Cost Of Revenue": 578900000.0,
        "EBITDA": 567900000.0,
        "EBIT": 386500000.0,
        "Net Interest Income": -14300000.0,
        "Interest Expense": 14300000.0,
        "Normalized Income": 319656475.013434,
        "Net Income From Continuing And Discontinued Operation": 302200000.0,
        "Total Expenses": 997500000.0,
        "Total Operating Income As Reported": 388000000.0,
        "Diluted Average Shares": 161100000.0,
        "Basic Average Shares": 160400000.0,
        "Diluted EPS": 1.88,
        "Basic EPS": 1.88,
        "Diluted NI Availto Com Stockholders": 302200000.0,
        "Net Income Common Stockholders": 302200000.0,
        "Net Income": 302200000.0,
        "Net Income Including Noncontrolling Interests": 302200000.0,
        "Net Income Continuous Operations": 302200000.0,
        "Tax Provision": 70000000.0,
        "Pretax Income": 372200000.0,
        "Other Income Expense": -23000000.0,
        "Other Non Operating Income Expenses": -1500000.0,
        "Special Income Charges": -21500000.0,
        "Restructuring And Mergern Acquisition": 21500000.0,
        "Net Non Operating Interest Income Expense": -14300000.0,
        "Interest Expense Non Operating": 14300000.0,
        "Operating Income": 409500000.0,
        "Operating Expense": 259100000.0,
        "Depreciation Amortization Depletion Income Statement": 21900000.0,
        "Depreciation And Amortization In Income Statement": 21900000.0,
        "Amortization": 21900000.0,
        "Amortization Of Intangibles Income Statement": 21900000.0,
        "Research And Development": 149500000.0,
        "Selling General And Administration": 87700000.0,
        "General And Administrative Expense": NaN,
        "Other Gand A": NaN,
        "Salaries And Wages": NaN,
        "Gross Profit": 668600000.0,
        "Cost Of Revenue": 738400000.0,
        "Total Revenue": 1407000000.0,
        "Operating Revenue": 1407000000.0
    },
    "2022-06-30": {
        "Tax Effect Of Unusual Items": -312893.982808,
        "Tax Rate For Calcs": 0.148997,
        "Normalized EBITDA": 490400000.0,
        "Total Unusual Items": -2100000.0,
        "Total Unusual Items Excluding Goodwill": -2100000.0,
        "Net Income From Continuing Operation Net Minority Interest": 267300000.0,
        "Reconciled Depreciation": 162900000.0,
        "Reconciled Cost Of Revenue": 508300000.0,
        "EBITDA": 488300000.0,
        "EBIT": 325400000.0,
        "Net Interest Income": -11300000.0,
        "Interest Expense": 11300000.0,
        "Normalized Income": 269087106.017192,
        "Net Income From Continuing And Discontinued Operation": 267300000.0,
        "Total Expenses": 904700000.0,
        "Total Operating Income As Reported": 325800000.0,
        "Diluted Average Shares": 161500000.0,
        "Basic Average Shares": 160900000.0,
        "Diluted EPS": 1.66,
        "Basic EPS": 1.66,
        "Diluted NI Availto Com Stockholders": 267300000.0,
        "Net Income Common Stockholders": 267300000.0,
        "Net Income": 267300000.0,
        "Net Income Including Noncontrolling Interests": 267300000.0,
        "Net Income Continuous Operations": 267300000.0,
        "Tax Provision": 46800000.0,
        "Pretax Income": 314100000.0,
        "Other Income Expense": -2500000.0,
        "Other Non Operating Income Expenses": -400000.0,
        "Special Income Charges": -2100000.0,
        "Restructuring And Mergern Acquisition": 2100000.0,
        "Net Non Operating Interest Income Expense": -11300000.0,
        "Interest Expense Non Operating": 11300000.0,
        "Operating Income": 327900000.0,
        "Operating Expense": 255400000.0,
        "Depreciation Amortization Depletion Income Statement": 21900000.0,
        "Depreciation And Amortization In Income Statement": 21900000.0,
        "Amortization": 21900000.0,
        "Amortization Of Intangibles Income Statement": 21900000.0,
        "Research And Development": 156500000.0,
        "Selling General And Administration": 77000000.0,
        "General And Administrative Expense": NaN,
        "Other Gand A": NaN,
        "Salaries And Wages": NaN,
        "Gross Profit": 583300000.0,
        "Cost Of Revenue": 649300000.0,
        "Total Revenue": 1232600000.0,
        "Operating Revenue": 1232600000.0
    },
    "2022-03-31": {
        "Diluted EPS": 1.86,
        "Total Revenue": NaN,
        "Gross Profit": 638,
        "Operating Income": 367,
        "EBIT": 533,
        "Net Income": 306
    },
    "2021-12-31": {
        "Diluted EPS": 2.4,
        "Total Revenue": NaN,
        "Gross Profit": 715,
        "Operating Income": 446,
        "EBIT": 628,
        "Net Income": 400
    },
    "2021-09-30": {
        "Diluted EPS": 1.95,
        "Total Revenue": NaN,
        "Gross Profit": 614,
        "Operating Income": 328,
        "EBIT": 499,
        "Net Income": 326
    },
    "2021-06-30": {
        "Diluted EPS": 2.02,
        "Total Revenue": NaN,
        "Gross Profit": 559,
        "Operating Income": 340,
        "EBIT": 431,
        "Net Income": 338
    },
    "2021-03-31": {
        "Diluted EPS": 1.95,
        "Total Revenue": NaN,
        "Gross Profit": 578,
        "Operating Income": 375,
        "EBIT": 464,
        "Net Income": 325
    },
    "2020-12-31": {
        "Diluted EPS": 3.05,
        "Total Revenue": NaN,
        "Gross Profit": 762,
        "Operating Income": 571,
        "EBIT": 657,
        "Net Income": 509
    },
    "2020-09-30": {
        "Diluted EPS": 1.47,
        "Total Revenue": 957,
        "Gross Profit": 459,
        "Operating Income": 268,
        "EBIT": 358,
        "Net Income": 247
    },
    "2020-06-30": {
        "Diluted EPS": 0.77,
        "Total Revenue": 737,
        "Gross Profit": 334,
        "Operating Income": 148,
        "EBIT": 238,
        "Net Income": 130
    },
    "2020-03-31": {
        "Diluted EPS": 1.06,
        "Total Revenue": 766,
        "Gross Profit": 376,
        "Operating Income": 200,
        "EBIT": 291,
        "Net Income": 181
    },
    "2019-12-31": {
        "Diluted EPS": 1.5,
        "Total Revenue": 896,
        "Gross Profit": 444,
        "Operating Income": 277,
        "EBIT": 369,
        "Net Income": 257
    },
    "2019-09-30": {
        "Diluted EPS": 1.23,
        "Total Revenue": 827,
        "Gross Profit": 406,
        "Operating Income": 234,
        "EBIT": 327,
        "Net Income": 211
    },
    "2019-06-30": {
        "Diluted EPS": 0.83,
        "Total Revenue": 767,
        "Gross Profit": 313,
        "Operating Income": 160,
        "EBIT": 253,
        "Net Income": 144
    },
    "2019-03-31": {
        "Diluted EPS": 1.23,
        "Total Revenue": 810,
        "Gross Profit": 400,
        "Operating Income": 238,
        "EBIT": 330,
        "Net Income": 214
    },
    "2018-12-31": {
        "Diluted EPS": 1.6,
        "Total Revenue": 972,
        "Gross Profit": 485,
        "Operating Income": 321,
        "EBIT": 414,
        "Net Income": 285
    },
    "2018-09-30": {
        "Diluted EPS": 1.56,
        "Total Revenue": NaN,
        "Gross Profit": 504,
        "Operating Income": 340,
        "EBIT": 424,
        "Net Income": 286
    },
    "2018-06-30": {
        "Diluted EPS": 1.57,
        "Total Revenue": 894,
        "Gross Profit": 452,
        "Operating Income": 306,
        "EBIT": 381,
        "Net Income": 287
    },
    "2018-03-31": {
        "Diluted EPS": 1.5,
        "Total Revenue": 913,
        "Gross Profit": 459,
        "Operating Income": 289,
        "EBIT": 361,
        "Net Income": 276
    },
    "2017-12-31": {
        "Diluted EPS": 0.38,
        "Total Revenue": NaN,
        "Gross Profit": 537,
        "Operating Income": 384,
        "EBIT": 453,
        "Net Income": 70
    },
    "2017-09-30": {
        "Diluted EPS": 1.51,
        "Total Revenue": 985,
        "Gross Profit": 499,
        "Operating Income": 346,
        "EBIT": 411,
        "Net Income": 281
    },
    "2017-06-30": {
        "Diluted EPS": 1.32,
        "Total Revenue": 901,
        "Gross Profit": 454,
        "Operating Income": 305,
        "EBIT": 368,
        "Net Income": 246
    },
    "2017-03-31": {
        "Diluted EPS": 1.2,
        "Total Revenue": 852,
        "Gross Profit": 425,
        "Operating Income": 281,
        "EBIT": 344,
        "Net Income": 225
    },
    "2016-12-31": {
        "Diluted EPS": 1.38,
        "Total Revenue": 914,
        "Gross Profit": 464,
        "Operating Income": 322,
        "EBIT": 386,
        "Net Income": 258
    },
    "2016-09-30": {
        "Diluted EPS": 1.31,
        "Total Revenue": 835,
        "Gross Profit": 424,
        "Operating Income": 292,
        "EBIT": 353,
        "Net Income": 247
    },
    "2016-06-30": {
        "Diluted EPS": 0.97,
        "Total Revenue": 752,
        "Gross Profit": 378,
        "Operating Income": 239,
        "EBIT": 303,
        "Net Income": 185
    },
    "2016-03-31": {
        "Diluted EPS": 1.08,
        "Total Revenue": 775,
        "Gross Profit": 390,
        "Operating Income": 258,
        "EBIT": 320,
        "Net Income": 208
    },
    "2015-12-31": {
        "Diluted EPS": 1.82,
        "Total Revenue": 927,
        "Gross Profit": 472,
        "Operating Income": 331,
        "EBIT": 390,
        "Net Income": 355
    },
    "2015-09-30": {
        "Diluted EPS": 1.18,
        "Total Revenue": 881,
        "Gross Profit": 436,
        "Operating Income": 298,
        "EBIT": 352,
        "Net Income": 229
    },
    "2015-06-30": {
        "Diluted EPS": 1.06,
        "Total Revenue": 810,
        "Gross Profit": 393,
        "Operating Income": 259,
        "EBIT": 309,
        "Net Income": 207
    },
    "2015-03-31": {
        "Diluted EPS": 0.85,
        "Total Revenue": 762,
        "Gross Profit": 352,
        "Operating Income": 220,
        "EBIT": 267,
        "Net Income": 167
    },
    "2014-12-31": {
        "Diluted EPS": 1.01,
        "Total Revenue": 806,
        "Gross Profit": 373,
        "Operating Income": 247,
        "EBIT": 291,
        "Net Income": 195
    },
    "2014-09-30": {
        "Diluted EPS": 0.91,
        "Total Revenue": 718,
        "Gross Profit": 324,
        "Operating Income": 198,
        "EBIT": 236,
        "Net Income": 175
    },
    "2014-06-30": {
        "Diluted EPS": 0.58,
        "Total Revenue": 587,
        "Gross Profit": 264,
        "Operating Income": 149,
        "EBIT": 178,
        "Net Income": 111
    },
    "2014-03-31": {
        "Diluted EPS": 0.4,
        "Total Revenue": 481,
        "Gross Profit": 212,
        "Operating Income": 103,
        "EBIT": 131,
        "Net Income": 77
    },
    "2013-12-31": {
        "Diluted EPS": 0.49,
        "Total Revenue": 505,
        "Gross Profit": 222,
        "Operating Income": 116,
        "EBIT": 143,
        "Net Income": 95
    },
    "2013-09-30": {
        "Diluted EPS": 0.45,
        "Total Revenue": 477,
        "Gross Profit": 209,
        "Operating Income": 106,
        "EBIT": 131,
        "Net Income": 84
    },
    "2013-06-30": {
        "Diluted EPS": 0.34,
        "Total Revenue": 436,
        "Gross Profit": 188,
        "Operating Income": 84,
        "EBIT": 110,
        "Net Income": 66
    },
    "2013-03-31": {
        "Diluted EPS": 0.32,
        "Total Revenue": 425,
        "Gross Profit": 177,
        "Operating Income": 69,
        "EBIT": 94,
        "Net Income": 62
    },
    "2012-12-31": {
        "Diluted EPS": 0.34,
        "Total Revenue": 454,
        "Gross Profit": 193,
        "Operating Income": 87,
        "EBIT": 113,
        "Net Income": 67
    },
    "2012-09-30": {
        "Diluted EPS": 0.31,
        "Total Revenue": 421,
        "Gross Profit": 178,
        "Operating Income": 75,
        "EBIT": 101,
        "Net Income": 62
    },
    "2012-06-30": {
        "Diluted EPS": 0.26,
        "Total Revenue": 389,
        "Gross Profit": 165,
        "Operating Income": 62,
        "EBIT": 88,
        "Net Income": 49
    },
    "2012-03-31": {
        "Diluted EPS": 0.18,
        "Total Revenue": 365,
        "Gross Profit": 152,
        "Operating Income": 44,
        "EBIT": 71,
        "Net Income": 34
    },
    "2011-12-31": {
        "Diluted EPS": 0.3,
        "Total Revenue": 394,
        "Gross Profit": 172,
        "Operating Income": 75,
        "EBIT": 99,
        "Net Income": 57
    },
    "2011-09-30": {
        "Diluted EPS": 0.34,
        "Total Revenue": 402,
        "Gross Profit": 175,
        "Operating Income": 78,
        "EBIT": 104,
        "Net Income": 64
    },
    "2011-06-30": {
        "Diluted EPS": 0.27,
        "Total Revenue": 356,
        "Gross Profit": 156,
        "Operating Income": 72,
        "EBIT": 92,
        "Net Income": 52
    },
    "2011-03-31": {
        "Diluted EPS": 0.26,
        "Total Revenue": 325,
        "Gross Profit": 141,
        "Operating Income": 68,
        "EBIT": 84,
        "Net Income": 50
    },
    "2010-12-31": {
        "Diluted EPS": 0.32,
        "Total Revenue": 335,
        "Gross Profit": 149,
        "Operating Income": 77,
        "EBIT": 93,
        "Net Income": 61
    },
    "2010-09-30": {
        "Diluted EPS": 0.25,
        "Total Revenue": 313,
        "Gross Profit": 136,
        "Operating Income": 65,
        "EBIT": 80,
        "Net Income": 47
    },
    "2010-06-30": {
        "Diluted EPS": 0.19,
        "Total Revenue": 275,
        "Gross Profit": 118,
        "Operating Income": 53,
        "EBIT": 67,
        "Net Income": 35
    },
    "2010-03-31": {
        "Diluted EPS": 0.15,
        "Total Revenue": 238,
        "Gross Profit": 100,
        "Operating Income": 38,
        "EBIT": 52,
        "Net Income": 28
    },
    "2009-12-31": {
        "Diluted EPS": 0.16,
        "Total Revenue": 245,
        "Gross Profit": 103,
        "Operating Income": 43,
        "EBIT": 56,
        "Net Income": 28
    },
    "2009-09-30": {
        "Diluted EPS": 0.34,
        "Total Revenue": 228,
        "Gross Profit": 93,
        "Operating Income": 33,
        "EBIT": 47,
        "Net Income": 58
    },
    "2009-06-30": {
        "Diluted EPS": 0.11,
        "Total Revenue": 191,
        "Gross Profit": 77,
        "Operating Income": 22,
        "EBIT": 36,
        "Net Income": 19
    },
    "2009-03-31": {
        "Diluted EPS": -0.03,
        "Total Revenue": 173,
        "Gross Profit": 65,
        "Operating Income": -4,
        "EBIT": 10,
        "Net Income": -6
    },
    "2023-06-30": {
        "Tax Effect Of Unusual Items": NaN,
        "Tax Rate For Calcs": NaN,
        "Normalized EBITDA": NaN,
        "Total Unusual Items": NaN,
        "Total Unusual Items Excluding Goodwill": NaN,
        "Net Income From Continuing Operation Net Minority Interest": NaN,
        "Reconciled Depreciation": NaN,
        "Reconciled Cost Of Revenue": NaN,
        "EBITDA": NaN,
        "EBIT": NaN,
        "Net Interest Income": NaN,
        "Interest Expense": NaN,
        "Normalized Income": NaN,
        "Net Income From Continuing And Discontinued Operation": NaN,
        "Total Expenses": NaN,
        "Total Operating Income As Reported": NaN,
        "Diluted Average Shares": NaN,
        "Basic Average Shares": NaN,
        "Diluted EPS": NaN,
        "Basic EPS": NaN,
        "Diluted NI Availto Com Stockholders": NaN,
        "Net Income Common Stockholders": NaN,
        "Net Income": NaN,
        "Net Income Including Noncontrolling Interests": NaN,
        "Net Income Continuous Operations": NaN,
        "Tax Provision": NaN,
        "Pretax Income": NaN,
        "Other Income Expense": NaN,
        "Other Non Operating Income Expenses": NaN,
        "Special Income Charges": NaN,
        "Restructuring And Mergern Acquisition": 4400000.0,
        "Net Non Operating Interest Income Expense": NaN,
        "Interest Expense Non Operating": NaN,
        "Operating Income": NaN,
        "Operating Expense": NaN,
        "Depreciation Amortization Depletion Income Statement": NaN,
        "Depreciation And Amortization In Income Statement": NaN,
        "Amortization": NaN,
        "Amortization Of Intangibles Income Statement": NaN,
        "Research And Development": NaN,
        "Selling General And Administration": NaN,
        "Gross Profit": NaN,
        "Cost Of Revenue": NaN,
        "Total Revenue": NaN,
        "Operating Revenue": NaN
    },
    "2023-09-30": {
        "Tax Effect Of Unusual Items": NaN,
        "Tax Rate For Calcs": NaN,
        "Normalized EBITDA": NaN,
        "Total Unusual Items": NaN,
        "Total Unusual Items Excluding Goodwill": NaN,
        "Net Income From Continuing Operation Net Minority Interest": NaN,
        "Reconciled Depreciation": NaN,
        "Reconciled Cost Of Revenue": NaN,
        "EBITDA": NaN,
        "EBIT": NaN,
        "Net Interest Income": NaN,
        "Interest Expense": NaN,
        "Normalized Income": NaN,
        "Net Income From Continuing And Discontinued Operation": NaN,
        "Total Expenses": NaN,
        "Total Operating Income As Reported": NaN,
        "Diluted Average Shares": NaN,
        "Basic Average Shares": NaN,
        "Diluted EPS": NaN,
        "Basic EPS": NaN,
        "Diluted NI Availto Com Stockholders": NaN,
        "Net Income Common Stockholders": NaN,
        "Net Income": NaN,
        "Net Income Including Noncontrolling Interests": NaN,
        "Net Income Continuous Operations": NaN,
        "Tax Provision": NaN,
        "Pretax Income": NaN,
        "Other Income Expense": NaN,
        "Other Non Operating Income Expenses": NaN,
        "Special Income Charges": NaN,
        "Restructuring And Mergern Acquisition": 300000.0,
        "Net Non Operating Interest Income Expense": NaN,
        "Interest Expense Non Operating": NaN,
        "Operating Income": NaN,
        "Operating Expense": NaN,
        "Depreciation Amortization Depletion Income Statement": NaN,
        "Depreciation And Amortization In Income Statement": NaN,
        "Amortization": NaN,
        "Amortization Of Intangibles Income Statement": NaN,
        "Research And Development": NaN,
        "Selling General And Administration": NaN,
        "Gross Profit": NaN,
        "Cost Of Revenue": NaN,
        "Total Revenue": NaN,
        "Operating Revenue": NaN
    },
    "2023-12-31": {
        "Tax Effect Of Unusual Items": NaN,
        "Tax Rate For Calcs": NaN,
        "Normalized EBITDA": NaN,
        "Total Unusual Items": NaN,
        "Total Unusual Items Excluding Goodwill": NaN,
        "Net Income From Continuing Operation Net Minority Interest": NaN,
        "Reconciled Depreciation": NaN,
        "Reconciled Cost Of Revenue": NaN,
        "EBITDA": NaN,
        "EBIT": NaN,
        "Net Interest Income": NaN,
        "Interest Expense": NaN,
        "Normalized Income": NaN,
        "Net Income From Continuing And Discontinued Operation": NaN,
        "Total Expenses": NaN,
        "Total Operating Income As Reported": NaN,
        "Diluted Average Shares": NaN,
        "Basic Average Shares": NaN,
        "Diluted EPS": NaN,
        "Basic EPS": NaN,
        "Diluted NI Availto Com Stockholders": NaN,
        "Net Income Common Stockholders": NaN,
        "Net Income": NaN,
        "Net Income Including Noncontrolling Interests": NaN,
        "Net Income Continuous Operations": NaN,
        "Tax Provision": NaN,
        "Pretax Income": NaN,
        "Other Income Expense": NaN,
        "Other Non Operating Income Expenses": NaN,
        "Special Income Charges": NaN,
        "Restructuring And Mergern Acquisition": 16200000.0,
        "Net Non Operating Interest Income Expense": NaN,
        "Interest Expense Non Operating": NaN,
        "Operating Income": NaN,
        "Operating Expense": NaN,
        "Depreciation Amortization Depletion Income Statement": NaN,
        "Depreciation And Amortization In Income Statement": NaN,
        "Amortization": NaN,
        "Amortization Of Intangibles Income Statement": NaN,
        "Research And Development": NaN,
        "Selling General And Administration": NaN,
        "Gross Profit": NaN,
        "Cost Of Revenue": NaN,
        "Total Revenue": NaN,
        "Operating Revenue": NaN
    },
    "2024-03-31": {
        "Tax Effect Of Unusual Items": 15000.0,
        "Tax Rate For Calcs": 0.05,
        "Normalized EBITDA": 310500000.0,
        "Total Unusual Items": 300000.0,
        "Total Unusual Items Excluding Goodwill": 300000.0,
        "Net Income From Continuing Operation Net Minority Interest": 183300000.0,
        "Reconciled Depreciation": 110800000.0,
        "Reconciled Cost Of Revenue": 515100000.0,
        "EBITDA": 310800000.0,
        "EBIT": 200000000.0,
        "Net Interest Income": -7100000.0,
        "Interest Expense": 7100000.0,
        "Normalized Income": 183015000.0,
        "Net Income From Continuing And Discontinued Operation": 183300000.0,
        "Total Expenses": 857100000.0,
        "Total Operating Income As Reported": 189200000.0,
        "Diluted Average Shares": 161400000.0,
        "Basic Average Shares": 160400000.0,
        "Diluted EPS": 1.14,
        "Basic EPS": 1.14,
        "Diluted NI Availto Com Stockholders": 183300000.0,
        "Net Income Common Stockholders": 183300000.0,
        "Net Income": 183300000.0,
        "Net Income Including Noncontrolling Interests": 183300000.0,
        "Net Income Continuous Operations": 183300000.0,
        "Tax Provision": 9600000.0,
        "Pretax Income": 192900000.0,
        "Other Income Expense": 11100000.0,
        "Other Non Operating Income Expenses": 10800000.0,
        "Special Income Charges": 300000.0,
        "Restructuring And Mergern Acquisition": NaN,
        "Net Non Operating Interest Income Expense": -7100000.0,
        "Interest Expense Non Operating": 7100000.0,
        "Operating Income": 188900000.0,
        "Operating Expense": 231400000.0,
        "Depreciation Amortization Depletion Income Statement": 200000.0,
        "Depreciation And Amortization In Income Statement": 200000.0,
        "Amortization": 200000.0,
        "Amortization Of Intangibles Income Statement": 200000.0,
        "Research And Development": 154400000.0,
        "Selling General And Administration": 76800000.0,
        "Gross Profit": 420300000.0,
        "Cost Of Revenue": 625700000.0,
        "Total Revenue": 1046000000.0,
        "Operating Revenue": 1046000000.0
    },
    "2024-06-30": {
        "Tax Effect Of Unusual Items": -149925.037481,
        "Tax Rate For Calcs": 0.093703,
        "Normalized EBITDA": 253900000.0,
        "Total Unusual Items": -1600000.0,
        "Total Unusual Items Excluding Goodwill": -1600000.0,
        "Net Income From Continuing Operation Net Minority Interest": 120900000.0,
        "Reconciled Depreciation": 112300000.0,
        "Reconciled Cost Of Revenue": 429300000.0,
        "EBITDA": 252300000.0,
        "EBIT": 140000000.0,
        "Net Interest Income": -6600000.0,
        "Interest Expense": 6600000.0,
        "Normalized Income": 122350074.962519,
        "Net Income From Continuing And Discontinued Operation": 120900000.0,
        "Total Expenses": 773500000.0,
        "Total Operating Income As Reported": 130400000.0,
        "Diluted Average Shares": 161400000.0,
        "Basic Average Shares": 160400000.0,
        "Diluted EPS": 0.75,
        "Basic EPS": 0.75,
        "Diluted NI Availto Com Stockholders": 120900000.0,
        "Net Income Common Stockholders": 120900000.0,
        "Net Income": 120900000.0,
        "Net Income Including Noncontrolling Interests": 120900000.0,
        "Net Income Continuous Operations": 120900000.0,
        "Tax Provision": 12500000.0,
        "Pretax Income": 133400000.0,
        "Other Income Expense": 8000000.0,
        "Other Non Operating Income Expenses": 9600000.0,
        "Special Income Charges": -1600000.0,
        "Restructuring And Mergern Acquisition": 1600000.0,
        "Net Non Operating Interest Income Expense": -6600000.0,
        "Interest Expense Non Operating": 6600000.0,
        "Operating Income": 132000000.0,
        "Operating Expense": 232100000.0,
        "Depreciation Amortization Depletion Income Statement": 200000.0,
        "Depreciation And Amortization In Income Statement": 200000.0,
        "Amortization": 200000.0,
        "Amortization Of Intangibles Income Statement": 200000.0,
        "Research And Development": 160700000.0,
        "Selling General And Administration": 71200000.0,
        "Gross Profit": 364100000.0,
        "Cost Of Revenue": 541400000.0,
        "Total Revenue": 905500000.0,
        "Operating Revenue": 905500000.0
    },
    "2024-09-30": {
        "Tax Effect Of Unusual Items": -27825000.0,
        "Tax Rate For Calcs": 0.21,
        "Normalized EBITDA": 313200000.0,
        "Total Unusual Items": -132500000.0,
        "Total Unusual Items Excluding Goodwill": -132500000.0,
        "Net Income From Continuing Operation Net Minority Interest": 60500000.0,
        "Reconciled Depreciation": 115400000.0,
        "Reconciled Cost Of Revenue": 480000000.0,
        "EBITDA": 180700000.0,
        "EBIT": 65300000.0,
        "Net Interest Income": -6900000.0,
        "Interest Expense": 6900000.0,
        "Normalized Income": 165175000.0,
        "Net Income From Continuing And Discontinued Operation": 60500000.0,
        "Total Expenses": 833100000.0,
        "Total Operating Income As Reported": 59400000.0,
        "Diluted Average Shares": 161400000.0,
        "Basic Average Shares": 159800000.0,
        "Diluted EPS": 0.37,
        "Basic EPS": 0.38,
        "Diluted NI Availto Com Stockholders": 60500000.0,
        "Net Income Common Stockholders": 60500000.0,
        "Net Income": 60500000.0,
        "Net Income Including Noncontrolling Interests": 60500000.0,
        "Net Income Continuous Operations": 60500000.0,
        "Tax Provision": -2100000.0,
        "Pretax Income": 58400000.0,
        "Other Income Expense": -126600000.0,
        "Other Non Operating Income Expenses": 5900000.0,
        "Special Income Charges": -132500000.0,
        "Restructuring And Mergern Acquisition": NaN,
        "Net Non Operating Interest Income Expense": -6900000.0,
        "Interest Expense Non Operating": 6900000.0,
        "Operating Income": 191900000.0,
        "Operating Expense": 237900000.0,
        "Depreciation Amortization Depletion Income Statement": 200000.0,
        "Depreciation And Amortization In Income Statement": 200000.0,
        "Amortization": 200000.0,
        "Amortization Of Intangibles Income Statement": 200000.0,
        "Research And Development": 163600000.0,
        "Selling General And Administration": 74100000.0,
        "Gross Profit": 429800000.0,
        "Cost Of Revenue": 595200000.0,
        "Total Revenue": 1025000000.0,
        "Operating Revenue": 1025000000.0
    },
    "2024-12-31": {
        "Tax Effect Of Unusual Items": -238400.0,
        "Tax Rate For Calcs": 0.149,
        "Normalized EBITDA": 314800000.0,
        "Total Unusual Items": -1600000.0,
        "Total Unusual Items Excluding Goodwill": -1600000.0,
        "Net Income From Continuing Operation Net Minority Interest": 162000000.0,
        "Reconciled Depreciation": 116000000.0,
        "Reconciled Cost Of Revenue": 510800000.0,
        "EBITDA": 313200000.0,
        "EBIT": 197200000.0,
        "Net Interest Income": -6800000.0,
        "Interest Expense": 6800000.0,
        "Normalized Income": 163361600.0,
        "Net Income From Continuing And Discontinued Operation": 162000000.0,
        "Total Expenses": 885800000.0,
        "Total Operating Income As Reported": 181100000.0,
        "Diluted Average Shares": 161400000.0,
        "Basic Average Shares": 160400000.0,
        "Diluted EPS": 1.0,
        "Basic EPS": 1.01,
        "Diluted NI Availto Com Stockholders": 162000000.0,
        "Net Income Common Stockholders": 162000000.0,
        "Net Income": 162000000.0,
        "Net Income Including Noncontrolling Interests": 162000000.0,
        "Net Income Continuous Operations": 162000000.0,
        "Tax Provision": 28400000.0,
        "Pretax Income": 190400000.0,
        "Other Income Expense": 14500000.0,
        "Other Non Operating Income Expenses": 16100000.0,
        "Special Income Charges": -1600000.0,
        "Restructuring And Mergern Acquisition": 1600000.0,
        "Net Non Operating Interest Income Expense": -6800000.0,
        "Interest Expense Non Operating": 6800000.0,
        "Operating Income": 182700000.0,
        "Operating Expense": 259200000.0,
        "Depreciation Amortization Depletion Income Statement": 200000.0,
        "Depreciation And Amortization In Income Statement": 200000.0,
        "Amortization": 200000.0,
        "Amortization Of Intangibles Income Statement": 200000.0,
        "Research And Development": 176400000.0,
        "Selling General And Administration": 82600000.0,
        "Gross Profit": 441900000.0,
        "Cost Of Revenue": 626600000.0,
        "Total Revenue": 1068500000.0,
        "Operating Revenue": 1068500000.0
    },
    "2025-03-31": {
        "Tax Effect Of Unusual Items": -6448400.0,
        "Tax Rate For Calcs": 0.329,
        "Normalized EBITDA": 243000000.0,
        "Total Unusual Items": -19600000.0,
        "Total Unusual Items Excluding Goodwill": -19600000.0,
        "Net Income From Continuing Operation Net Minority Interest": 68700000.0,
        "Reconciled Depreciation": 114200000.0,
        "Reconciled Cost Of Revenue": 447600000.0,
        "EBITDA": 223400000.0,
        "EBIT": 109200000.0,
        "Net Interest Income": -6800000.0,
        "Interest Expense": 6800000.0,
        "Normalized Income": 81851600.0,
        "Net Income From Continuing And Discontinued Operation": 68700000.0,
        "Total Expenses": 836300000.0,
        "Total Operating Income As Reported": 97300000.0,
        "Diluted Average Shares": 158800000.0,
        "Basic Average Shares": 158500000.0,
        "Diluted EPS": 0.43,
        "Basic EPS": 0.43,
        "Diluted NI Availto Com Stockholders": 68700000.0,
        "Net Income Common Stockholders": 68700000.0,
        "Net Income": 68700000.0,
        "Net Income Including Noncontrolling Interests": 68700000.0,
        "Net Income Continuous Operations": 68700000.0,
        "Tax Provision": 33700000.0,
        "Pretax Income": 102400000.0,
        "Other Income Expense": -7700000.0,
        "Other Non Operating Income Expenses": 11900000.0,
        "Special Income Charges": -19600000.0,
        "Restructuring And Mergern Acquisition": NaN,
        "Net Non Operating Interest Income Expense": -6800000.0,
        "Interest Expense Non Operating": 6800000.0,
        "Operating Income": 116900000.0,
        "Operating Expense": 274700000.0,
        "Depreciation Amortization Depletion Income Statement": 200000.0,
        "Depreciation And Amortization In Income Statement": 200000.0,
        "Amortization": 200000.0,
        "Amortization Of Intangibles Income Statement": 200000.0,
        "Research And Development": 186500000.0,
        "Selling General And Administration": 88000000.0,
        "Gross Profit": 391600000.0,
        "Cost Of Revenue": 561600000.0,
        "Total Revenue": 953200000.0,
        "Operating Revenue": 953200000.0
    },
    "2025-06-30": {
        "Tax Effect Of Unusual Items": -93750.0,
        "Tax Rate For Calcs": 0.0625,
        "Normalized EBITDA": 236000000.0,
        "Total Unusual Items": -1500000.0,
        "Total Unusual Items Excluding Goodwill": -1500000.0,
        "Net Income From Continuing Operation Net Minority Interest": 105000000.0,
        "Reconciled Depreciation": 115900000.0,
        "Reconciled Cost Of Revenue": 448300000.0,
        "EBITDA": 234500000.0,
        "EBIT": 118600000.0,
        "Net Interest Income": -6600000.0,
        "Interest Expense": 6600000.0,
        "Normalized Income": 106406250.0,
        "Net Income From Continuing And Discontinued Operation": 105000000.0,
        "Total Expenses": 852900000.0,
        "Total Operating Income As Reported": 110600000.0,
        "Diluted Average Shares": 150300000.0,
        "Basic Average Shares": 150000000.0,
        "Diluted EPS": 0.7,
        "Basic EPS": 0.7,
        "Diluted NI Availto Com Stockholders": 105000000.0,
        "Net Income Common Stockholders": 105000000.0,
        "Net Income": 105000000.0,
        "Net Income Including Noncontrolling Interests": 105000000.0,
        "Net Income Continuous Operations": 105000000.0,
        "Tax Provision": 7000000.0,
        "Pretax Income": 112000000.0,
        "Other Income Expense": 6500000.0,
        "Other Non Operating Income Expenses": 8000000.0,
        "Special Income Charges": -1500000.0,
        "Restructuring And Mergern Acquisition": NaN,
        "Net Non Operating Interest Income Expense": -6600000.0,
        "Interest Expense Non Operating": 6600000.0,
        "Operating Income": 112100000.0,
        "Operating Expense": 288900000.0,
        "Depreciation Amortization Depletion Income Statement": 200000.0,
        "Depreciation And Amortization In Income Statement": 200000.0,
        "Amortization": 200000.0,
        "Amortization Of Intangibles Income Statement": 200000.0,
        "Research And Development": 199400000.0,
        "Selling General And Administration": 89300000.0,
        "Gross Profit": 401000000.0,
        "Cost Of Revenue": 564000000.0,
        "Total Revenue": 965000000.0,
        "Operating Revenue": 965000000.0
    }
}