{
    "2023-03-31": {
        "Tax Effect Of Unusual Items": NaN,
        "Tax Rate For Calcs": NaN,
        "Normalized EBITDA": NaN,
        "Total Unusual Items": NaN,
        "Total Unusual Items Excluding Goodwill": NaN,
        "Net Income From Continuing Operation Net Minority Interest": NaN,
        "Reconciled Depreciation": NaN,
        "Reconciled Cost Of Revenue": NaN,
        "EBITDA": NaN,
        "EBIT": NaN,
        "Net Interest Income": NaN,
        "Interest Expense": NaN,
        "Interest Income": NaN,
        "Normalized Income": NaN,
        "Net Income From Continuing And Discontinued Operation": NaN,
        "Total Expenses": NaN,
        "Total Operating Income As Reported": NaN,
        "Diluted Average Shares": NaN,
        "Basic Average Shares": NaN,
        "Diluted EPS": NaN,
        "Basic EPS": NaN,
        "Diluted NI Availto Com Stockholders": NaN,
        "Net Income Common Stockholders": NaN,
        "Net Income": NaN,
        "Minority Interests": NaN,
        "Net Income Including Noncontrolling Interests": NaN,
        "Net Income Continuous Operations": NaN,
        "Tax Provision": NaN,
        "Pretax Income": NaN,
        "Other Income Expense": NaN,
        "Other Non Operating Income Expenses": NaN,
        "Special Income Charges": NaN,
        "Other Special Charges": -82000.0,
        "Impairment Of Capital Assets": NaN,
        "Earnings From Equity Interest": NaN,
        "Gain On Sale Of Security": NaN,
        "Net Non Operating Interest Income Expense": NaN,
        "Interest Expense Non Operating": NaN,
        "Interest Income Non Operating": NaN,
        "Operating Income": NaN,
        "Operating Expense": NaN,
        "Other Taxes": NaN,
        "Depreciation Amortization Depletion Income Statement": NaN,
        "Depreciation And Amortization In Income Statement": NaN,
        "Selling General And Administration": NaN,
        "General And Administrative Expense": NaN,
        "Other Gand A": NaN,
        "Gross Profit": NaN,
        "Cost Of Revenue": NaN,
        "Total Revenue": NaN,
        "Operating Revenue": NaN
    },
    "2022-12-31": {
        "Tax Effect Of Unusual Items": NaN,
        "Tax Rate For Calcs": NaN,
        "Normalized EBITDA": NaN,
        "Total Unusual Items": NaN,
        "Total Unusual Items Excluding Goodwill": NaN,
        "Net Income From Continuing Operation Net Minority Interest": NaN,
        "Reconciled Depreciation": NaN,
        "Reconciled Cost Of Revenue": NaN,
        "EBITDA": NaN,
        "EBIT": NaN,
        "Net Interest Income": NaN,
        "Interest Expense": NaN,
        "Interest Income": NaN,
        "Normalized Income": NaN,
        "Net Income From Continuing And Discontinued Operation": NaN,
        "Total Expenses": NaN,
        "Total Operating Income As Reported": NaN,
        "Diluted Average Shares": NaN,
        "Basic Average Shares": NaN,
        "Diluted EPS": NaN,
        "Basic EPS": NaN,
        "Diluted NI Availto Com Stockholders": NaN,
        "Net Income Common Stockholders": NaN,
        "Net Income": NaN,
        "Minority Interests": NaN,
        "Net Income Including Noncontrolling Interests": NaN,
        "Net Income Continuous Operations": NaN,
        "Tax Provision": NaN,
        "Pretax Income": NaN,
        "Other Income Expense": NaN,
        "Other Non Operating Income Expenses": NaN,
        "Special Income Charges": NaN,
        "Other Special Charges": 447000.0,
        "Impairment Of Capital Assets": NaN,
        "Earnings From Equity Interest": NaN,
        "Gain On Sale Of Security": NaN,
        "Net Non Operating Interest Income Expense": NaN,
        "Interest Expense Non Operating": NaN,
        "Interest Income Non Operating": NaN,
        "Operating Income": NaN,
        "Operating Expense": NaN,
        "Other Taxes": NaN,
        "Depreciation Amortization Depletion Income Statement": NaN,
        "Depreciation And Amortization In Income Statement": NaN,
        "Selling General And Administration": NaN,
        "General And Administrative Expense": NaN,
        "Other Gand A": NaN,
        "Gross Profit": NaN,
        "Cost Of Revenue": NaN,
        "Total Revenue": NaN,
        "Operating Revenue": NaN
    },
    "2022-09-30": {
        "Tax Effect Of Unusual Items": NaN,
        "Tax Rate For Calcs": NaN,
        "Normalized EBITDA": NaN,
        "Total Unusual Items": NaN,
        "Total Unusual Items Excluding Goodwill": NaN,
        "Net Income From Continuing Operation Net Minority Interest": NaN,
        "Reconciled Depreciation": NaN,
        "Reconciled Cost Of Revenue": NaN,
        "EBITDA": NaN,
        "EBIT": NaN,
        "Net Interest Income": NaN,
        "Interest Expense": NaN,
        "Interest Income": NaN,
        "Normalized Income": NaN,
        "Net Income From Continuing And Discontinued Operation": NaN,
        "Total Expenses": NaN,
        "Total Operating Income As Reported": NaN,
        "Diluted Average Shares": NaN,
        "Basic Average Shares": NaN,
        "Diluted EPS": NaN,
        "Basic EPS": NaN,
        "Diluted NI Availto Com Stockholders": NaN,
        "Net Income Common Stockholders": NaN,
        "Net Income": NaN,
        "Minority Interests": NaN,
        "Net Income Including Noncontrolling Interests": NaN,
        "Net Income Continuous Operations": NaN,
        "Tax Provision": NaN,
        "Pretax Income": NaN,
        "Other Income Expense": NaN,
        "Other Non Operating Income Expenses": NaN,
        "Special Income Charges": NaN,
        "Other Special Charges": -337000.0,
        "Impairment Of Capital Assets": NaN,
        "Earnings From Equity Interest": NaN,
        "Gain On Sale Of Security": NaN,
        "Net Non Operating Interest Income Expense": NaN,
        "Interest Expense Non Operating": NaN,
        "Interest Income Non Operating": NaN,
        "Operating Income": NaN,
        "Operating Expense": NaN,
        "Other Taxes": NaN,
        "Depreciation Amortization Depletion Income Statement": NaN,
        "Depreciation And Amortization In Income Statement": NaN,
        "Selling General And Administration": NaN,
        "General And Administrative Expense": NaN,
        "Other Gand A": NaN,
        "Gross Profit": NaN,
        "Cost Of Revenue": NaN,
        "Total Revenue": NaN,
        "Operating Revenue": NaN
    },
    "2022-06-30": {
        "Tax Effect Of Unusual Items": 212400.0,
        "Tax Rate For Calcs": 0.4,
        "Normalized EBITDA": 150304000.0,
        "Total Unusual Items": 531000.0,
        "Total Unusual Items Excluding Goodwill": 531000.0,
        "Net Income From Continuing Operation Net Minority Interest": -6575000.0,
        "Reconciled Depreciation": 108010000.0,
        "Reconciled Cost Of Revenue": 969844000.0,
        "EBITDA": 150835000.0,
        "EBIT": 42825000.0,
        "Net Interest Income": -50008000.0,
        "Interest Expense": 53206000.0,
        "Interest Income": 3198000.0,
        "Normalized Income": -6893600.0,
        "Net Income From Continuing And Discontinued Operation": -6575000.0,
        "Total Expenses": 1100460000.0,
        "Total Operating Income As Reported": 45660000.0,
        "Diluted Average Shares": 67045000.0,
        "Basic Average Shares": 67045000.0,
        "Diluted EPS": -0.1,
        "Basic EPS": -0.1,
        "Diluted NI Availto Com Stockholders": -6575000.0,
        "Net Income Common Stockholders": -6575000.0,
        "Net Income": -6575000.0,
        "Minority Interests": -494000.0,
        "Net Income Including Noncontrolling Interests": -6081000.0,
        "Net Income Continuous Operations": -6081000.0,
        "Tax Provision": -4300000.0,
        "Pretax Income": -10381000.0,
        "Other Income Expense": -6033000.0,
        "Other Non Operating Income Expenses": -7292000.0,
        "Special Income Charges": 317000.0,
        "Other Special Charges": -317000.0,
        "Impairment Of Capital Assets": NaN,
        "Earnings From Equity Interest": 728000.0,
        "Gain On Sale Of Security": 214000.0,
        "Net Non Operating Interest Income Expense": -50008000.0,
        "Interest Expense Non Operating": 53206000.0,
        "Interest Income Non Operating": 3198000.0,
        "Operating Income": 45660000.0,
        "Operating Expense": 130616000.0,
        "Other Taxes": 22606000.0,
        "Depreciation Amortization Depletion Income Statement": 108010000.0,
        "Depreciation And Amortization In Income Statement": 108010000.0,
        "Selling General And Administration": NaN,
        "General And Administrative Expense": NaN,
        "Other Gand A": NaN,
        "Gross Profit": 176276000.0,
        "Cost Of Revenue": 969844000.0,
        "Total Revenue": 1146120000.0,
        "Operating Revenue": 1146120000.0
    },
    "2022-03-31": {
        "Diluted EPS": 1.58,
        "Total Revenue": NaN,
        "Gross Profit": 968,
        "Operating Income": 168,
        "EBIT": 291,
        "Net Income": 96
    },
    "2021-12-31": {
        "Diluted EPS": 1.12,
        "Total Revenue": NaN,
        "Gross Profit": 950,
        "Operating Income": 114,
        "EBIT": 217,
        "Net Income": 70
    },
    "2021-09-30": {
        "Diluted EPS": -0.19,
        "Total Revenue": 889,
        "Gross Profit": 825,
        "Operating Income": 23,
        "EBIT": 115,
        "Net Income": -12
    },
    "2021-06-30": {
        "Diluted EPS": 0.43,
        "Total Revenue": 821,
        "Gross Profit": 745,
        "Operating Income": 59,
        "EBIT": 142,
        "Net Income": 25
    },
    "2021-03-31": {
        "Diluted EPS": 2.03,
        "Total Revenue": 886,
        "Gross Profit": 730,
        "Operating Income": 173,
        "EBIT": 267,
        "Net Income": 117
    },
    "2020-12-31": {
        "Diluted EPS": 1.83,
        "Total Revenue": 914,
        "Gross Profit": 836,
        "Operating Income": 153,
        "EBIT": 240,
        "Net Income": 104
    },
    "2020-09-30": {
        "Diluted EPS": 0.32,
        "Total Revenue": 791,
        "Gross Profit": 755,
        "Operating Income": 54,
        "EBIT": 134,
        "Net Income": 18
    },
    "2020-06-30": {
        "Diluted EPS": 0.68,
        "Total Revenue": 757,
        "Gross Profit": 690,
        "Operating Income": 68,
        "EBIT": 145,
        "Net Income": 38
    },
    "2020-03-31": {
        "Diluted EPS": 1.31,
        "Total Revenue": 836,
        "Gross Profit": 675,
        "Operating Income": 148,
        "EBIT": 236,
        "Net Income": 73
    },
    "2019-12-31": {
        "Diluted EPS": 1.66,
        "Total Revenue": 848,
        "Gross Profit": 756,
        "Operating Income": 138,
        "EBIT": 218,
        "Net Income": 92
    },
    "2019-09-30": {
        "Diluted EPS": 0.1,
        "Total Revenue": 725,
        "Gross Profit": 690,
        "Operating Income": 38,
        "EBIT": 114,
        "Net Income": 5
    },
    "2019-06-30": {
        "Diluted EPS": 0.41,
        "Total Revenue": 713,
        "Gross Profit": 648,
        "Operating Income": 55,
        "EBIT": 125,
        "Net Income": 22
    },
    "2019-03-31": {
        "Diluted EPS": 1.77,
        "Total Revenue": 834,
        "Gross Profit": 641,
        "Operating Income": 140,
        "EBIT": 218,
        "Net Income": 95
    },
    "2018-12-31": {
        "Diluted EPS": 1.36,
        "Total Revenue": 787,
        "Gross Profit": 686,
        "Operating Income": 135,
        "EBIT": 198,
        "Net Income": 69
    },
    "2018-09-30": {
        "Diluted EPS": 0.25,
        "Total Revenue": 668,
        "Gross Profit": 618,
        "Operating Income": 40,
        "EBIT": 102,
        "Net Income": 12
    },
    "2018-06-30": {
        "Diluted EPS": 0.44,
        "Total Revenue": 671,
        "Gross Profit": 587,
        "Operating Income": 53,
        "EBIT": 115,
        "Net Income": 22
    },
    "2018-03-31": {
        "Diluted EPS": 1.63,
        "Total Revenue": 754,
        "Gross Profit": 569,
        "Operating Income": 130,
        "EBIT": 192,
        "Net Income": 79
    },
    "2017-12-31": {
        "Diluted EPS": 2.01,
        "Total Revenue": 740,
        "Gross Profit": 647,
        "Operating Income": 136,
        "EBIT": 197,
        "Net Income": 96
    },
    "2017-09-30": {
        "Diluted EPS": 0.21,
        "Total Revenue": 593,
        "Gross Profit": 548,
        "Operating Income": 35,
        "EBIT": 94,
        "Net Income": 10
    },
    "2017-06-30": {
        "Diluted EPS": 0.37,
        "Total Revenue": 560,
        "Gross Profit": 491,
        "Operating Income": 48,
        "EBIT": 106,
        "Net Income": 18
    },
    "2017-03-31": {
        "Diluted EPS": 1.45,
        "Total Revenue": 655,
        "Gross Profit": 508,
        "Operating Income": 124,
        "EBIT": 197,
        "Net Income": 69
    },
    "2016-12-31": {
        "Diluted EPS": 1.36,
        "Total Revenue": 642,
        "Gross Profit": 568,
        "Operating Income": 138,
        "EBIT": 209,
        "Net Income": 65
    },
    "2016-09-30": {
        "Diluted EPS": 0.05,
        "Total Revenue": 540,
        "Gross Profit": 501,
        "Operating Income": 16,
        "EBIT": 85,
        "Net Income": 2
    },
    "2016-06-30": {
        "Diluted EPS": 0.19,
        "Total Revenue": 548,
        "Gross Profit": 476,
        "Operating Income": 28,
        "EBIT": 101,
        "Net Income": 9
    },
    "2016-03-31": {
        "Diluted EPS": 1.58,
        "Total Revenue": 731,
        "Gross Profit": 518,
        "Operating Income": 134,
        "EBIT": 209,
        "Net Income": 75
    },
    "2015-12-31": {
        "Diluted EPS": 1.39,
        "Total Revenue": 685,
        "Gross Profit": 549,
        "Operating Income": 118,
        "EBIT": 187,
        "Net Income": 66
    },
    "2015-09-30": {
        "Diluted EPS": -0.1,
        "Total Revenue": 505,
        "Gross Profit": 441,
        "Operating Income": 16,
        "EBIT": 83,
        "Net Income": -5
    },
    "2015-06-30": {
        "Diluted EPS": 0.1,
        "Total Revenue": 539,
        "Gross Profit": 430,
        "Operating Income": 25,
        "EBIT": 92,
        "Net Income": 5
    },
    "2015-03-31": {
        "Diluted EPS": 1.53,
        "Total Revenue": 734,
        "Gross Profit": 480,
        "Operating Income": 130,
        "EBIT": 197,
        "Net Income": 72
    },
    "2014-12-31": {
        "Diluted EPS": 1.25,
        "Total Revenue": 628,
        "Gross Profit": 485,
        "Operating Income": 112,
        "EBIT": 178,
        "Net Income": 59
    },
    "2014-09-30": {
        "Diluted EPS": 0.04,
        "Total Revenue": 432,
        "Gross Profit": 359,
        "Operating Income": 18,
        "EBIT": 80,
        "Net Income": 2
    },
    "2014-06-30": {
        "Diluted EPS": 0.21,
        "Total Revenue": 453,
        "Gross Profit": 355,
        "Operating Income": 27,
        "EBIT": 89,
        "Net Income": 10
    },
    "2014-03-31": {
        "Diluted EPS": 1.51,
        "Total Revenue": 608,
        "Gross Profit": 417,
        "Operating Income": 127,
        "EBIT": 190,
        "Net Income": 71
    },
    "2013-12-31": {
        "Diluted EPS": 1.22,
        "Total Revenue": 538,
        "Gross Profit": 420,
        "Operating Income": 101,
        "EBIT": 161,
        "Net Income": 57
    },
    "2013-09-30": {
        "Diluted EPS": -0.06,
        "Total Revenue": 387,
        "Gross Profit": 340,
        "Operating Income": 6,
        "EBIT": 65,
        "Net Income": -3
    },
    "2013-06-30": {
        "Diluted EPS": 0.22,
        "Total Revenue": 412,
        "Gross Profit": 342,
        "Operating Income": 29,
        "EBIT": 87,
        "Net Income": 10
    },
    "2013-03-31": {
        "Diluted EPS": 1.73,
        "Total Revenue": 614,
        "Gross Profit": 413,
        "Operating Income": 138,
        "EBIT": 197,
        "Net Income": 81
    },
    "2012-12-31": {
        "Diluted EPS": 1.33,
        "Total Revenue": 489,
        "Gross Profit": 397,
        "Operating Income": 115,
        "EBIT": 172,
        "Net Income": 62
    },
    "2012-09-30": {
        "Diluted EPS": -0.09,
        "Total Revenue": 372,
        "Gross Profit": 319,
        "Operating Income": 6,
        "EBIT": 63,
        "Net Income": -4
    },
    "2012-06-30": {
        "Diluted EPS": -0.08,
        "Total Revenue": 410,
        "Gross Profit": 318,
        "Operating Income": 15,
        "EBIT": 71,
        "Net Income": -4
    },
    "2012-03-31": {
        "Diluted EPS": 1.7,
        "Total Revenue": 658,
        "Gross Profit": 415,
        "Operating Income": 135,
        "EBIT": 189,
        "Net Income": 79
    },
    "2011-12-31": {
        "Diluted EPS": 1.2,
        "Total Revenue": 518,
        "Gross Profit": 372,
        "Operating Income": 102,
        "EBIT": 154,
        "Net Income": 55
    },
    "2011-09-30": {
        "Diluted EPS": -0.34,
        "Total Revenue": 353,
        "Gross Profit": 285,
        "Operating Income": 1,
        "EBIT": 52,
        "Net Income": -16
    },
    "2011-06-30": {
        "Diluted EPS": 0.09,
        "Total Revenue": 389,
        "Gross Profit": 271,
        "Operating Income": 21,
        "EBIT": 70,
        "Net Income": 4
    },
    "2011-03-31": {
        "Diluted EPS": 1.48,
        "Total Revenue": 628,
        "Gross Profit": 345,
        "Operating Income": 126,
        "EBIT": 175,
        "Net Income": 69
    },
    "2010-12-31": {
        "Diluted EPS": 0.98,
        "Total Revenue": 468,
        "Gross Profit": 313,
        "Operating Income": 86,
        "EBIT": 134,
        "Net Income": 45
    },
    "2010-09-30": {
        "Diluted EPS": -0.11,
        "Total Revenue": 308,
        "Gross Profit": 226,
        "Operating Income": 0,
        "EBIT": 48,
        "Net Income": -5
    },
    "2010-06-30": {
        "Diluted EPS": -0.02,
        "Total Revenue": 386,
        "Gross Profit": 238,
        "Operating Income": 24,
        "EBIT": 71,
        "Net Income": -1
    },
    "2010-03-31": {
        "Diluted EPS": 1.42,
        "Total Revenue": 669,
        "Gross Profit": 316,
        "Operating Income": 122,
        "EBIT": 169,
        "Net Income": 65
    },
    "2009-12-31": {
        "Diluted EPS": 1.01,
        "Total Revenue": 499,
        "Gross Profit": 300,
        "Operating Income": 90,
        "EBIT": 137,
        "Net Income": 46
    },
    "2009-09-30": {
        "Diluted EPS": -0.18,
        "Total Revenue": 318,
        "Gross Profit": 213,
        "Operating Income": 1,
        "EBIT": 47,
        "Net Income": -8
    },
    "2009-06-30": {
        "Diluted EPS": -0.01,
        "Total Revenue": 388,
        "Gross Profit": 220,
        "Operating Income": 15,
        "EBIT": 62,
        "Net Income": -1
    },
    "2009-03-31": {
        "Diluted EPS": 1.12,
        "Total Revenue": 690,
        "Gross Profit": 294,
        "Operating Income": 103,
        "EBIT": 151,
        "Net Income": 50
    },
    "2023-06-30": {
        "Tax Effect Of Unusual Items": NaN,
        "Tax Rate For Calcs": NaN,
        "Normalized EBITDA": NaN,
        "Total Unusual Items": NaN,
        "Total Unusual Items Excluding Goodwill": NaN,
        "Net Income From Continuing Operation Net Minority Interest": NaN,
        "Reconciled Depreciation": NaN,
        "Reconciled Cost Of Revenue": NaN,
        "EBITDA": NaN,
        "EBIT": NaN,
        "Net Interest Income": NaN,
        "Interest Expense": NaN,
        "Interest Income": NaN,
        "Normalized Income": NaN,
        "Net Income From Continuing And Discontinued Operation": NaN,
        "Total Expenses": NaN,
        "Total Operating Income As Reported": NaN,
        "Diluted Average Shares": 71722000.0,
        "Basic Average Shares": 71536000.0,
        "Diluted EPS": 0.4,
        "Basic EPS": 0.4,
        "Diluted NI Availto Com Stockholders": NaN,
        "Net Income Common Stockholders": NaN,
        "Net Income": NaN,
        "Minority Interests": NaN,
        "Net Income Including Noncontrolling Interests": NaN,
        "Net Income Continuous Operations": NaN,
        "Tax Provision": NaN,
        "Pretax Income": NaN,
        "Other Income Expense": NaN,
        "Other Non Operating Income Expenses": NaN,
        "Special Income Charges": NaN,
        "Other Special Charges": NaN,
        "Impairment Of Capital Assets": NaN,
        "Earnings From Equity Interest": NaN,
        "Gain On Sale Of Security": NaN,
        "Net Non Operating Interest Income Expense": NaN,
        "Interest Expense Non Operating": NaN,
        "Interest Income Non Operating": NaN,
        "Operating Income": NaN,
        "Operating Expense": NaN,
        "Other Taxes": NaN,
        "Depreciation Amortization Depletion Income Statement": NaN,
        "Depreciation And Amortization In Income Statement": NaN,
        "Selling General And Administration": NaN,
        "General And Administrative Expense": NaN,
        "Other Gand A": NaN,
        "Gross Profit": NaN,
        "Cost Of Revenue": NaN,
        "Total Revenue": NaN,
        "Operating Revenue": NaN
    },
    "2023-09-30": {
        "Tax Effect Of Unusual Items": NaN,
        "Tax Rate For Calcs": NaN,
        "Normalized EBITDA": NaN,
        "Total Unusual Items": NaN,
        "Total Unusual Items Excluding Goodwill": NaN,
        "Net Income From Continuing Operation Net Minority Interest": NaN,
        "Reconciled Depreciation": NaN,
        "Reconciled Cost Of Revenue": NaN,
        "EBITDA": NaN,
        "EBIT": NaN,
        "Net Interest Income": NaN,
        "Interest Expense": NaN,
        "Interest Income": NaN,
        "Normalized Income": NaN,
        "Net Income From Continuing And Discontinued Operation": NaN,
        "Total Expenses": NaN,
        "Total Operating Income As Reported": NaN,
        "Diluted Average Shares": 71851000.0,
        "Basic Average Shares": 71626000.0,
        "Diluted EPS": 0.04,
        "Basic EPS": 0.05,
        "Diluted NI Availto Com Stockholders": NaN,
        "Net Income Common Stockholders": NaN,
        "Net Income": NaN,
        "Minority Interests": NaN,
        "Net Income Including Noncontrolling Interests": NaN,
        "Net Income Continuous Operations": NaN,
        "Tax Provision": NaN,
        "Pretax Income": NaN,
        "Other Income Expense": NaN,
        "Other Non Operating Income Expenses": NaN,
        "Special Income Charges": NaN,
        "Other Special Charges": NaN,
        "Impairment Of Capital Assets": NaN,
        "Earnings From Equity Interest": NaN,
        "Gain On Sale Of Security": NaN,
        "Net Non Operating Interest Income Expense": NaN,
        "Interest Expense Non Operating": NaN,
        "Interest Income Non Operating": NaN,
        "Operating Income": NaN,
        "Operating Expense": NaN,
        "Other Taxes": NaN,
        "Depreciation Amortization Depletion Income Statement": NaN,
        "Depreciation And Amortization In Income Statement": NaN,
        "Selling General And Administration": NaN,
        "General And Administrative Expense": NaN,
        "Other Gand A": NaN,
        "Gross Profit": NaN,
        "Cost Of Revenue": NaN,
        "Total Revenue": NaN,
        "Operating Revenue": NaN
    },
    "2023-12-31": {
        "Tax Effect Of Unusual Items": NaN,
        "Tax Rate For Calcs": NaN,
        "Normalized EBITDA": NaN,
        "Total Unusual Items": NaN,
        "Total Unusual Items Excluding Goodwill": NaN,
        "Net Income From Continuing Operation Net Minority Interest": NaN,
        "Reconciled Depreciation": NaN,
        "Reconciled Cost Of Revenue": NaN,
        "EBITDA": NaN,
        "EBIT": NaN,
        "Net Interest Income": NaN,
        "Interest Expense": NaN,
        "Interest Income": NaN,
        "Normalized Income": NaN,
        "Net Income From Continuing And Discontinued Operation": NaN,
        "Total Expenses": NaN,
        "Total Operating Income As Reported": NaN,
        "Diluted Average Shares": NaN,
        "Basic Average Shares": NaN,
        "Diluted EPS": NaN,
        "Basic EPS": NaN,
        "Diluted NI Availto Com Stockholders": NaN,
        "Net Income Common Stockholders": NaN,
        "Net Income": NaN,
        "Minority Interests": NaN,
        "Net Income Including Noncontrolling Interests": NaN,
        "Net Income Continuous Operations": NaN,
        "Tax Provision": NaN,
        "Pretax Income": NaN,
        "Other Income Expense": NaN,
        "Other Non Operating Income Expenses": NaN,
        "Special Income Charges": NaN,
        "Other Special Charges": NaN,
        "Impairment Of Capital Assets": 0.0,
        "Earnings From Equity Interest": NaN,
        "Gain On Sale Of Security": NaN,
        "Net Non Operating Interest Income Expense": NaN,
        "Interest Expense Non Operating": NaN,
        "Interest Income Non Operating": NaN,
        "Operating Income": NaN,
        "Operating Expense": NaN,
        "Other Taxes": NaN,
        "Depreciation Amortization Depletion Income Statement": NaN,
        "Depreciation And Amortization In Income Statement": NaN,
        "Selling General And Administration": NaN,
        "General And Administrative Expense": NaN,
        "Other Gand A": NaN,
        "Gross Profit": NaN,
        "Cost Of Revenue": NaN,
        "Total Revenue": NaN,
        "Operating Revenue": NaN
    },
    "2024-03-31": {
        "Tax Effect Of Unusual Items": NaN,
        "Tax Rate For Calcs": NaN,
        "Normalized EBITDA": NaN,
        "Total Unusual Items": NaN,
        "Total Unusual Items Excluding Goodwill": NaN,
        "Net Income From Continuing Operation Net Minority Interest": NaN,
        "Reconciled Depreciation": NaN,
        "Reconciled Cost Of Revenue": NaN,
        "EBITDA": NaN,
        "EBIT": NaN,
        "Net Interest Income": NaN,
        "Interest Expense": NaN,
        "Interest Income": NaN,
        "Normalized Income": NaN,
        "Net Income From Continuing And Discontinued Operation": NaN,
        "Total Expenses": NaN,
        "Total Operating Income As Reported": NaN,
        "Diluted Average Shares": NaN,
        "Basic Average Shares": NaN,
        "Diluted EPS": NaN,
        "Basic EPS": NaN,
        "Diluted NI Availto Com Stockholders": NaN,
        "Net Income Common Stockholders": NaN,
        "Net Income": NaN,
        "Minority Interests": NaN,
        "Net Income Including Noncontrolling Interests": NaN,
        "Net Income Continuous Operations": NaN,
        "Tax Provision": NaN,
        "Pretax Income": NaN,
        "Other Income Expense": NaN,
        "Other Non Operating Income Expenses": NaN,
        "Special Income Charges": NaN,
        "Other Special Charges": NaN,
        "Impairment Of Capital Assets": 0.0,
        "Earnings From Equity Interest": NaN,
        "Gain On Sale Of Security": NaN,
        "Net Non Operating Interest Income Expense": NaN,
        "Interest Expense Non Operating": NaN,
        "Interest Income Non Operating": NaN,
        "Operating Income": NaN,
        "Operating Expense": NaN,
        "Other Taxes": NaN,
        "Depreciation Amortization Depletion Income Statement": NaN,
        "Depreciation And Amortization In Income Statement": NaN,
        "Selling General And Administration": NaN,
        "General And Administrative Expense": NaN,
        "Other Gand A": NaN,
        "Gross Profit": NaN,
        "Cost Of Revenue": NaN,
        "Total Revenue": NaN,
        "Operating Revenue": NaN
    },
    "2024-06-30": {
        "Tax Effect Of Unusual Items": 296891.968349,
        "Tax Rate For Calcs": 0.171416,
        "Normalized EBITDA": 192500000.0,
        "Total Unusual Items": 1732000.0,
        "Total Unusual Items Excluding Goodwill": 1732000.0,
        "Net Income From Continuing Operation Net Minority Interest": 18333000.0,
        "Reconciled Depreciation": 96072000.0,
        "Reconciled Cost Of Revenue": 981647000.0,
        "EBITDA": 194232000.0,
        "EBIT": 98160000.0,
        "Net Interest Income": -64632000.0,
        "Interest Expense": 73769000.0,
        "Interest Income": 9137000.0,
        "Normalized Income": 16897891.968349,
        "Net Income From Continuing And Discontinued Operation": 18333000.0,
        "Total Expenses": 1098927000.0,
        "Total Operating Income As Reported": 83221000.0,
        "Diluted Average Shares": 72015000.0,
        "Basic Average Shares": 71839000.0,
        "Diluted EPS": 0.25,
        "Basic EPS": 0.26,
        "Diluted NI Availto Com Stockholders": 18333000.0,
        "Net Income Common Stockholders": 18333000.0,
        "Net Income": 18333000.0,
        "Minority Interests": -1877000.0,
        "Net Income Including Noncontrolling Interests": 20210000.0,
        "Net Income Continuous Operations": 20210000.0,
        "Tax Provision": 4181000.0,
        "Pretax Income": 24391000.0,
        "Other Income Expense": 5782000.0,
        "Other Non Operating Income Expenses": 4094000.0,
        "Special Income Charges": 1835000.0,
        "Other Special Charges": -1835000.0,
        "Impairment Of Capital Assets": 0.0,
        "Earnings From Equity Interest": -44000.0,
        "Gain On Sale Of Security": -103000.0,
        "Net Non Operating Interest Income Expense": -64632000.0,
        "Interest Expense Non Operating": 73769000.0,
        "Interest Income Non Operating": 9137000.0,
        "Operating Income": 83241000.0,
        "Operating Expense": 117280000.0,
        "Other Taxes": 21228000.0,
        "Depreciation Amortization Depletion Income Statement": 96072000.0,
        "Depreciation And Amortization In Income Statement": 96072000.0,
        "Selling General And Administration": -20000.0,
        "General And Administrative Expense": -20000.0,
        "Other Gand A": -20000.0,
        "Gross Profit": 200521000.0,
        "Cost Of Revenue": 981647000.0,
        "Total Revenue": 1182168000.0,
        "Operating Revenue": 1164721000.0
    },
    "2024-09-30": {
        "Tax Effect Of Unusual Items": 392490.0,
        "Tax Rate For Calcs": 0.21,
        "Normalized EBITDA": 183734000.0,
        "Total Unusual Items": 1869000.0,
        "Total Unusual Items Excluding Goodwill": 1869000.0,
        "Net Income From Continuing Operation Net Minority Interest": 289000.0,
        "Reconciled Depreciation": 107361000.0,
        "Reconciled Cost Of Revenue": 888056000.0,
        "EBITDA": 185603000.0,
        "EBIT": 78242000.0,
        "Net Interest Income": -68995000.0,
        "Interest Expense": 77731000.0,
        "Interest Income": 8736000.0,
        "Normalized Income": -1187510.0,
        "Net Income From Continuing And Discontinued Operation": 289000.0,
        "Total Expenses": 1017766000.0,
        "Total Operating Income As Reported": 61484000.0,
        "Diluted Average Shares": 72086000.0,
        "Basic Average Shares": 71880000.0,
        "Diluted EPS": 0.004009,
        "Basic EPS": 0.004021,
        "Diluted NI Availto Com Stockholders": 289000.0,
        "Net Income Common Stockholders": 289000.0,
        "Net Income": 289000.0,
        "Minority Interests": -2374000.0,
        "Net Income Including Noncontrolling Interests": 2663000.0,
        "Net Income Continuous Operations": 2663000.0,
        "Tax Provision": -2152000.0,
        "Pretax Income": 511000.0,
        "Other Income Expense": 8088000.0,
        "Other Non Operating Income Expenses": 6092000.0,
        "Special Income Charges": 1874000.0,
        "Other Special Charges": -1874000.0,
        "Impairment Of Capital Assets": 0.0,
        "Earnings From Equity Interest": 127000.0,
        "Gain On Sale Of Security": -5000.0,
        "Net Non Operating Interest Income Expense": -68995000.0,
        "Interest Expense Non Operating": 77731000.0,
        "Interest Income Non Operating": 8736000.0,
        "Operating Income": 61418000.0,
        "Operating Expense": 129710000.0,
        "Other Taxes": 22283000.0,
        "Depreciation Amortization Depletion Income Statement": 107361000.0,
        "Depreciation And Amortization In Income Statement": 107361000.0,
        "Selling General And Administration": 66000.0,
        "General And Administrative Expense": 66000.0,
        "Other Gand A": 66000.0,
        "Gross Profit": 191128000.0,
        "Cost Of Revenue": 888056000.0,
        "Total Revenue": 1079184000.0,
        "Operating Revenue": 1079184000.0
    },
    "2024-12-31": {
        "Tax Effect Of Unusual Items": 155892.083434,
        "Tax Rate For Calcs": 0.155271,
        "Normalized EBITDA": 300552000.0,
        "Total Unusual Items": 1004000.0,
        "Total Unusual Items Excluding Goodwill": 1004000.0,
        "Net Income From Continuing Operation Net Minority Interest": 92456000.0,
        "Reconciled Depreciation": 115865000.0,
        "Reconciled Cost Of Revenue": 950780000.0,
        "EBITDA": 301556000.0,
        "EBIT": 185691000.0,
        "Net Interest Income": -68006000.0,
        "Interest Expense": 73938000.0,
        "Interest Income": 5932000.0,
        "Normalized Income": 91607892.083434,
        "Net Income From Continuing And Discontinued Operation": 92456000.0,
        "Total Expenses": 1089223000.0,
        "Total Operating Income As Reported": 180941000.0,
        "Diluted Average Shares": 72231250.0,
        "Basic Average Shares": 71916000.0,
        "Diluted EPS": 1.28,
        "Basic EPS": 1.29,
        "Diluted NI Availto Com Stockholders": 92456000.0,
        "Net Income Common Stockholders": 92456000.0,
        "Net Income": 92456000.0,
        "Minority Interests": -1945000.0,
        "Net Income Including Noncontrolling Interests": 94401000.0,
        "Net Income Continuous Operations": 94401000.0,
        "Tax Provision": 17352000.0,
        "Pretax Income": 111753000.0,
        "Other Income Expense": -1155000.0,
        "Other Non Operating Income Expenses": -2378000.0,
        "Special Income Charges": 1049000.0,
        "Other Special Charges": -1049000.0,
        "Impairment Of Capital Assets": 0.0,
        "Earnings From Equity Interest": 219000.0,
        "Gain On Sale Of Security": -45000.0,
        "Net Non Operating Interest Income Expense": -68006000.0,
        "Interest Expense Non Operating": 73938000.0,
        "Interest Income Non Operating": 5932000.0,
        "Operating Income": 180914000.0,
        "Operating Expense": 138443000.0,
        "Other Taxes": 22551000.0,
        "Depreciation Amortization Depletion Income Statement": 115865000.0,
        "Depreciation And Amortization In Income Statement": 115865000.0,
        "Selling General And Administration": 27000.0,
        "General And Administrative Expense": 27000.0,
        "Other Gand A": 27000.0,
        "Gross Profit": 319357000.0,
        "Cost Of Revenue": 950780000.0,
        "Total Revenue": 1270137000.0,
        "Operating Revenue": 1270137000.0
    },
    "2025-03-31": {
        "Tax Effect Of Unusual Items": 272296.0,
        "Tax Rate For Calcs": 0.202,
        "Normalized EBITDA": 335702000.0,
        "Total Unusual Items": 1348000.0,
        "Total Unusual Items Excluding Goodwill": 1348000.0,
        "Net Income From Continuing Operation Net Minority Interest": 113870000.0,
        "Reconciled Depreciation": 127913000.0,
        "Reconciled Cost Of Revenue": 944401000.0,
        "EBITDA": 337050000.0,
        "EBIT": 209137000.0,
        "Net Interest Income": -66471000.0,
        "Interest Expense": 72281000.0,
        "Interest Income": 5810000.0,
        "Normalized Income": 112794296.0,
        "Net Income From Continuing And Discontinued Operation": 113870000.0,
        "Total Expenses": 1096182000.0,
        "Total Operating Income As Reported": 200422000.0,
        "Diluted Average Shares": 72138000.0,
        "Basic Average Shares": 72012000.0,
        "Diluted EPS": 1.58,
        "Basic EPS": 1.58,
        "Diluted NI Availto Com Stockholders": 113870000.0,
        "Net Income Common Stockholders": 113870000.0,
        "Net Income": 113870000.0,
        "Minority Interests": 4683000.0,
        "Net Income Including Noncontrolling Interests": 109187000.0,
        "Net Income Continuous Operations": 109187000.0,
        "Tax Provision": 27669000.0,
        "Pretax Income": 136856000.0,
        "Other Income Expense": 3012000.0,
        "Other Non Operating Income Expenses": 1592000.0,
        "Special Income Charges": 1353000.0,
        "Other Special Charges": -1353000.0,
        "Impairment Of Capital Assets": NaN,
        "Earnings From Equity Interest": 72000.0,
        "Gain On Sale Of Security": -5000.0,
        "Net Non Operating Interest Income Expense": -66471000.0,
        "Interest Expense Non Operating": 72281000.0,
        "Interest Income Non Operating": 5810000.0,
        "Operating Income": 200315000.0,
        "Operating Expense": 151781000.0,
        "Other Taxes": 23761000.0,
        "Depreciation Amortization Depletion Income Statement": 127913000.0,
        "Depreciation And Amortization In Income Statement": 127913000.0,
        "Selling General And Administration": 107000.0,
        "General And Administrative Expense": 107000.0,
        "Other Gand A": 107000.0,
        "Gross Profit": 352096000.0,
        "Cost Of Revenue": 944401000.0,
        "Total Revenue": 1296497000.0,
        "Operating Revenue": 1296497000.0
    },
    "2025-06-30": {
        "Tax Effect Of Unusual Items": 322140.0,
        "Tax Rate For Calcs": 0.21,
        "Normalized EBITDA": 215506000.0,
        "Total Unusual Items": 1534000.0,
        "Total Unusual Items Excluding Goodwill": 1534000.0,
        "Net Income From Continuing Operation Net Minority Interest": -12883000.0,
        "Reconciled Depreciation": 103163000.0,
        "Reconciled Cost Of Revenue": 898501000.0,
        "EBITDA": 217040000.0,
        "EBIT": 113877000.0,
        "Net Interest Income": -65795000.0,
        "Interest Expense": 71612000.0,
        "Interest Income": 5817000.0,
        "Normalized Income": -14094860.0,
        "Net Income From Continuing And Discontinued Operation": -12883000.0,
        "Total Expenses": 1024654000.0,
        "Total Operating Income As Reported": 95456000.0,
        "Diluted Average Shares": 72088000.0,
        "Basic Average Shares": 72088000.0,
        "Diluted EPS": -0.18,
        "Basic EPS": -0.18,
        "Diluted NI Availto Com Stockholders": -12883000.0,
        "Net Income Common Stockholders": -12883000.0,
        "Net Income": -12883000.0,
        "Minority Interests": -2554000.0,
        "Net Income Including Noncontrolling Interests": -10329000.0,
        "Net Income Continuous Operations": -10329000.0,
        "Tax Provision": 52594000.0,
        "Pretax Income": 42265000.0,
        "Other Income Expense": 12344000.0,
        "Other Non Operating Income Expenses": 10733000.0,
        "Special Income Charges": 1558000.0,
        "Other Special Charges": -1558000.0,
        "Impairment Of Capital Assets": NaN,
        "Earnings From Equity Interest": 77000.0,
        "Gain On Sale Of Security": -24000.0,
        "Net Non Operating Interest Income Expense": -65795000.0,
        "Interest Expense Non Operating": 71612000.0,
        "Interest Income Non Operating": 5817000.0,
        "Operating Income": 95716000.0,
        "Operating Expense": 126153000.0,
        "Other Taxes": 23250000.0,
        "Depreciation Amortization Depletion Income Statement": 103163000.0,
        "Depreciation And Amortization In Income Statement": 103163000.0,
        "Selling General And Administration": -260000.0,
        "General And Administrative Expense": -260000.0,
        "Other Gand A": -260000.0,
        "Gross Profit": 221869000.0,
        "Cost Of Revenue": 898501000.0,
        "Total Revenue": 1120370000.0,
        "Operating Revenue": 1092913000.0
    }
}