{
    "2023-03-31": {
        "Tax Effect Of Unusual Items": 0.0,
        "Tax Rate For Calcs": 0.278,
        "Normalized EBITDA": 67000000.0,
        "Total Unusual Items": NaN,
        "Total Unusual Items Excluding Goodwill": NaN,
        "Net Income From Continuing Operation Net Minority Interest": 16300000.0,
        "Reconciled Depreciation": 35300000.0,
        "Reconciled Cost Of Revenue": 402000000.0,
        "EBITDA": 67000000.0,
        "EBIT": 31700000.0,
        "Net Interest Income": -7200000.0,
        "Interest Expense": 7200000.0,
        "Normalized Income": 16300000.0,
        "Net Income From Continuing And Discontinued Operation": 16300000.0,
        "Total Expenses": 456100000.0,
        "Total Operating Income As Reported": 31700000.0,
        "Diluted Average Shares": 84900000.0,
        "Basic Average Shares": 84500000.0,
        "Diluted EPS": 0.19,
        "Basic EPS": 0.19,
        "Diluted NI Availto Com Stockholders": 16300000.0,
        "Net Income Common Stockholders": 16300000.0,
        "Net Income": 16300000.0,
        "Minority Interests": -1400000.0,
        "Net Income Including Noncontrolling Interests": 17700000.0,
        "Net Income Continuous Operations": 17700000.0,
        "Tax Provision": 6800000.0,
        "Pretax Income": 24500000.0,
        "Special Income Charges": NaN,
        "Net Non Operating Interest Income Expense": -7200000.0,
        "Interest Expense Non Operating": 7200000.0,
        "Operating Income": 31700000.0,
        "Operating Expense": 54100000.0,
        "Depreciation Amortization Depletion Income Statement": 35300000.0,
        "Depreciation And Amortization In Income Statement": 35300000.0,
        "Selling General And Administration": 18800000.0,
        "Gross Profit": 85800000.0,
        "Cost Of Revenue": 402000000.0,
        "Total Revenue": 487800000.0,
        "Operating Revenue": 485600000.0
    },
    "2022-12-31": {
        "Tax Effect Of Unusual Items": NaN,
        "Tax Rate For Calcs": NaN,
        "Normalized EBITDA": NaN,
        "Total Unusual Items": 0.0,
        "Total Unusual Items Excluding Goodwill": 0.0,
        "Net Income From Continuing Operation Net Minority Interest": NaN,
        "Reconciled Depreciation": NaN,
        "Reconciled Cost Of Revenue": NaN,
        "EBITDA": NaN,
        "EBIT": NaN,
        "Net Interest Income": NaN,
        "Interest Expense": NaN,
        "Normalized Income": NaN,
        "Net Income From Continuing And Discontinued Operation": NaN,
        "Total Expenses": NaN,
        "Total Operating Income As Reported": NaN,
        "Diluted Average Shares": NaN,
        "Basic Average Shares": NaN,
        "Diluted EPS": NaN,
        "Basic EPS": NaN,
        "Diluted NI Availto Com Stockholders": NaN,
        "Net Income Common Stockholders": NaN,
        "Net Income": NaN,
        "Minority Interests": NaN,
        "Net Income Including Noncontrolling Interests": NaN,
        "Net Income Continuous Operations": NaN,
        "Tax Provision": NaN,
        "Pretax Income": NaN,
        "Special Income Charges": 0.0,
        "Net Non Operating Interest Income Expense": NaN,
        "Interest Expense Non Operating": NaN,
        "Operating Income": NaN,
        "Operating Expense": NaN,
        "Depreciation Amortization Depletion Income Statement": NaN,
        "Depreciation And Amortization In Income Statement": NaN,
        "Selling General And Administration": NaN,
        "Gross Profit": NaN,
        "Cost Of Revenue": NaN,
        "Total Revenue": NaN,
        "Operating Revenue": NaN
    },
    "2022-09-30": {
        "Tax Effect Of Unusual Items": NaN,
        "Tax Rate For Calcs": NaN,
        "Normalized EBITDA": NaN,
        "Total Unusual Items": 0.0,
        "Total Unusual Items Excluding Goodwill": 0.0,
        "Net Income From Continuing Operation Net Minority Interest": NaN,
        "Reconciled Depreciation": NaN,
        "Reconciled Cost Of Revenue": NaN,
        "EBITDA": NaN,
        "EBIT": NaN,
        "Net Interest Income": NaN,
        "Interest Expense": NaN,
        "Normalized Income": NaN,
        "Net Income From Continuing And Discontinued Operation": NaN,
        "Total Expenses": NaN,
        "Total Operating Income As Reported": NaN,
        "Diluted Average Shares": NaN,
        "Basic Average Shares": NaN,
        "Diluted EPS": NaN,
        "Basic EPS": NaN,
        "Diluted NI Availto Com Stockholders": NaN,
        "Net Income Common Stockholders": NaN,
        "Net Income": NaN,
        "Minority Interests": NaN,
        "Net Income Including Noncontrolling Interests": NaN,
        "Net Income Continuous Operations": NaN,
        "Tax Provision": NaN,
        "Pretax Income": NaN,
        "Special Income Charges": 0.0,
        "Net Non Operating Interest Income Expense": NaN,
        "Interest Expense Non Operating": NaN,
        "Operating Income": NaN,
        "Operating Expense": NaN,
        "Depreciation Amortization Depletion Income Statement": NaN,
        "Depreciation And Amortization In Income Statement": NaN,
        "Selling General And Administration": NaN,
        "Gross Profit": NaN,
        "Cost Of Revenue": NaN,
        "Total Revenue": NaN,
        "Operating Revenue": NaN
    },
    "2022-06-30": {
        "Tax Effect Of Unusual Items": 0.0,
        "Tax Rate For Calcs": 0.275,
        "Normalized EBITDA": 70300000.0,
        "Total Unusual Items": 0.0,
        "Total Unusual Items Excluding Goodwill": 0.0,
        "Net Income From Continuing Operation Net Minority Interest": 18000000.0,
        "Reconciled Depreciation": 35800000.0,
        "Reconciled Cost Of Revenue": 411800000.0,
        "EBITDA": 70300000.0,
        "EBIT": 34500000.0,
        "Net Interest Income": -8300000.0,
        "Interest Expense": 8300000.0,
        "Normalized Income": 18000000.0,
        "Net Income From Continuing And Discontinued Operation": 18000000.0,
        "Total Expenses": 467400000.0,
        "Total Operating Income As Reported": 34500000.0,
        "Diluted Average Shares": 84600000.0,
        "Basic Average Shares": 83900000.0,
        "Diluted EPS": 0.21,
        "Basic EPS": 0.21,
        "Diluted NI Availto Com Stockholders": 18000000.0,
        "Net Income Common Stockholders": 18000000.0,
        "Net Income": 18000000.0,
        "Minority Interests": -1000000.0,
        "Net Income Including Noncontrolling Interests": 19000000.0,
        "Net Income Continuous Operations": 19000000.0,
        "Tax Provision": 7200000.0,
        "Pretax Income": 26200000.0,
        "Special Income Charges": 0.0,
        "Net Non Operating Interest Income Expense": -8300000.0,
        "Interest Expense Non Operating": 8300000.0,
        "Operating Income": 34500000.0,
        "Operating Expense": 55600000.0,
        "Depreciation Amortization Depletion Income Statement": 35800000.0,
        "Depreciation And Amortization In Income Statement": 35800000.0,
        "Selling General And Administration": 19800000.0,
        "Gross Profit": 90100000.0,
        "Cost Of Revenue": 411800000.0,
        "Total Revenue": 501900000.0,
        "Operating Revenue": 501200000.0
    },
    "2023-06-30": {
        "Tax Effect Of Unusual Items": 0.0,
        "Tax Rate For Calcs": 0.274,
        "Normalized EBITDA": 73900000.0,
        "Net Income From Continuing Operation Net Minority Interest": 20400000.0,
        "Reconciled Depreciation": 36400000.0,
        "Reconciled Cost Of Revenue": 443100000.0,
        "EBITDA": 73900000.0,
        "EBIT": 37500000.0,
        "Net Interest Income": -7200000.0,
        "Interest Expense": 7200000.0,
        "Normalized Income": 20400000.0,
        "Net Income From Continuing And Discontinued Operation": 20400000.0,
        "Total Expenses": 496900000.0,
        "Total Operating Income As Reported": 37500000.0,
        "Diluted Average Shares": 84900000.0,
        "Basic Average Shares": 84700000.0,
        "Diluted EPS": 0.24,
        "Basic EPS": 0.24,
        "Diluted NI Availto Com Stockholders": 20400000.0,
        "Net Income Common Stockholders": 20400000.0,
        "Net Income": 20400000.0,
        "Minority Interests": -1600000.0,
        "Net Income Including Noncontrolling Interests": 22000000.0,
        "Net Income Continuous Operations": 22000000.0,
        "Tax Provision": 8300000.0,
        "Pretax Income": 30300000.0,
        "Net Non Operating Interest Income Expense": -7200000.0,
        "Interest Expense Non Operating": 7200000.0,
        "Operating Income": 37500000.0,
        "Operating Expense": 53800000.0,
        "Depreciation Amortization Depletion Income Statement": 36400000.0,
        "Depreciation And Amortization In Income Statement": 36400000.0,
        "Selling General And Administration": 17400000.0,
        "Gross Profit": 91300000.0,
        "Cost Of Revenue": 443100000.0,
        "Total Revenue": 534400000.0,
        "Operating Revenue": 532500000.0
    },
    "2022-03-31": {
        "Diluted EPS": 0.35,
        "Total Revenue": 440,
        "Gross Profit": 102,
        "Operating Income": 49,
        "EBIT": 84,
        "Net Income": 30
    },
    "2021-12-31": {
        "Diluted EPS": 0.16,
        "Total Revenue": 365,
        "Gross Profit": 76,
        "Operating Income": 28,
        "EBIT": 63,
        "Net Income": 13
    },
    "2021-09-30": {
        "Diluted EPS": 0.27,
        "Total Revenue": 367,
        "Gross Profit": 89,
        "Operating Income": 41,
        "EBIT": 74,
        "Net Income": 23
    },
    "2021-06-30": {
        "Diluted EPS": -0.11,
        "Total Revenue": 364,
        "Gross Profit": 86,
        "Operating Income": 34,
        "EBIT": 68,
        "Net Income": -9
    },
    "2021-03-31": {
        "Diluted EPS": 0.2,
        "Total Revenue": 360,
        "Gross Profit": 86,
        "Operating Income": 38,
        "EBIT": 71,
        "Net Income": 17
    },
    "2020-12-31": {
        "Diluted EPS": -0.07,
        "Total Revenue": 310,
        "Gross Profit": 67,
        "Operating Income": 5,
        "EBIT": 37,
        "Net Income": -5
    },
    "2020-09-30": {
        "Diluted EPS": -0.03,
        "Total Revenue": 302,
        "Gross Profit": 64,
        "Operating Income": 12,
        "EBIT": 46,
        "Net Income": -3
    },
    "2020-06-30": {
        "Diluted EPS": 0.08,
        "Total Revenue": 338,
        "Gross Profit": 76,
        "Operating Income": 25,
        "EBIT": 59,
        "Net Income": 7
    },
    "2020-03-31": {
        "Diluted EPS": 0.06,
        "Total Revenue": 383,
        "Gross Profit": 78,
        "Operating Income": 28,
        "EBIT": 62,
        "Net Income": 5
    },
    "2019-12-31": {
        "Diluted EPS": -0.35,
        "Total Revenue": 397,
        "Gross Profit": 73,
        "Operating Income": 17,
        "EBIT": 51,
        "Net Income": -1
    },
    "2019-09-30": {
        "Diluted EPS": -1.81,
        "Total Revenue": 404,
        "Gross Profit": 85,
        "Operating Income": -212,
        "EBIT": -177,
        "Net Income": -163
    },
    "2019-06-30": {
        "Diluted EPS": 0.03,
        "Total Revenue": 408,
        "Gross Profit": 81,
        "Operating Income": 22,
        "EBIT": 59,
        "Net Income": 2
    },
    "2019-03-31": {
        "Diluted EPS": 0.15,
        "Total Revenue": 391,
        "Gross Profit": 84,
        "Operating Income": 30,
        "EBIT": 67,
        "Net Income": 10
    },
    "2018-12-31": {
        "Diluted EPS": 0.03,
        "Total Revenue": 369,
        "Gross Profit": 81,
        "Operating Income": 23,
        "EBIT": 64,
        "Net Income": 2
    },
    "2018-09-30": {
        "Diluted EPS": 0.18,
        "Total Revenue": 365,
        "Gross Profit": 81,
        "Operating Income": 30,
        "EBIT": 66,
        "Net Income": 12
    },
    "2018-06-30": {
        "Diluted EPS": 0.06,
        "Total Revenue": 367,
        "Gross Profit": 84,
        "Operating Income": 35,
        "EBIT": 67,
        "Net Income": 4
    },
    "2018-03-31": {
        "Diluted EPS": 0.13,
        "Total Revenue": 351,
        "Gross Profit": 80,
        "Operating Income": 31,
        "EBIT": 64,
        "Net Income": 9
    },
    "2017-12-31": {
        "Diluted EPS": 2.06,
        "Total Revenue": 360,
        "Gross Profit": 88,
        "Operating Income": 39,
        "EBIT": 70,
        "Net Income": 134
    },
    "2017-09-30": {
        "Diluted EPS": 0.18,
        "Total Revenue": 339,
        "Gross Profit": 82,
        "Operating Income": 34,
        "EBIT": 65,
        "Net Income": 12
    },
    "2017-06-30": {
        "Diluted EPS": -0.38,
        "Total Revenue": 323,
        "Gross Profit": 66,
        "Operating Income": 9,
        "EBIT": 42,
        "Net Income": -24
    },
    "2017-03-31": {
        "Diluted EPS": 0.02,
        "Total Revenue": 310,
        "Gross Profit": 76,
        "Operating Income": 23,
        "EBIT": 56,
        "Net Income": 1
    },
    "2016-12-31": {
        "Diluted EPS": 0.25,
        "Total Revenue": 326,
        "Gross Profit": 101,
        "Operating Income": 49,
        "EBIT": 80,
        "Net Income": 17
    },
    "2016-09-30": {
        "Diluted EPS": 0.1,
        "Total Revenue": 294,
        "Gross Profit": 76,
        "Operating Income": 29,
        "EBIT": 55,
        "Net Income": 6
    },
    "2016-06-30": {
        "Diluted EPS": -0.07,
        "Total Revenue": 293,
        "Gross Profit": 68,
        "Operating Income": 11,
        "EBIT": 40,
        "Net Income": -5
    },
    "2016-03-31": {
        "Diluted EPS": -0.06,
        "Total Revenue": 311,
        "Gross Profit": 72,
        "Operating Income": 10,
        "EBIT": 38,
        "Net Income": -4
    },
    "2015-12-31": {
        "Diluted EPS": 0.29,
        "Total Revenue": 354,
        "Gross Profit": 80,
        "Operating Income": 25,
        "EBIT": 58,
        "Net Income": 19
    },
    "2015-09-30": {
        "Diluted EPS": -0.36,
        "Total Revenue": 337,
        "Gross Profit": 71,
        "Operating Income": 23,
        "EBIT": 49,
        "Net Income": -24
    },
    "2015-06-30": {
        "Diluted EPS": -0.21,
        "Total Revenue": 348,
        "Gross Profit": 52,
        "Operating Income": 6,
        "EBIT": 33,
        "Net Income": -14
    },
    "2015-03-31": {
        "Diluted EPS": -0.06,
        "Total Revenue": 324,
        "Gross Profit": 62,
        "Operating Income": 26,
        "EBIT": 49,
        "Net Income": -4
    },
    "2014-12-31": {
        "Diluted EPS": -0.96,
        "Total Revenue": 402,
        "Gross Profit": 65,
        "Operating Income": -31,
        "EBIT": -5,
        "Net Income": -66
    },
    "2014-09-30": {
        "Diluted EPS": -0.05,
        "Total Revenue": 377,
        "Gross Profit": 84,
        "Operating Income": 26,
        "EBIT": 49,
        "Net Income": -4
    },
    "2014-06-30": {
        "Diluted EPS": -0.71,
        "Total Revenue": 372,
        "Gross Profit": 82,
        "Operating Income": -71,
        "EBIT": -38,
        "Net Income": -49
    },
    "2014-03-31": {
        "Diluted EPS": -0.11,
        "Total Revenue": 353,
        "Gross Profit": 59,
        "Operating Income": 14,
        "EBIT": 38,
        "Net Income": -8
    },
    "2013-12-31": {
        "Diluted EPS": 0.16,
        "Total Revenue": 417,
        "Gross Profit": 83,
        "Operating Income": 26,
        "EBIT": 65,
        "Net Income": 11
    },
    "2013-09-30": {
        "Diluted EPS": 0.09,
        "Total Revenue": 373,
        "Gross Profit": 74,
        "Operating Income": 32,
        "EBIT": 42,
        "Net Income": 6
    },
    "2013-06-30": {
        "Diluted EPS": 0.08,
        "Total Revenue": 404,
        "Gross Profit": 71,
        "Operating Income": 26,
        "EBIT": 50,
        "Net Income": 6
    },
    "2013-03-31": {
        "Diluted EPS": 0.03,
        "Total Revenue": 454,
        "Gross Profit": 72,
        "Operating Income": 27,
        "EBIT": 51,
        "Net Income": 2
    },
    "2012-12-31": {
        "Diluted EPS": 0.4,
        "Total Revenue": 442,
        "Gross Profit": 44,
        "Operating Income": 18,
        "EBIT": 26,
        "Net Income": 28
    },
    "2012-09-30": {
        "Diluted EPS": 0.45,
        "Total Revenue": 481,
        "Gross Profit": 92,
        "Operating Income": 53,
        "EBIT": 72,
        "Net Income": 32
    },
    "2012-06-30": {
        "Diluted EPS": 0.32,
        "Total Revenue": 461,
        "Gross Profit": 84,
        "Operating Income": 43,
        "EBIT": 63,
        "Net Income": 23
    },
    "2012-03-31": {
        "Diluted EPS": 0.24,
        "Total Revenue": 481,
        "Gross Profit": 73,
        "Operating Income": 34,
        "EBIT": 52,
        "Net Income": 17
    },
    "2011-12-31": {
        "Diluted EPS": 0.12,
        "Total Revenue": 424,
        "Gross Profit": 52,
        "Operating Income": 12,
        "EBIT": 28,
        "Net Income": 8
    },
    "2011-09-30": {
        "Diluted EPS": 0.26,
        "Total Revenue": 404,
        "Gross Profit": 71,
        "Operating Income": 30,
        "EBIT": 45,
        "Net Income": 18
    },
    "2011-06-30": {
        "Diluted EPS": 0.32,
        "Total Revenue": 378,
        "Gross Profit": 59,
        "Operating Income": 22,
        "EBIT": 36,
        "Net Income": 23
    },
    "2011-03-31": {
        "Diluted EPS": 0.17,
        "Total Revenue": 333,
        "Gross Profit": 52,
        "Operating Income": 4,
        "EBIT": 17,
        "Net Income": 12
    },
    "2010-12-31": {
        "Diluted EPS": 0.0,
        "Total Revenue": NaN,
        "Gross Profit": NaN,
        "Operating Income": NaN,
        "EBIT": NaN,
        "Net Income": NaN
    },
    "2010-09-30": {
        "Diluted EPS": 0.53,
        "Total Revenue": 332,
        "Gross Profit": 77,
        "Operating Income": 48,
        "EBIT": 62,
        "Net Income": 37
    },
    "2010-06-30": {
        "Diluted EPS": 0.0,
        "Total Revenue": 349,
        "Gross Profit": 83,
        "Operating Income": 58,
        "EBIT": 58,
        "Net Income": 44
    },
    "2009-12-31": {
        "Diluted EPS": 0.0,
        "Total Revenue": NaN,
        "Gross Profit": NaN,
        "Operating Income": NaN,
        "EBIT": NaN,
        "Net Income": NaN
    },
    "2023-09-30": {
        "Tax Effect Of Unusual Items": 0.0,
        "Tax Rate For Calcs": 0.21,
        "Normalized EBITDA": 65200000.0,
        "Net Income From Continuing Operation Net Minority Interest": 7000000.0,
        "Reconciled Depreciation": 35500000.0,
        "Reconciled Cost Of Revenue": 436100000.0,
        "EBITDA": 65200000.0,
        "EBIT": 29700000.0,
        "Net Interest Income": -6600000.0,
        "Interest Expense": 6600000.0,
        "Normalized Income": 7000000.0,
        "Net Income From Continuing And Discontinued Operation": 7000000.0,
        "Total Expenses": 490700000.0,
        "Total Operating Income As Reported": 29700000.0,
        "Diluted Average Shares": 85100000.0,
        "Basic Average Shares": 84800000.0,
        "Diluted EPS": 0.08,
        "Basic EPS": 0.08,
        "Diluted NI Availto Com Stockholders": 7000000.0,
        "Net Income Common Stockholders": 7000000.0,
        "Net Income": 7000000.0,
        "Minority Interests": -1500000.0,
        "Net Income Including Noncontrolling Interests": 8500000.0,
        "Net Income Continuous Operations": 8500000.0,
        "Tax Provision": 14600000.0,
        "Pretax Income": 23100000.0,
        "Net Non Operating Interest Income Expense": -6600000.0,
        "Interest Expense Non Operating": 6600000.0,
        "Operating Income": 29700000.0,
        "Operating Expense": 54600000.0,
        "Depreciation Amortization Depletion Income Statement": 35500000.0,
        "Depreciation And Amortization In Income Statement": 35500000.0,
        "Selling General And Administration": 19100000.0,
        "Gross Profit": 84300000.0,
        "Cost Of Revenue": 436100000.0,
        "Total Revenue": 520400000.0,
        "Operating Revenue": 518300000.0
    },
    "2023-12-31": {
        "Tax Effect Of Unusual Items": 0.0,
        "Tax Rate For Calcs": 0.231156,
        "Normalized EBITDA": 61800000.0,
        "Net Income From Continuing Operation Net Minority Interest": 13800000.0,
        "Reconciled Depreciation": 35600000.0,
        "Reconciled Cost Of Revenue": 443400000.0,
        "EBITDA": 61800000.0,
        "EBIT": 26200000.0,
        "Net Interest Income": -6300000.0,
        "Interest Expense": 6300000.0,
        "Normalized Income": 13800000.0,
        "Net Income From Continuing And Discontinued Operation": 13800000.0,
        "Total Expenses": 494400000.0,
        "Total Operating Income As Reported": 26200000.0,
        "Diluted Average Shares": 85000000.0,
        "Basic Average Shares": 84800000.0,
        "Diluted EPS": 0.16,
        "Basic EPS": 0.16,
        "Diluted NI Availto Com Stockholders": 13800000.0,
        "Net Income Common Stockholders": 13800000.0,
        "Net Income": 13800000.0,
        "Minority Interests": -1500000.0,
        "Net Income Including Noncontrolling Interests": 15300000.0,
        "Net Income Continuous Operations": 15300000.0,
        "Tax Provision": 4600000.0,
        "Pretax Income": 19900000.0,
        "Net Non Operating Interest Income Expense": -6300000.0,
        "Interest Expense Non Operating": 6300000.0,
        "Operating Income": 26200000.0,
        "Operating Expense": 51000000.0,
        "Depreciation Amortization Depletion Income Statement": 35600000.0,
        "Depreciation And Amortization In Income Statement": 35600000.0,
        "Selling General And Administration": 15400000.0,
        "Gross Profit": 77200000.0,
        "Cost Of Revenue": 443400000.0,
        "Total Revenue": 520600000.0,
        "Operating Revenue": 517700000.0
    },
    "2024-03-31": {
        "Tax Effect Of Unusual Items": 0.0,
        "Tax Rate For Calcs": 0.252,
        "Normalized EBITDA": 67800000.0,
        "Net Income From Continuing Operation Net Minority Interest": 20000000.0,
        "Reconciled Depreciation": 33300000.0,
        "Reconciled Cost Of Revenue": 402200000.0,
        "EBITDA": 67800000.0,
        "EBIT": 34500000.0,
        "Net Interest Income": -6300000.0,
        "Interest Expense": 6300000.0,
        "Normalized Income": 20000000.0,
        "Net Income From Continuing And Discontinued Operation": 20000000.0,
        "Total Expenses": 453900000.0,
        "Total Operating Income As Reported": 34500000.0,
        "Diluted Average Shares": 85300000.0,
        "Basic Average Shares": 85000000.0,
        "Diluted EPS": 0.23,
        "Basic EPS": 0.24,
        "Diluted NI Availto Com Stockholders": 20000000.0,
        "Net Income Common Stockholders": 20000000.0,
        "Net Income": 20000000.0,
        "Minority Interests": -1100000.0,
        "Net Income Including Noncontrolling Interests": 21100000.0,
        "Net Income Continuous Operations": 21100000.0,
        "Tax Provision": 7100000.0,
        "Pretax Income": 28200000.0,
        "Net Non Operating Interest Income Expense": -6300000.0,
        "Interest Expense Non Operating": 6300000.0,
        "Operating Income": 34500000.0,
        "Operating Expense": 51700000.0,
        "Depreciation Amortization Depletion Income Statement": 33300000.0,
        "Depreciation And Amortization In Income Statement": 33300000.0,
        "Selling General And Administration": 18400000.0,
        "Gross Profit": 86200000.0,
        "Cost Of Revenue": 402200000.0,
        "Total Revenue": 488400000.0,
        "Operating Revenue": 487200000.0
    },
    "2024-06-30": {
        "Tax Effect Of Unusual Items": 0.0,
        "Tax Rate For Calcs": 0.194,
        "Normalized EBITDA": 63400000.0,
        "Net Income From Continuing Operation Net Minority Interest": 21500000.0,
        "Reconciled Depreciation": 28700000.0,
        "Reconciled Cost Of Revenue": 389700000.0,
        "EBITDA": 63400000.0,
        "EBIT": 34700000.0,
        "Net Interest Income": -5800000.0,
        "Interest Expense": 5800000.0,
        "Normalized Income": 21500000.0,
        "Net Income From Continuing And Discontinued Operation": 21500000.0,
        "Total Expenses": 436200000.0,
        "Total Operating Income As Reported": 34700000.0,
        "Diluted Average Shares": 85300000.0,
        "Basic Average Shares": 85100000.0,
        "Diluted EPS": 0.25,
        "Basic EPS": 0.25,
        "Diluted NI Availto Com Stockholders": 21500000.0,
        "Net Income Common Stockholders": 21500000.0,
        "Net Income": 21500000.0,
        "Minority Interests": -1800000.0,
        "Net Income Including Noncontrolling Interests": 23300000.0,
        "Net Income Continuous Operations": 23300000.0,
        "Tax Provision": 5600000.0,
        "Pretax Income": 28900000.0,
        "Net Non Operating Interest Income Expense": -5800000.0,
        "Interest Expense Non Operating": 5800000.0,
        "Operating Income": 34700000.0,
        "Operating Expense": 46500000.0,
        "Depreciation Amortization Depletion Income Statement": 28700000.0,
        "Depreciation And Amortization In Income Statement": 28700000.0,
        "Selling General And Administration": 17800000.0,
        "Gross Profit": 81200000.0,
        "Cost Of Revenue": 389700000.0,
        "Total Revenue": 470900000.0,
        "Operating Revenue": 469700000.0
    },
    "2024-09-30": {
        "Tax Effect Of Unusual Items": 0.0,
        "Tax Rate For Calcs": 0.198,
        "Normalized EBITDA": 75300000.0,
        "Net Income From Continuing Operation Net Minority Interest": 30700000.0,
        "Reconciled Depreciation": 28100000.0,
        "Reconciled Cost Of Revenue": 405200000.0,
        "EBITDA": 75300000.0,
        "EBIT": 47200000.0,
        "Net Interest Income": -5700000.0,
        "Interest Expense": 5700000.0,
        "Normalized Income": 30700000.0,
        "Net Income From Continuing And Discontinued Operation": 30700000.0,
        "Total Expenses": 442900000.0,
        "Total Operating Income As Reported": 47200000.0,
        "Diluted Average Shares": 85300000.0,
        "Basic Average Shares": 85100000.0,
        "Diluted EPS": 0.36,
        "Basic EPS": 0.36,
        "Diluted NI Availto Com Stockholders": 30700000.0,
        "Net Income Common Stockholders": 30700000.0,
        "Net Income": 30700000.0,
        "Minority Interests": -2600000.0,
        "Net Income Including Noncontrolling Interests": 33300000.0,
        "Net Income Continuous Operations": 33300000.0,
        "Tax Provision": 8200000.0,
        "Pretax Income": 41500000.0,
        "Net Non Operating Interest Income Expense": -5700000.0,
        "Interest Expense Non Operating": 5700000.0,
        "Operating Income": 47200000.0,
        "Operating Expense": 37700000.0,
        "Depreciation Amortization Depletion Income Statement": 28100000.0,
        "Depreciation And Amortization In Income Statement": 28100000.0,
        "Selling General And Administration": 9600000.0,
        "Gross Profit": 84900000.0,
        "Cost Of Revenue": 405200000.0,
        "Total Revenue": 490100000.0,
        "Operating Revenue": 488500000.0
    }
}