{
    "2023-03-31": {
        "Tax Effect Of Unusual Items": NaN,
        "Tax Rate For Calcs": NaN,
        "Normalized EBITDA": NaN,
        "Total Unusual Items": NaN,
        "Total Unusual Items Excluding Goodwill": NaN,
        "Net Income From Continuing Operation Net Minority Interest": NaN,
        "Reconciled Depreciation": NaN,
        "Reconciled Cost Of Revenue": NaN,
        "EBITDA": NaN,
        "EBIT": NaN,
        "Net Interest Income": NaN,
        "Interest Expense": NaN,
        "Normalized Income": NaN,
        "Net Income From Continuing And Discontinued Operation": NaN,
        "Total Expenses": NaN,
        "Total Operating Income As Reported": NaN,
        "Diluted Average Shares": NaN,
        "Basic Average Shares": NaN,
        "Diluted EPS": NaN,
        "Basic EPS": NaN,
        "Diluted NI Availto Com Stockholders": NaN,
        "Net Income Common Stockholders": NaN,
        "Net Income": NaN,
        "Net Income Including Noncontrolling Interests": NaN,
        "Net Income Discontinuous Operations": NaN,
        "Net Income Continuous Operations": NaN,
        "Tax Provision": NaN,
        "Pretax Income": NaN,
        "Other Income Expense": NaN,
        "Other Non Operating Income Expenses": NaN,
        "Special Income Charges": NaN,
        "Gain On Sale Of Business": NaN,
        "Restructuring And Mergern Acquisition": NaN,
        "Net Non Operating Interest Income Expense": NaN,
        "Interest Expense Non Operating": NaN,
        "Operating Income": NaN,
        "Operating Expense": NaN,
        "Other Operating Expenses": -727000.0,
        "Selling General And Administration": NaN,
        "Gross Profit": NaN,
        "Cost Of Revenue": NaN,
        "Total Revenue": NaN,
        "Operating Revenue": NaN
    },
    "2022-12-31": {
        "Tax Effect Of Unusual Items": NaN,
        "Tax Rate For Calcs": NaN,
        "Normalized EBITDA": NaN,
        "Total Unusual Items": NaN,
        "Total Unusual Items Excluding Goodwill": NaN,
        "Net Income From Continuing Operation Net Minority Interest": NaN,
        "Reconciled Depreciation": NaN,
        "Reconciled Cost Of Revenue": NaN,
        "EBITDA": NaN,
        "EBIT": NaN,
        "Net Interest Income": NaN,
        "Interest Expense": NaN,
        "Normalized Income": NaN,
        "Net Income From Continuing And Discontinued Operation": NaN,
        "Total Expenses": NaN,
        "Total Operating Income As Reported": NaN,
        "Diluted Average Shares": NaN,
        "Basic Average Shares": NaN,
        "Diluted EPS": NaN,
        "Basic EPS": NaN,
        "Diluted NI Availto Com Stockholders": NaN,
        "Net Income Common Stockholders": NaN,
        "Net Income": NaN,
        "Net Income Including Noncontrolling Interests": NaN,
        "Net Income Discontinuous Operations": NaN,
        "Net Income Continuous Operations": NaN,
        "Tax Provision": NaN,
        "Pretax Income": NaN,
        "Other Income Expense": NaN,
        "Other Non Operating Income Expenses": NaN,
        "Special Income Charges": NaN,
        "Gain On Sale Of Business": NaN,
        "Restructuring And Mergern Acquisition": NaN,
        "Net Non Operating Interest Income Expense": NaN,
        "Interest Expense Non Operating": NaN,
        "Operating Income": NaN,
        "Operating Expense": NaN,
        "Other Operating Expenses": 116000.0,
        "Selling General And Administration": NaN,
        "Gross Profit": NaN,
        "Cost Of Revenue": NaN,
        "Total Revenue": NaN,
        "Operating Revenue": NaN
    },
    "2022-09-30": {
        "Tax Effect Of Unusual Items": -209760.0,
        "Tax Rate For Calcs": 0.24,
        "Normalized EBITDA": 33154000.0,
        "Total Unusual Items": -874000.0,
        "Total Unusual Items Excluding Goodwill": -874000.0,
        "Net Income From Continuing Operation Net Minority Interest": 18316000.0,
        "Reconciled Depreciation": 7008000.0,
        "Reconciled Cost Of Revenue": 112347000.0,
        "EBITDA": 32280000.0,
        "EBIT": 25272000.0,
        "Net Interest Income": -1187000.0,
        "Interest Expense": 1187000.0,
        "Normalized Income": 18980240.0,
        "Net Income From Continuing And Discontinued Operation": 18270000.0,
        "Total Expenses": 153436000.0,
        "Total Operating Income As Reported": 26290000.0,
        "Diluted Average Shares": 11952000.0,
        "Basic Average Shares": 11823000.0,
        "Diluted EPS": 1.53,
        "Basic EPS": 1.55,
        "Diluted NI Availto Com Stockholders": 18270000.0,
        "Net Income Common Stockholders": 18270000.0,
        "Net Income": 18270000.0,
        "Net Income Including Noncontrolling Interests": 18270000.0,
        "Net Income Discontinuous Operations": -46000.0,
        "Net Income Continuous Operations": 18316000.0,
        "Tax Provision": 5769000.0,
        "Pretax Income": 24085000.0,
        "Other Income Expense": -1892000.0,
        "Other Non Operating Income Expenses": -1018000.0,
        "Special Income Charges": -874000.0,
        "Gain On Sale Of Business": NaN,
        "Restructuring And Mergern Acquisition": 874000.0,
        "Net Non Operating Interest Income Expense": -1187000.0,
        "Interest Expense Non Operating": 1187000.0,
        "Operating Income": 27164000.0,
        "Operating Expense": 41089000.0,
        "Other Operating Expenses": NaN,
        "Selling General And Administration": 41089000.0,
        "Gross Profit": 68253000.0,
        "Cost Of Revenue": 112347000.0,
        "Total Revenue": 180600000.0,
        "Operating Revenue": 180600000.0
    },
    "2022-06-30": {
        "Tax Effect Of Unusual Items": -472904.396934,
        "Tax Rate For Calcs": 0.237999,
        "Normalized EBITDA": 20730000.0,
        "Total Unusual Items": -1987000.0,
        "Total Unusual Items Excluding Goodwill": -1987000.0,
        "Net Income From Continuing Operation Net Minority Interest": 13223000.0,
        "Reconciled Depreciation": 7286000.0,
        "Reconciled Cost Of Revenue": 118183000.0,
        "EBITDA": 18743000.0,
        "EBIT": 18743000.0,
        "Net Interest Income": -1390000.0,
        "Interest Expense": 1390000.0,
        "Normalized Income": 14737095.603066,
        "Net Income From Continuing And Discontinued Operation": 13269000.0,
        "Total Expenses": 163529000.0,
        "Total Operating Income As Reported": 19223000.0,
        "Diluted Average Shares": 12129000.0,
        "Basic Average Shares": 11869000.0,
        "Diluted EPS": 1.1,
        "Basic EPS": 1.12,
        "Diluted NI Availto Com Stockholders": 13269000.0,
        "Net Income Common Stockholders": 13269000.0,
        "Net Income": 13269000.0,
        "Net Income Including Noncontrolling Interests": 13269000.0,
        "Net Income Discontinuous Operations": 46000.0,
        "Net Income Continuous Operations": 13223000.0,
        "Tax Provision": 4130000.0,
        "Pretax Income": 17353000.0,
        "Other Income Expense": -2467000.0,
        "Other Non Operating Income Expenses": -480000.0,
        "Special Income Charges": -1987000.0,
        "Gain On Sale Of Business": 0.0,
        "Restructuring And Mergern Acquisition": 1987000.0,
        "Net Non Operating Interest Income Expense": -1390000.0,
        "Interest Expense Non Operating": 1390000.0,
        "Operating Income": 21210000.0,
        "Operating Expense": 45346000.0,
        "Other Operating Expenses": 4045000.0,
        "Selling General And Administration": 41301000.0,
        "Gross Profit": 66556000.0,
        "Cost Of Revenue": 118183000.0,
        "Total Revenue": 184739000.0,
        "Operating Revenue": 184739000.0
    },
    "2022-03-31": {
        "Diluted EPS": 1.34,
        "Total Revenue": 189,
        "Gross Profit": 68,
        "Operating Income": 24,
        "EBIT": 32,
        "Net Income": 17
    },
    "2021-12-31": {
        "Diluted EPS": 1.24,
        "Total Revenue": 186,
        "Gross Profit": 69,
        "Operating Income": 22,
        "EBIT": 29,
        "Net Income": 15
    },
    "2021-09-30": {
        "Diluted EPS": 1.3,
        "Total Revenue": 176,
        "Gross Profit": 66,
        "Operating Income": 23,
        "EBIT": 31,
        "Net Income": 16
    },
    "2021-06-30": {
        "Diluted EPS": 1.14,
        "Total Revenue": 176,
        "Gross Profit": 66,
        "Operating Income": 22,
        "EBIT": 31,
        "Net Income": 14
    },
    "2021-03-31": {
        "Diluted EPS": 0.11,
        "Total Revenue": 172,
        "Gross Profit": 63,
        "Operating Income": 6,
        "EBIT": 14,
        "Net Income": 1
    },
    "2020-12-31": {
        "Diluted EPS": 0.93,
        "Total Revenue": 156,
        "Gross Profit": 58,
        "Operating Income": 17,
        "EBIT": 25,
        "Net Income": 11
    },
    "2020-09-30": {
        "Diluted EPS": 0.79,
        "Total Revenue": 151,
        "Gross Profit": 55,
        "Operating Income": 14,
        "EBIT": 23,
        "Net Income": 10
    },
    "2020-06-30": {
        "Diluted EPS": 0.15,
        "Total Revenue": 139,
        "Gross Profit": 47,
        "Operating Income": 10,
        "EBIT": 18,
        "Net Income": 2
    },
    "2020-03-31": {
        "Diluted EPS": -0.51,
        "Total Revenue": 155,
        "Gross Profit": 53,
        "Operating Income": 17,
        "EBIT": 25,
        "Net Income": -6
    },
    "2019-12-31": {
        "Diluted EPS": 0.99,
        "Total Revenue": 154,
        "Gross Profit": 58,
        "Operating Income": 18,
        "EBIT": 26,
        "Net Income": 12
    },
    "2019-09-30": {
        "Diluted EPS": 1.0,
        "Total Revenue": 156,
        "Gross Profit": 58,
        "Operating Income": 16,
        "EBIT": 24,
        "Net Income": 12
    },
    "2019-06-30": {
        "Diluted EPS": 1.0,
        "Total Revenue": 91,
        "Gross Profit": 43,
        "Operating Income": 20,
        "EBIT": 27,
        "Net Income": 12
    },
    "2019-03-31": {
        "Diluted EPS": 2.09,
        "Total Revenue": 160,
        "Gross Profit": 55,
        "Operating Income": 17,
        "EBIT": 24,
        "Net Income": 26
    },
    "2018-12-31": {
        "Diluted EPS": 1.05,
        "Total Revenue": 196,
        "Gross Profit": 67,
        "Operating Income": 20,
        "EBIT": 28,
        "Net Income": 13
    },
    "2018-09-30": {
        "Diluted EPS": 1.24,
        "Total Revenue": 193,
        "Gross Profit": 69,
        "Operating Income": 23,
        "EBIT": 29,
        "Net Income": 16
    },
    "2018-06-30": {
        "Diluted EPS": 0.99,
        "Total Revenue": 29,
        "Gross Profit": 31,
        "Operating Income": 24,
        "EBIT": 29,
        "Net Income": 13
    },
    "2018-03-31": {
        "Diluted EPS": 1.0,
        "Total Revenue": 192,
        "Gross Profit": 66,
        "Operating Income": 19,
        "EBIT": 26,
        "Net Income": 13
    },
    "2017-12-31": {
        "Diluted EPS": -0.22,
        "Total Revenue": 186,
        "Gross Profit": 63,
        "Operating Income": 17,
        "EBIT": 24,
        "Net Income": -3
    },
    "2017-09-30": {
        "Diluted EPS": 1.09,
        "Total Revenue": 189,
        "Gross Profit": 66,
        "Operating Income": 19,
        "EBIT": 25,
        "Net Income": 14
    },
    "2017-06-30": {
        "Diluted EPS": 1.11,
        "Total Revenue": 110,
        "Gross Profit": 36,
        "Operating Income": 12,
        "EBIT": 16,
        "Net Income": 14
    },
    "2017-03-31": {
        "Diluted EPS": 0.6,
        "Total Revenue": 185,
        "Gross Profit": 61,
        "Operating Income": 11,
        "EBIT": 16,
        "Net Income": 8
    },
    "2016-12-31": {
        "Diluted EPS": 0.82,
        "Total Revenue": 174,
        "Gross Profit": 57,
        "Operating Income": 13,
        "EBIT": 18,
        "Net Income": 10
    },
    "2016-09-30": {
        "Diluted EPS": 1.12,
        "Total Revenue": 180,
        "Gross Profit": 62,
        "Operating Income": 20,
        "EBIT": 24,
        "Net Income": 14
    },
    "2016-06-30": {
        "Diluted EPS": 0.96,
        "Total Revenue": 194,
        "Gross Profit": 67,
        "Operating Income": 14,
        "EBIT": 19,
        "Net Income": 12
    },
    "2016-03-31": {
        "Diluted EPS": 0.91,
        "Total Revenue": 177,
        "Gross Profit": 59,
        "Operating Income": 17,
        "EBIT": 22,
        "Net Income": 12
    },
    "2015-12-31": {
        "Diluted EPS": 0.96,
        "Total Revenue": 182,
        "Gross Profit": 58,
        "Operating Income": 16,
        "EBIT": 20,
        "Net Income": 12
    },
    "2015-09-30": {
        "Diluted EPS": 1.25,
        "Total Revenue": 198,
        "Gross Profit": 69,
        "Operating Income": 23,
        "EBIT": 28,
        "Net Income": 16
    },
    "2015-06-30": {
        "Diluted EPS": 1.28,
        "Total Revenue": 200,
        "Gross Profit": 65,
        "Operating Income": 24,
        "EBIT": 28,
        "Net Income": 16
    },
    "2015-03-31": {
        "Diluted EPS": 0.99,
        "Total Revenue": 181,
        "Gross Profit": 57,
        "Operating Income": 18,
        "EBIT": 22,
        "Net Income": 13
    },
    "2014-12-31": {
        "Diluted EPS": 0.87,
        "Total Revenue": 189,
        "Gross Profit": 59,
        "Operating Income": 16,
        "EBIT": 20,
        "Net Income": 11
    },
    "2014-09-30": {
        "Diluted EPS": 1.13,
        "Total Revenue": 202,
        "Gross Profit": 66,
        "Operating Income": 21,
        "EBIT": 25,
        "Net Income": 15
    },
    "2014-06-30": {
        "Diluted EPS": 0.78,
        "Total Revenue": 197,
        "Gross Profit": 64,
        "Operating Income": 19,
        "EBIT": 23,
        "Net Income": 10
    },
    "2014-03-31": {
        "Diluted EPS": 1.04,
        "Total Revenue": 174,
        "Gross Profit": 58,
        "Operating Income": 14,
        "EBIT": 18,
        "Net Income": 13
    },
    "2013-12-31": {
        "Diluted EPS": 0.82,
        "Total Revenue": 167,
        "Gross Profit": 56,
        "Operating Income": 15,
        "EBIT": 19,
        "Net Income": 11
    },
    "2013-09-30": {
        "Diluted EPS": 0.71,
        "Total Revenue": 178,
        "Gross Profit": 60,
        "Operating Income": 17,
        "EBIT": 21,
        "Net Income": 9
    },
    "2013-06-30": {
        "Diluted EPS": 0.98,
        "Total Revenue": 155,
        "Gross Profit": 50,
        "Operating Income": 16,
        "EBIT": 20,
        "Net Income": 12
    },
    "2013-03-31": {
        "Diluted EPS": 0.75,
        "Total Revenue": 166,
        "Gross Profit": 53,
        "Operating Income": 12,
        "EBIT": 16,
        "Net Income": 10
    },
    "2012-12-31": {
        "Diluted EPS": 0.86,
        "Total Revenue": 169,
        "Gross Profit": 56,
        "Operating Income": 16,
        "EBIT": 20,
        "Net Income": 11
    },
    "2012-09-30": {
        "Diluted EPS": 0.92,
        "Total Revenue": 183,
        "Gross Profit": 59,
        "Operating Income": 18,
        "EBIT": 21,
        "Net Income": 12
    },
    "2012-06-30": {
        "Diluted EPS": 1.1,
        "Total Revenue": 146,
        "Gross Profit": 51,
        "Operating Income": 17,
        "EBIT": 20,
        "Net Income": 14
    },
    "2012-03-31": {
        "Diluted EPS": 0.71,
        "Total Revenue": 151,
        "Gross Profit": 48,
        "Operating Income": 16,
        "EBIT": 19,
        "Net Income": 9
    },
    "2011-12-31": {
        "Diluted EPS": -0.33,
        "Total Revenue": 155,
        "Gross Profit": 50,
        "Operating Income": 14,
        "EBIT": 18,
        "Net Income": -4
    },
    "2011-09-30": {
        "Diluted EPS": 0.94,
        "Total Revenue": 159,
        "Gross Profit": 53,
        "Operating Income": 16,
        "EBIT": 20,
        "Net Income": 12
    },
    "2011-06-30": {
        "Diluted EPS": 0.8,
        "Total Revenue": 148,
        "Gross Profit": 50,
        "Operating Income": 16,
        "EBIT": 20,
        "Net Income": 10
    },
    "2011-03-31": {
        "Diluted EPS": 0.4,
        "Total Revenue": 134,
        "Gross Profit": 42,
        "Operating Income": 8,
        "EBIT": 11,
        "Net Income": 5
    },
    "2010-12-31": {
        "Diluted EPS": 0.71,
        "Total Revenue": 142,
        "Gross Profit": 48,
        "Operating Income": 13,
        "EBIT": 16,
        "Net Income": 9
    },
    "2010-09-30": {
        "Diluted EPS": 0.86,
        "Total Revenue": 157,
        "Gross Profit": 51,
        "Operating Income": 18,
        "EBIT": 21,
        "Net Income": 11
    },
    "2010-06-30": {
        "Diluted EPS": 0.65,
        "Total Revenue": 101,
        "Gross Profit": 40,
        "Operating Income": 16,
        "EBIT": 18,
        "Net Income": 8
    },
    "2010-03-31": {
        "Diluted EPS": 0.36,
        "Total Revenue": 135,
        "Gross Profit": 41,
        "Operating Income": 7,
        "EBIT": 10,
        "Net Income": 5
    },
    "2009-12-31": {
        "Diluted EPS": 0.47,
        "Total Revenue": 139,
        "Gross Profit": 45,
        "Operating Income": 10,
        "EBIT": 14,
        "Net Income": 6
    },
    "2009-09-30": {
        "Diluted EPS": 0.78,
        "Total Revenue": 152,
        "Gross Profit": 49,
        "Operating Income": 13,
        "EBIT": 17,
        "Net Income": 10
    },
    "2009-06-30": {
        "Diluted EPS": 0.47,
        "Total Revenue": 140,
        "Gross Profit": 41,
        "Operating Income": 9,
        "EBIT": -9,
        "Net Income": 6
    },
    "2009-03-31": {
        "Diluted EPS": -1.48,
        "Total Revenue": 131,
        "Gross Profit": 32,
        "Operating Income": -20,
        "EBIT": 5,
        "Net Income": -18
    },
    "2023-06-30": {
        "Tax Effect Of Unusual Items": NaN,
        "Tax Rate For Calcs": NaN,
        "Normalized EBITDA": NaN,
        "Total Unusual Items": NaN,
        "Total Unusual Items Excluding Goodwill": NaN,
        "Net Income From Continuing Operation Net Minority Interest": NaN,
        "Reconciled Depreciation": NaN,
        "Reconciled Cost Of Revenue": NaN,
        "EBITDA": NaN,
        "EBIT": NaN,
        "Net Interest Income": NaN,
        "Interest Expense": NaN,
        "Normalized Income": NaN,
        "Net Income From Continuing And Discontinued Operation": NaN,
        "Total Expenses": NaN,
        "Total Operating Income As Reported": NaN,
        "Diluted Average Shares": NaN,
        "Basic Average Shares": NaN,
        "Diluted EPS": NaN,
        "Basic EPS": NaN,
        "Diluted NI Availto Com Stockholders": NaN,
        "Net Income Common Stockholders": NaN,
        "Net Income": NaN,
        "Minority Interests": NaN,
        "Net Income Including Noncontrolling Interests": NaN,
        "Net Income Discontinuous Operations": NaN,
        "Net Income Continuous Operations": NaN,
        "Tax Provision": NaN,
        "Pretax Income": NaN,
        "Other Income Expense": NaN,
        "Other Non Operating Income Expenses": NaN,
        "Special Income Charges": NaN,
        "Gain On Sale Of Business": NaN,
        "Restructuring And Mergern Acquisition": NaN,
        "Net Non Operating Interest Income Expense": NaN,
        "Interest Expense Non Operating": NaN,
        "Operating Income": NaN,
        "Operating Expense": NaN,
        "Other Operating Expenses": 0.0,
        "Selling General And Administration": NaN,
        "Gross Profit": NaN,
        "Cost Of Revenue": NaN,
        "Total Revenue": NaN,
        "Operating Revenue": NaN
    },
    "2023-09-30": {
        "Tax Effect Of Unusual Items": -507654.0,
        "Tax Rate For Calcs": 0.238,
        "Normalized EBITDA": 35286000.0,
        "Total Unusual Items": -2133000.0,
        "Total Unusual Items Excluding Goodwill": -2133000.0,
        "Net Income From Continuing Operation Net Minority Interest": 18892000.0,
        "Reconciled Depreciation": 7082000.0,
        "Reconciled Cost Of Revenue": 112139000.0,
        "EBITDA": 33153000.0,
        "EBIT": 26071000.0,
        "Net Interest Income": -1276000.0,
        "Interest Expense": 1276000.0,
        "Normalized Income": 20517346.0,
        "Net Income From Continuing And Discontinued Operation": 18814000.0,
        "Total Expenses": 155724000.0,
        "Total Operating Income As Reported": 26917000.0,
        "Diluted Average Shares": 11933000.0,
        "Basic Average Shares": 11742000.0,
        "Diluted EPS": 1.58,
        "Basic EPS": 1.6,
        "Diluted NI Availto Com Stockholders": 18814000.0,
        "Net Income Common Stockholders": 18814000.0,
        "Net Income": 18814000.0,
        "Net Income Including Noncontrolling Interests": 18814000.0,
        "Net Income Discontinuous Operations": -78000.0,
        "Net Income Continuous Operations": 18892000.0,
        "Tax Provision": 5903000.0,
        "Pretax Income": 24795000.0,
        "Other Income Expense": -2979000.0,
        "Other Non Operating Income Expenses": -846000.0,
        "Special Income Charges": -2133000.0,
        "Gain On Sale Of Business": 274000.0,
        "Restructuring And Mergern Acquisition": 2407000.0,
        "Net Non Operating Interest Income Expense": -1276000.0,
        "Interest Expense Non Operating": 1276000.0,
        "Operating Income": 29050000.0,
        "Operating Expense": 43585000.0,
        "Other Operating Expenses": NaN,
        "Selling General And Administration": 43585000.0,
        "Gross Profit": 72635000.0,
        "Cost Of Revenue": 112139000.0,
        "Total Revenue": 184774000.0,
        "Operating Revenue": 184774000.0
    },
    "2023-12-31": {
        "Tax Effect Of Unusual Items": NaN,
        "Tax Rate For Calcs": NaN,
        "Normalized EBITDA": NaN,
        "Total Unusual Items": NaN,
        "Total Unusual Items Excluding Goodwill": NaN,
        "Net Income From Continuing Operation Net Minority Interest": NaN,
        "Reconciled Depreciation": NaN,
        "Reconciled Cost Of Revenue": NaN,
        "EBITDA": NaN,
        "EBIT": NaN,
        "Net Interest Income": NaN,
        "Interest Expense": NaN,
        "Normalized Income": NaN,
        "Net Income From Continuing And Discontinued Operation": NaN,
        "Total Expenses": NaN,
        "Total Operating Income As Reported": NaN,
        "Diluted Average Shares": NaN,
        "Basic Average Shares": NaN,
        "Diluted EPS": NaN,
        "Basic EPS": NaN,
        "Diluted NI Availto Com Stockholders": NaN,
        "Net Income Common Stockholders": NaN,
        "Net Income": NaN,
        "Minority Interests": 0.0,
        "Net Income Including Noncontrolling Interests": NaN,
        "Net Income Discontinuous Operations": NaN,
        "Net Income Continuous Operations": NaN,
        "Tax Provision": NaN,
        "Pretax Income": NaN,
        "Other Income Expense": NaN,
        "Other Non Operating Income Expenses": NaN,
        "Special Income Charges": NaN,
        "Gain On Sale Of Business": NaN,
        "Restructuring And Mergern Acquisition": NaN,
        "Net Non Operating Interest Income Expense": NaN,
        "Interest Expense Non Operating": NaN,
        "Operating Income": NaN,
        "Operating Expense": NaN,
        "Other Operating Expenses": NaN,
        "Selling General And Administration": NaN,
        "Gross Profit": NaN,
        "Cost Of Revenue": NaN,
        "Total Revenue": NaN,
        "Operating Revenue": NaN
    },
    "2024-03-31": {
        "Tax Effect Of Unusual Items": NaN,
        "Tax Rate For Calcs": NaN,
        "Normalized EBITDA": NaN,
        "Total Unusual Items": NaN,
        "Total Unusual Items Excluding Goodwill": NaN,
        "Net Income From Continuing Operation Net Minority Interest": NaN,
        "Reconciled Depreciation": NaN,
        "Reconciled Cost Of Revenue": NaN,
        "EBITDA": NaN,
        "EBIT": NaN,
        "Net Interest Income": NaN,
        "Interest Expense": NaN,
        "Normalized Income": NaN,
        "Net Income From Continuing And Discontinued Operation": NaN,
        "Total Expenses": NaN,
        "Total Operating Income As Reported": NaN,
        "Diluted Average Shares": NaN,
        "Basic Average Shares": NaN,
        "Diluted EPS": NaN,
        "Basic EPS": NaN,
        "Diluted NI Availto Com Stockholders": NaN,
        "Net Income Common Stockholders": NaN,
        "Net Income": NaN,
        "Minority Interests": 0.0,
        "Net Income Including Noncontrolling Interests": NaN,
        "Net Income Discontinuous Operations": NaN,
        "Net Income Continuous Operations": NaN,
        "Tax Provision": NaN,
        "Pretax Income": NaN,
        "Other Income Expense": NaN,
        "Other Non Operating Income Expenses": NaN,
        "Special Income Charges": NaN,
        "Gain On Sale Of Business": NaN,
        "Restructuring And Mergern Acquisition": NaN,
        "Net Non Operating Interest Income Expense": NaN,
        "Interest Expense Non Operating": NaN,
        "Operating Income": NaN,
        "Operating Expense": NaN,
        "Other Operating Expenses": 110000.0,
        "Selling General And Administration": NaN,
        "Gross Profit": NaN,
        "Cost Of Revenue": NaN,
        "Total Revenue": NaN,
        "Operating Revenue": NaN
    },
    "2024-06-30": {
        "Tax Effect Of Unusual Items": NaN,
        "Tax Rate For Calcs": NaN,
        "Normalized EBITDA": NaN,
        "Total Unusual Items": NaN,
        "Total Unusual Items Excluding Goodwill": NaN,
        "Net Income From Continuing Operation Net Minority Interest": NaN,
        "Reconciled Depreciation": NaN,
        "Reconciled Cost Of Revenue": NaN,
        "EBITDA": NaN,
        "EBIT": NaN,
        "Net Interest Income": NaN,
        "Interest Expense": NaN,
        "Normalized Income": NaN,
        "Net Income From Continuing And Discontinued Operation": NaN,
        "Total Expenses": NaN,
        "Total Operating Income As Reported": NaN,
        "Diluted Average Shares": NaN,
        "Basic Average Shares": NaN,
        "Diluted EPS": NaN,
        "Basic EPS": NaN,
        "Diluted NI Availto Com Stockholders": NaN,
        "Net Income Common Stockholders": NaN,
        "Net Income": NaN,
        "Minority Interests": NaN,
        "Net Income Including Noncontrolling Interests": NaN,
        "Net Income Discontinuous Operations": NaN,
        "Net Income Continuous Operations": NaN,
        "Tax Provision": NaN,
        "Pretax Income": NaN,
        "Other Income Expense": NaN,
        "Other Non Operating Income Expenses": NaN,
        "Special Income Charges": NaN,
        "Gain On Sale Of Business": 0.0,
        "Restructuring And Mergern Acquisition": NaN,
        "Net Non Operating Interest Income Expense": NaN,
        "Interest Expense Non Operating": NaN,
        "Operating Income": NaN,
        "Operating Expense": NaN,
        "Other Operating Expenses": 0.0,
        "Selling General And Administration": NaN,
        "Gross Profit": NaN,
        "Cost Of Revenue": NaN,
        "Total Revenue": NaN,
        "Operating Revenue": NaN
    },
    "2024-09-30": {
        "Tax Effect Of Unusual Items": NaN,
        "Tax Rate For Calcs": NaN,
        "Normalized EBITDA": NaN,
        "Total Unusual Items": NaN,
        "Total Unusual Items Excluding Goodwill": NaN,
        "Net Income From Continuing Operation Net Minority Interest": NaN,
        "Reconciled Depreciation": NaN,
        "Reconciled Cost Of Revenue": NaN,
        "EBITDA": NaN,
        "EBIT": NaN,
        "Net Interest Income": NaN,
        "Interest Expense": NaN,
        "Normalized Income": NaN,
        "Net Income From Continuing And Discontinued Operation": NaN,
        "Total Expenses": NaN,
        "Total Operating Income As Reported": NaN,
        "Diluted Average Shares": NaN,
        "Basic Average Shares": NaN,
        "Diluted EPS": NaN,
        "Basic EPS": NaN,
        "Diluted NI Availto Com Stockholders": NaN,
        "Net Income Common Stockholders": NaN,
        "Net Income": NaN,
        "Minority Interests": NaN,
        "Net Income Including Noncontrolling Interests": NaN,
        "Net Income Discontinuous Operations": NaN,
        "Net Income Continuous Operations": NaN,
        "Tax Provision": NaN,
        "Pretax Income": NaN,
        "Other Income Expense": NaN,
        "Other Non Operating Income Expenses": NaN,
        "Special Income Charges": NaN,
        "Gain On Sale Of Business": 0.0,
        "Restructuring And Mergern Acquisition": NaN,
        "Net Non Operating Interest Income Expense": NaN,
        "Interest Expense Non Operating": NaN,
        "Operating Income": NaN,
        "Operating Expense": NaN,
        "Other Operating Expenses": NaN,
        "Selling General And Administration": NaN,
        "Gross Profit": NaN,
        "Cost Of Revenue": NaN,
        "Total Revenue": NaN,
        "Operating Revenue": NaN
    },
    "2024-12-31": {
        "Tax Effect Of Unusual Items": -6154754.754755,
        "Tax Rate For Calcs": 0.355355,
        "Normalized EBITDA": 33398000.0,
        "Total Unusual Items": -17320000.0,
        "Total Unusual Items Excluding Goodwill": -17320000.0,
        "Net Income From Continuing Operation Net Minority Interest": 870000.0,
        "Reconciled Depreciation": 8505000.0,
        "Reconciled Cost Of Revenue": 118367000.0,
        "EBITDA": 16078000.0,
        "EBIT": 7573000.0,
        "Net Interest Income": -5575000.0,
        "Interest Expense": 5575000.0,
        "Normalized Income": 12035245.245245,
        "Net Income From Continuing And Discontinued Operation": 857000.0,
        "Total Expenses": 164031000.0,
        "Total Operating Income As Reported": 8463000.0,
        "Diluted Average Shares": 12025000.0,
        "Basic Average Shares": 11942000.0,
        "Diluted EPS": 0.07,
        "Basic EPS": 0.07,
        "Diluted NI Availto Com Stockholders": 857000.0,
        "Net Income Common Stockholders": 857000.0,
        "Net Income": 857000.0,
        "Minority Interests": -418000.0,
        "Net Income Including Noncontrolling Interests": 1275000.0,
        "Net Income Discontinuous Operations": -13000.0,
        "Net Income Continuous Operations": 1288000.0,
        "Tax Provision": 710000.0,
        "Pretax Income": 1998000.0,
        "Other Income Expense": -18210000.0,
        "Other Non Operating Income Expenses": -890000.0,
        "Special Income Charges": -17320000.0,
        "Gain On Sale Of Business": 0.0,
        "Restructuring And Mergern Acquisition": 17320000.0,
        "Net Non Operating Interest Income Expense": -5575000.0,
        "Interest Expense Non Operating": 5575000.0,
        "Operating Income": 25783000.0,
        "Operating Expense": 45664000.0,
        "Other Operating Expenses": NaN,
        "Selling General And Administration": 45664000.0,
        "Gross Profit": 71447000.0,
        "Cost Of Revenue": 118367000.0,
        "Total Revenue": 189814000.0,
        "Operating Revenue": 189814000.0
    },
    "2025-03-31": {
        "Tax Effect Of Unusual Items": -866880.0,
        "Tax Rate For Calcs": 0.21,
        "Normalized EBITDA": 39816000.0,
        "Total Unusual Items": -4128000.0,
        "Total Unusual Items Excluding Goodwill": -4128000.0,
        "Net Income From Continuing Operation Net Minority Interest": 21932000.0,
        "Reconciled Depreciation": 9744000.0,
        "Reconciled Cost Of Revenue": 125350000.0,
        "EBITDA": 35688000.0,
        "EBIT": 25944000.0,
        "Net Interest Income": -8363000.0,
        "Interest Expense": 8363000.0,
        "Normalized Income": 25193120.0,
        "Net Income From Continuing And Discontinued Operation": 21880000.0,
        "Total Expenses": 177399000.0,
        "Total Operating Income As Reported": 26253000.0,
        "Diluted Average Shares": 12059000.0,
        "Basic Average Shares": 11986000.0,
        "Diluted EPS": 1.81,
        "Basic EPS": 1.83,
        "Diluted NI Availto Com Stockholders": 21880000.0,
        "Net Income Common Stockholders": 21880000.0,
        "Net Income": 21880000.0,
        "Minority Interests": -846000.0,
        "Net Income Including Noncontrolling Interests": 22726000.0,
        "Net Income Discontinuous Operations": -52000.0,
        "Net Income Continuous Operations": 22778000.0,
        "Tax Provision": -5197000.0,
        "Pretax Income": 17581000.0,
        "Other Income Expense": -4437000.0,
        "Other Non Operating Income Expenses": -309000.0,
        "Special Income Charges": -4128000.0,
        "Gain On Sale Of Business": 0.0,
        "Restructuring And Mergern Acquisition": 4128000.0,
        "Net Non Operating Interest Income Expense": -8363000.0,
        "Interest Expense Non Operating": 8363000.0,
        "Operating Income": 30381000.0,
        "Operating Expense": 52049000.0,
        "Other Operating Expenses": NaN,
        "Selling General And Administration": 52049000.0,
        "Gross Profit": 82430000.0,
        "Cost Of Revenue": 125350000.0,
        "Total Revenue": 207780000.0,
        "Operating Revenue": 207780000.0
    },
    "2025-06-30": {
        "Tax Effect Of Unusual Items": -832230.0,
        "Tax Rate For Calcs": 0.21,
        "Normalized EBITDA": 49188000.0,
        "Total Unusual Items": -3963000.0,
        "Total Unusual Items Excluding Goodwill": -3963000.0,
        "Net Income From Continuing Operation Net Minority Interest": 14812000.0,
        "Reconciled Depreciation": 10128000.0,
        "Reconciled Cost Of Revenue": 130751000.0,
        "EBITDA": 45225000.0,
        "EBIT": 35097000.0,
        "Net Interest Income": -9016000.0,
        "Interest Expense": 9016000.0,
        "Normalized Income": 17942770.0,
        "Net Income From Continuing And Discontinued Operation": 14826000.0,
        "Total Expenses": 183352000.0,
        "Total Operating Income As Reported": 34734000.0,
        "Diluted Average Shares": 12076000.0,
        "Basic Average Shares": 11990000.0,
        "Diluted EPS": 1.23,
        "Basic EPS": 1.23,
        "Diluted NI Availto Com Stockholders": 14826000.0,
        "Net Income Common Stockholders": 14826000.0,
        "Net Income": 14826000.0,
        "Minority Interests": -660000.0,
        "Net Income Including Noncontrolling Interests": 15486000.0,
        "Net Income Discontinuous Operations": 14000.0,
        "Net Income Continuous Operations": 15472000.0,
        "Tax Provision": 10609000.0,
        "Pretax Income": 26081000.0,
        "Other Income Expense": -3600000.0,
        "Other Non Operating Income Expenses": 363000.0,
        "Special Income Charges": -3963000.0,
        "Gain On Sale Of Business": 0.0,
        "Restructuring And Mergern Acquisition": 3963000.0,
        "Net Non Operating Interest Income Expense": -9016000.0,
        "Interest Expense Non Operating": 9016000.0,
        "Operating Income": 38697000.0,
        "Operating Expense": 52601000.0,
        "Other Operating Expenses": NaN,
        "Selling General And Administration": 52601000.0,
        "Gross Profit": 91298000.0,
        "Cost Of Revenue": 130751000.0,
        "Total Revenue": 222049000.0,
        "Operating Revenue": 222049000.0
    },
    "2025-09-30": {
        "Tax Effect Of Unusual Items": -1581780.0,
        "Tax Rate For Calcs": 0.246,
        "Normalized EBITDA": 46146000.0,
        "Total Unusual Items": -6430000.0,
        "Total Unusual Items Excluding Goodwill": -6430000.0,
        "Net Income From Continuing Operation Net Minority Interest": 15083000.0,
        "Reconciled Depreciation": 9817000.0,
        "Reconciled Cost Of Revenue": 126998000.0,
        "EBITDA": 39716000.0,
        "EBIT": 29899000.0,
        "Net Interest Income": -8912000.0,
        "Interest Expense": 8912000.0,
        "Normalized Income": 19931220.0,
        "Net Income From Continuing And Discontinued Operation": 15056000.0,
        "Total Expenses": 181367000.0,
        "Total Operating Income As Reported": 29634000.0,
        "Diluted Average Shares": 12047000.0,
        "Basic Average Shares": 12013000.0,
        "Diluted EPS": 1.25,
        "Basic EPS": 1.26,
        "Diluted NI Availto Com Stockholders": 15056000.0,
        "Net Income Common Stockholders": 15056000.0,
        "Net Income": 15056000.0,
        "Minority Interests": -739000.0,
        "Net Income Including Noncontrolling Interests": 15795000.0,
        "Net Income Discontinuous Operations": -27000.0,
        "Net Income Continuous Operations": 15822000.0,
        "Tax Provision": 5165000.0,
        "Pretax Income": 20987000.0,
        "Other Income Expense": -6165000.0,
        "Other Non Operating Income Expenses": 265000.0,
        "Special Income Charges": -6430000.0,
        "Gain On Sale Of Business": NaN,
        "Restructuring And Mergern Acquisition": 6430000.0,
        "Net Non Operating Interest Income Expense": -8912000.0,
        "Interest Expense Non Operating": 8912000.0,
        "Operating Income": 36064000.0,
        "Operating Expense": 54369000.0,
        "Other Operating Expenses": NaN,
        "Selling General And Administration": 54369000.0,
        "Gross Profit": 90433000.0,
        "Cost Of Revenue": 126998000.0,
        "Total Revenue": 217431000.0,
        "Operating Revenue": 217431000.0
    },
    "2025-12-31": {
        "Tax Effect Of Unusual Items": -253799.550959,
        "Tax Rate For Calcs": 0.240568,
        "Normalized EBITDA": 46122000.0,
        "Total Unusual Items": -1055000.0,
        "Total Unusual Items Excluding Goodwill": -1055000.0,
        "Net Income From Continuing Operation Net Minority Interest": 2072000.0,
        "Reconciled Depreciation": 9984000.0,
        "Reconciled Cost Of Revenue": 129087000.0,
        "EBITDA": 45067000.0,
        "EBIT": 35083000.0,
        "Net Interest Income": -7914000.0,
        "Interest Expense": 7914000.0,
        "Normalized Income": 2873200.449041,
        "Net Income From Continuing And Discontinued Operation": 2120000.0,
        "Total Expenses": 184692000.0,
        "Total Operating Income As Reported": 35573000.0,
        "Diluted Average Shares": 12055000.0,
        "Basic Average Shares": 12043000.0,
        "Diluted EPS": 0.17,
        "Basic EPS": 0.17,
        "Diluted NI Availto Com Stockholders": 2120000.0,
        "Net Income Common Stockholders": 2120000.0,
        "Net Income": 2120000.0,
        "Minority Interests": -18561000.0,
        "Net Income Including Noncontrolling Interests": 20681000.0,
        "Net Income Discontinuous Operations": 48000.0,
        "Net Income Continuous Operations": 20633000.0,
        "Tax Provision": 6536000.0,
        "Pretax Income": 27169000.0,
        "Other Income Expense": -1545000.0,
        "Other Non Operating Income Expenses": -490000.0,
        "Special Income Charges": -1055000.0,
        "Gain On Sale Of Business": NaN,
        "Restructuring And Mergern Acquisition": 1055000.0,
        "Net Non Operating Interest Income Expense": -7914000.0,
        "Interest Expense Non Operating": 7914000.0,
        "Operating Income": 36628000.0,
        "Operating Expense": 55605000.0,
        "Other Operating Expenses": NaN,
        "Selling General And Administration": 55605000.0,
        "Gross Profit": 92233000.0,
        "Cost Of Revenue": 129087000.0,
        "Total Revenue": 221320000.0,
        "Operating Revenue": 221320000.0
    }
}