{
    "2023-06-30": {
        "Tax Effect Of Unusual Items": NaN,
        "Tax Rate For Calcs": NaN,
        "Total Unusual Items": NaN,
        "Total Unusual Items Excluding Goodwill": NaN,
        "Net Income From Continuing Operation Net Minority Interest": NaN,
        "Reconciled Depreciation": NaN,
        "Net Interest Income": NaN,
        "Interest Expense": NaN,
        "Interest Income": NaN,
        "Normalized Income": NaN,
        "Net Income From Continuing And Discontinued Operation": NaN,
        "Diluted Average Shares": NaN,
        "Basic Average Shares": NaN,
        "Diluted EPS": NaN,
        "Basic EPS": NaN,
        "Diluted NI Availto Com Stockholders": NaN,
        "Net Income Common Stockholders": NaN,
        "Net Income": NaN,
        "Minority Interests": 0.0,
        "Net Income Including Noncontrolling Interests": NaN,
        "Net Income Continuous Operations": NaN,
        "Tax Provision": NaN,
        "Pretax Income": NaN,
        "Special Income Charges": NaN,
        "Other Special Charges": NaN,
        "Restructuring And Mergern Acquisition": 0.0,
        "Securities Amortization": NaN,
        "Gain On Sale Of Security": 800000.0,
        "Depreciation Amortization Depletion Income Statement": NaN,
        "Depreciation And Amortization In Income Statement": NaN,
        "Amortization": NaN,
        "Amortization Of Intangibles Income Statement": NaN,
        "Selling General And Administration": NaN,
        "Selling And Marketing Expense": NaN,
        "General And Administrative Expense": NaN,
        "Insurance And Claims": NaN,
        "Salaries And Wages": NaN,
        "Total Revenue": NaN,
        "Operating Revenue": NaN,
        "Occupancy And Equipment": NaN,
        "Professional Expense And Contract Services Expense": NaN,
        "Other Non Interest Expense": NaN
    },
    "2023-03-31": {
        "Tax Effect Of Unusual Items": NaN,
        "Tax Rate For Calcs": NaN,
        "Total Unusual Items": NaN,
        "Total Unusual Items Excluding Goodwill": NaN,
        "Net Income From Continuing Operation Net Minority Interest": NaN,
        "Reconciled Depreciation": NaN,
        "Net Interest Income": NaN,
        "Interest Expense": NaN,
        "Interest Income": NaN,
        "Normalized Income": NaN,
        "Net Income From Continuing And Discontinued Operation": NaN,
        "Diluted Average Shares": NaN,
        "Basic Average Shares": NaN,
        "Diluted EPS": NaN,
        "Basic EPS": NaN,
        "Diluted NI Availto Com Stockholders": NaN,
        "Net Income Common Stockholders": NaN,
        "Net Income": NaN,
        "Minority Interests": 0.0,
        "Net Income Including Noncontrolling Interests": NaN,
        "Net Income Continuous Operations": NaN,
        "Tax Provision": NaN,
        "Pretax Income": NaN,
        "Special Income Charges": NaN,
        "Other Special Charges": NaN,
        "Restructuring And Mergern Acquisition": 0.0,
        "Securities Amortization": NaN,
        "Gain On Sale Of Security": 754000.0,
        "Depreciation Amortization Depletion Income Statement": NaN,
        "Depreciation And Amortization In Income Statement": NaN,
        "Amortization": NaN,
        "Amortization Of Intangibles Income Statement": NaN,
        "Selling General And Administration": NaN,
        "Selling And Marketing Expense": NaN,
        "General And Administrative Expense": NaN,
        "Insurance And Claims": NaN,
        "Salaries And Wages": NaN,
        "Total Revenue": NaN,
        "Operating Revenue": NaN,
        "Occupancy And Equipment": NaN,
        "Professional Expense And Contract Services Expense": NaN,
        "Other Non Interest Expense": NaN
    },
    "2022-12-31": {
        "Tax Effect Of Unusual Items": NaN,
        "Tax Rate For Calcs": NaN,
        "Total Unusual Items": NaN,
        "Total Unusual Items Excluding Goodwill": NaN,
        "Net Income From Continuing Operation Net Minority Interest": NaN,
        "Reconciled Depreciation": NaN,
        "Net Interest Income": NaN,
        "Interest Expense": NaN,
        "Interest Income": NaN,
        "Normalized Income": NaN,
        "Net Income From Continuing And Discontinued Operation": NaN,
        "Diluted Average Shares": NaN,
        "Basic Average Shares": NaN,
        "Diluted EPS": NaN,
        "Basic EPS": NaN,
        "Diluted NI Availto Com Stockholders": NaN,
        "Net Income Common Stockholders": NaN,
        "Net Income": NaN,
        "Minority Interests": -93000.0,
        "Net Income Including Noncontrolling Interests": NaN,
        "Net Income Continuous Operations": NaN,
        "Tax Provision": NaN,
        "Pretax Income": NaN,
        "Special Income Charges": NaN,
        "Other Special Charges": NaN,
        "Restructuring And Mergern Acquisition": 0.0,
        "Securities Amortization": NaN,
        "Gain On Sale Of Security": NaN,
        "Depreciation Amortization Depletion Income Statement": NaN,
        "Depreciation And Amortization In Income Statement": NaN,
        "Amortization": NaN,
        "Amortization Of Intangibles Income Statement": NaN,
        "Selling General And Administration": NaN,
        "Selling And Marketing Expense": NaN,
        "General And Administrative Expense": NaN,
        "Insurance And Claims": NaN,
        "Salaries And Wages": NaN,
        "Total Revenue": NaN,
        "Operating Revenue": NaN,
        "Occupancy And Equipment": NaN,
        "Professional Expense And Contract Services Expense": NaN,
        "Other Non Interest Expense": NaN
    },
    "2022-09-30": {
        "Tax Effect Of Unusual Items": 0.0,
        "Tax Rate For Calcs": 0.24023,
        "Total Unusual Items": 0.0,
        "Total Unusual Items Excluding Goodwill": 0.0,
        "Net Income From Continuing Operation Net Minority Interest": 28455000.0,
        "Reconciled Depreciation": 1610000.0,
        "Net Interest Income": 62376000.0,
        "Interest Expense": 5034000.0,
        "Interest Income": 67410000.0,
        "Normalized Income": 28455000.0,
        "Net Income From Continuing And Discontinued Operation": 28455000.0,
        "Diluted Average Shares": 29404000.0,
        "Basic Average Shares": 29144000.0,
        "Diluted EPS": 0.97,
        "Basic EPS": 0.98,
        "Diluted NI Availto Com Stockholders": 28455000.0,
        "Net Income Common Stockholders": 28455000.0,
        "Net Income": 28455000.0,
        "Minority Interests": -85000.0,
        "Net Income Including Noncontrolling Interests": 28540000.0,
        "Net Income Continuous Operations": 28540000.0,
        "Tax Provision": 9024000.0,
        "Pretax Income": 37564000.0,
        "Special Income Charges": 0.0,
        "Gain On Sale Of Business": NaN,
        "Other Special Charges": -3074000.0,
        "Restructuring And Mergern Acquisition": 0.0,
        "Gain On Sale Of Security": 3966000.0,
        "Depreciation Amortization Depletion Income Statement": 1610000.0,
        "Depreciation And Amortization In Income Statement": 1610000.0,
        "Amortization": 1610000.0,
        "Amortization Of Intangibles Income Statement": 1610000.0,
        "Selling General And Administration": 29339000.0,
        "Selling And Marketing Expense": 1244000.0,
        "General And Administrative Expense": 28095000.0,
        "Other Gand A": 4650000.0,
        "Insurance And Claims": 847000.0,
        "Salaries And Wages": 27248000.0,
        "Total Revenue": 85803000.0,
        "Operating Revenue": 85803000.0
    },
    "2022-06-30": {
        "Tax Effect Of Unusual Items": 0.0,
        "Tax Rate For Calcs": 0.219077,
        "Total Unusual Items": 0.0,
        "Total Unusual Items Excluding Goodwill": 0.0,
        "Net Income From Continuing Operation Net Minority Interest": 26794000.0,
        "Reconciled Depreciation": 1611000.0,
        "Net Interest Income": 56984000.0,
        "Interest Expense": 2124000.0,
        "Interest Income": 59108000.0,
        "Normalized Income": 26794000.0,
        "Net Income From Continuing And Discontinued Operation": 26794000.0,
        "Diluted Average Shares": 29346000.0,
        "Basic Average Shares": 29131000.0,
        "Diluted EPS": 0.91,
        "Basic EPS": 0.92,
        "Diluted NI Availto Com Stockholders": 26794000.0,
        "Net Income Common Stockholders": 26794000.0,
        "Net Income": 26794000.0,
        "Minority Interests": -108000.0,
        "Net Income Including Noncontrolling Interests": 26902000.0,
        "Net Income Continuous Operations": 26902000.0,
        "Tax Provision": 7547000.0,
        "Pretax Income": 34449000.0,
        "Special Income Charges": 0.0,
        "Gain On Sale Of Business": NaN,
        "Other Special Charges": NaN,
        "Restructuring And Mergern Acquisition": 0.0,
        "Gain On Sale Of Security": 642000.0,
        "Depreciation Amortization Depletion Income Statement": 1611000.0,
        "Depreciation And Amortization In Income Statement": 1611000.0,
        "Amortization": 1611000.0,
        "Amortization Of Intangibles Income Statement": 1611000.0,
        "Selling General And Administration": 28614000.0,
        "Selling And Marketing Expense": 1445000.0,
        "General And Administrative Expense": 27169000.0,
        "Other Gand A": 4809000.0,
        "Insurance And Claims": 536000.0,
        "Salaries And Wages": 26633000.0,
        "Total Revenue": 77170000.0,
        "Operating Revenue": 77170000.0
    },
    "2022-03-31": {
        "Diluted EPS": 0.29,
        "Total Revenue": 69,
        "Gross Profit": 68,
        "Operating Income": 29,
        "EBIT": NaN,
        "Net Income": 8
    },
    "2021-12-31": {
        "Diluted EPS": 0.94,
        "Total Revenue": 66,
        "Gross Profit": 65,
        "Operating Income": 32,
        "EBIT": NaN,
        "Net Income": 25
    },
    "2021-09-30": {
        "Diluted EPS": 0.87,
        "Total Revenue": 65,
        "Gross Profit": 63,
        "Operating Income": 31,
        "EBIT": NaN,
        "Net Income": 23
    },
    "2021-06-30": {
        "Diluted EPS": 0.17,
        "Total Revenue": 59,
        "Gross Profit": 57,
        "Operating Income": 23,
        "EBIT": NaN,
        "Net Income": 4
    },
    "2021-03-31": {
        "Diluted EPS": 0.99,
        "Total Revenue": 53,
        "Gross Profit": 52,
        "Operating Income": 29,
        "EBIT": NaN,
        "Net Income": 23
    },
    "2020-12-31": {
        "Diluted EPS": 0.78,
        "Total Revenue": 52,
        "Gross Profit": 50,
        "Operating Income": 20,
        "EBIT": NaN,
        "Net Income": 18
    },
    "2020-09-30": {
        "Diluted EPS": 0.64,
        "Total Revenue": 49,
        "Gross Profit": 47,
        "Operating Income": 16,
        "EBIT": NaN,
        "Net Income": 15
    },
    "2020-06-30": {
        "Diluted EPS": 0.59,
        "Total Revenue": 49,
        "Gross Profit": 46,
        "Operating Income": 16,
        "EBIT": NaN,
        "Net Income": 13
    },
    "2020-03-31": {
        "Diluted EPS": 0.58,
        "Total Revenue": 49,
        "Gross Profit": 45,
        "Operating Income": 15,
        "EBIT": NaN,
        "Net Income": 13
    },
    "2019-12-31": {
        "Diluted EPS": 0.73,
        "Total Revenue": 51,
        "Gross Profit": 46,
        "Operating Income": 21,
        "EBIT": NaN,
        "Net Income": 17
    },
    "2019-09-30": {
        "Diluted EPS": 0.76,
        "Total Revenue": 51,
        "Gross Profit": 45,
        "Operating Income": 21,
        "EBIT": NaN,
        "Net Income": 17
    },
    "2019-06-30": {
        "Diluted EPS": 0.72,
        "Total Revenue": 49,
        "Gross Profit": 43,
        "Operating Income": 18,
        "EBIT": NaN,
        "Net Income": 17
    },
    "2019-03-31": {
        "Diluted EPS": 0.68,
        "Total Revenue": 46,
        "Gross Profit": 41,
        "Operating Income": 17,
        "EBIT": NaN,
        "Net Income": 16
    },
    "2018-12-31": {
        "Diluted EPS": 0.65,
        "Total Revenue": 46,
        "Gross Profit": 41,
        "Operating Income": 17,
        "EBIT": NaN,
        "Net Income": 15
    },
    "2018-09-30": {
        "Diluted EPS": 0.6,
        "Total Revenue": 44,
        "Gross Profit": 40,
        "Operating Income": 17,
        "EBIT": NaN,
        "Net Income": 14
    },
    "2018-06-30": {
        "Diluted EPS": 0.59,
        "Total Revenue": 43,
        "Gross Profit": 40,
        "Operating Income": 17,
        "EBIT": NaN,
        "Net Income": 14
    },
    "2018-03-31": {
        "Diluted EPS": 0.58,
        "Total Revenue": 41,
        "Gross Profit": 38,
        "Operating Income": 16,
        "EBIT": NaN,
        "Net Income": 13
    },
    "2017-12-31": {
        "Diluted EPS": 0.22,
        "Total Revenue": 41,
        "Gross Profit": 38,
        "Operating Income": 10,
        "EBIT": NaN,
        "Net Income": 5
    },
    "2017-09-30": {
        "Diluted EPS": 0.51,
        "Total Revenue": 39,
        "Gross Profit": 37,
        "Operating Income": 16,
        "EBIT": NaN,
        "Net Income": 12
    },
    "2017-06-30": {
        "Diluted EPS": 0.46,
        "Total Revenue": 39,
        "Gross Profit": 37,
        "Operating Income": 15,
        "EBIT": NaN,
        "Net Income": 11
    },
    "2017-03-31": {
        "Diluted EPS": 0.47,
        "Total Revenue": 37,
        "Gross Profit": 36,
        "Operating Income": 14,
        "EBIT": NaN,
        "Net Income": 11
    },
    "2016-12-31": {
        "Diluted EPS": 0.45,
        "Total Revenue": 37,
        "Gross Profit": 36,
        "Operating Income": 15,
        "EBIT": NaN,
        "Net Income": 11
    },
    "2016-09-30": {
        "Diluted EPS": 0.46,
        "Total Revenue": 37,
        "Gross Profit": 36,
        "Operating Income": 14,
        "EBIT": NaN,
        "Net Income": 10
    },
    "2016-06-30": {
        "Diluted EPS": 0.45,
        "Total Revenue": 36,
        "Gross Profit": 35,
        "Operating Income": 14,
        "EBIT": NaN,
        "Net Income": 10
    },
    "2016-03-31": {
        "Diluted EPS": 0.44,
        "Total Revenue": 35,
        "Gross Profit": 34,
        "Operating Income": 14,
        "EBIT": NaN,
        "Net Income": 10
    },
    "2015-12-31": {
        "Diluted EPS": 0.43,
        "Total Revenue": 34,
        "Gross Profit": 33,
        "Operating Income": 15,
        "EBIT": NaN,
        "Net Income": 10
    },
    "2015-09-30": {
        "Diluted EPS": 0.41,
        "Total Revenue": 33,
        "Gross Profit": 32,
        "Operating Income": 14,
        "EBIT": NaN,
        "Net Income": 9
    },
    "2015-06-30": {
        "Diluted EPS": 0.4,
        "Total Revenue": 33,
        "Gross Profit": 32,
        "Operating Income": 13,
        "EBIT": NaN,
        "Net Income": 9
    },
    "2015-03-31": {
        "Diluted EPS": 0.41,
        "Total Revenue": 33,
        "Gross Profit": 31,
        "Operating Income": 14,
        "EBIT": NaN,
        "Net Income": 9
    },
    "2014-12-31": {
        "Diluted EPS": 0.38,
        "Total Revenue": 33,
        "Gross Profit": 31,
        "Operating Income": 13,
        "EBIT": NaN,
        "Net Income": 9
    },
    "2014-09-30": {
        "Diluted EPS": 0.45,
        "Total Revenue": 33,
        "Gross Profit": 31,
        "Operating Income": 15,
        "EBIT": NaN,
        "Net Income": 10
    },
    "2014-06-30": {
        "Diluted EPS": 0.37,
        "Total Revenue": 32,
        "Gross Profit": 31,
        "Operating Income": 12,
        "EBIT": NaN,
        "Net Income": 8
    },
    "2014-03-31": {
        "Diluted EPS": 0.37,
        "Total Revenue": 31,
        "Gross Profit": 30,
        "Operating Income": 12,
        "EBIT": NaN,
        "Net Income": 8
    },
    "2013-12-31": {
        "Diluted EPS": 0.28,
        "Total Revenue": 32,
        "Gross Profit": 30,
        "Operating Income": 9,
        "EBIT": NaN,
        "Net Income": 6
    },
    "2013-09-30": {
        "Diluted EPS": 0.35,
        "Total Revenue": 32,
        "Gross Profit": 30,
        "Operating Income": 11,
        "EBIT": NaN,
        "Net Income": 8
    },
    "2013-06-30": {
        "Diluted EPS": 0.3,
        "Total Revenue": 32,
        "Gross Profit": 29,
        "Operating Income": 11,
        "EBIT": NaN,
        "Net Income": 6
    },
    "2013-03-31": {
        "Diluted EPS": 0.33,
        "Total Revenue": 30,
        "Gross Profit": 28,
        "Operating Income": 10,
        "EBIT": NaN,
        "Net Income": 7
    },
    "2012-12-31": {
        "Diluted EPS": 0.31,
        "Total Revenue": 32,
        "Gross Profit": 28,
        "Operating Income": 9,
        "EBIT": NaN,
        "Net Income": 7
    },
    "2012-09-30": {
        "Diluted EPS": 0.32,
        "Total Revenue": 31,
        "Gross Profit": 29,
        "Operating Income": 9,
        "EBIT": NaN,
        "Net Income": 7
    },
    "2012-06-30": {
        "Diluted EPS": 0.29,
        "Total Revenue": 31,
        "Gross Profit": 28,
        "Operating Income": 9,
        "EBIT": NaN,
        "Net Income": 6
    },
    "2012-03-31": {
        "Diluted EPS": 0.31,
        "Total Revenue": 31,
        "Gross Profit": 28,
        "Operating Income": 9,
        "EBIT": NaN,
        "Net Income": 7
    },
    "2011-12-31": {
        "Diluted EPS": 0.31,
        "Total Revenue": 31,
        "Gross Profit": 27,
        "Operating Income": 7,
        "EBIT": NaN,
        "Net Income": 6
    },
    "2011-09-30": {
        "Diluted EPS": 0.28,
        "Total Revenue": 29,
        "Gross Profit": 26,
        "Operating Income": 8,
        "EBIT": NaN,
        "Net Income": 6
    },
    "2011-06-30": {
        "Diluted EPS": 0.29,
        "Total Revenue": 30,
        "Gross Profit": 26,
        "Operating Income": 8,
        "EBIT": NaN,
        "Net Income": 6
    },
    "2011-03-31": {
        "Diluted EPS": 0.27,
        "Total Revenue": 29,
        "Gross Profit": 25,
        "Operating Income": 8,
        "EBIT": NaN,
        "Net Income": 5
    },
    "2010-12-31": {
        "Diluted EPS": 0.3,
        "Total Revenue": 31,
        "Gross Profit": 27,
        "Operating Income": 8,
        "EBIT": NaN,
        "Net Income": 6
    },
    "2010-09-30": {
        "Diluted EPS": 0.31,
        "Total Revenue": 30,
        "Gross Profit": 25,
        "Operating Income": 9,
        "EBIT": NaN,
        "Net Income": 6
    },
    "2010-06-30": {
        "Diluted EPS": 0.27,
        "Total Revenue": 29,
        "Gross Profit": 24,
        "Operating Income": 8,
        "EBIT": NaN,
        "Net Income": 6
    },
    "2010-03-31": {
        "Diluted EPS": 0.24,
        "Total Revenue": 29,
        "Gross Profit": 24,
        "Operating Income": 7,
        "EBIT": NaN,
        "Net Income": 5
    },
    "2009-12-31": {
        "Diluted EPS": 0.14,
        "Total Revenue": 29,
        "Gross Profit": 23,
        "Operating Income": 4,
        "EBIT": NaN,
        "Net Income": 3
    },
    "2009-09-30": {
        "Diluted EPS": 0.21,
        "Total Revenue": 29,
        "Gross Profit": 23,
        "Operating Income": 6,
        "EBIT": NaN,
        "Net Income": 4
    },
    "2009-06-30": {
        "Diluted EPS": 0.21,
        "Total Revenue": 29,
        "Gross Profit": 22,
        "Operating Income": 6,
        "EBIT": NaN,
        "Net Income": 4
    },
    "2009-03-31": {
        "Diluted EPS": 0.23,
        "Total Revenue": 27,
        "Gross Profit": 21,
        "Operating Income": 7,
        "EBIT": NaN,
        "Net Income": 5
    },
    "2023-09-30": {
        "Tax Effect Of Unusual Items": NaN,
        "Tax Rate For Calcs": NaN,
        "Total Unusual Items": NaN,
        "Total Unusual Items Excluding Goodwill": NaN,
        "Net Income From Continuing Operation Net Minority Interest": NaN,
        "Reconciled Depreciation": NaN,
        "Net Interest Income": NaN,
        "Interest Expense": NaN,
        "Interest Income": NaN,
        "Normalized Income": NaN,
        "Net Income From Continuing And Discontinued Operation": NaN,
        "Diluted Average Shares": 29336000.0,
        "Basic Average Shares": 29223000.0,
        "Diluted EPS": 0.92,
        "Basic EPS": 0.93,
        "Diluted NI Availto Com Stockholders": NaN,
        "Net Income Common Stockholders": NaN,
        "Net Income": NaN,
        "Minority Interests": 0.0,
        "Net Income Including Noncontrolling Interests": NaN,
        "Net Income Continuous Operations": NaN,
        "Tax Provision": NaN,
        "Pretax Income": NaN,
        "Special Income Charges": NaN,
        "Other Special Charges": -302000.0,
        "Restructuring And Mergern Acquisition": 0.0,
        "Securities Amortization": NaN,
        "Gain On Sale Of Security": -323000.0,
        "Depreciation Amortization Depletion Income Statement": NaN,
        "Depreciation And Amortization In Income Statement": NaN,
        "Amortization": NaN,
        "Amortization Of Intangibles Income Statement": NaN,
        "Selling General And Administration": NaN,
        "Selling And Marketing Expense": NaN,
        "General And Administrative Expense": NaN,
        "Insurance And Claims": NaN,
        "Salaries And Wages": NaN,
        "Total Revenue": NaN,
        "Operating Revenue": NaN,
        "Occupancy And Equipment": NaN,
        "Professional Expense And Contract Services Expense": NaN,
        "Other Non Interest Expense": NaN
    },
    "2023-12-31": {
        "Tax Effect Of Unusual Items": -22227.892276,
        "Tax Rate For Calcs": 0.211694,
        "Total Unusual Items": -105000.0,
        "Total Unusual Items Excluding Goodwill": -105000.0,
        "Net Income From Continuing Operation Net Minority Interest": 23944000.0,
        "Reconciled Depreciation": 6583000.0,
        "Net Interest Income": 62016000.0,
        "Interest Expense": 33225000.0,
        "Interest Income": 95241000.0,
        "Normalized Income": 24026772.107724,
        "Net Income From Continuing And Discontinued Operation": 23944000.0,
        "Diluted Average Shares": 29331000.0,
        "Basic Average Shares": 29226000.0,
        "Diluted EPS": 0.82,
        "Basic EPS": 0.82,
        "Diluted NI Availto Com Stockholders": 23944000.0,
        "Net Income Common Stockholders": 23944000.0,
        "Net Income": 23944000.0,
        "Minority Interests": 0.0,
        "Net Income Including Noncontrolling Interests": 23944000.0,
        "Net Income Continuous Operations": 23944000.0,
        "Tax Provision": 6430000.0,
        "Pretax Income": 30374000.0,
        "Special Income Charges": -105000.0,
        "Other Special Charges": 105000.0,
        "Restructuring And Mergern Acquisition": 0.0,
        "Securities Amortization": 324000.0,
        "Gain On Sale Of Security": NaN,
        "Depreciation Amortization Depletion Income Statement": 1167000.0,
        "Depreciation And Amortization In Income Statement": 1167000.0,
        "Amortization": 1167000.0,
        "Amortization Of Intangibles Income Statement": 1167000.0,
        "Selling General And Administration": 31137000.0,
        "Selling And Marketing Expense": 1754000.0,
        "General And Administrative Expense": 29383000.0,
        "Insurance And Claims": 1060000.0,
        "Salaries And Wages": 28323000.0,
        "Total Revenue": 84819000.0,
        "Operating Revenue": 84819000.0,
        "Occupancy And Equipment": 5150000.0,
        "Professional Expense And Contract Services Expense": 1293000.0,
        "Other Non Interest Expense": 9223000.0
    },
    "2024-03-31": {
        "Tax Effect Of Unusual Items": 0.0,
        "Tax Rate For Calcs": 0.215,
        "Total Unusual Items": 0.0,
        "Total Unusual Items Excluding Goodwill": 0.0,
        "Net Income From Continuing Operation Net Minority Interest": 25887000.0,
        "Reconciled Depreciation": 3438000.0,
        "Net Interest Income": 60070000.0,
        "Interest Expense": 36475000.0,
        "Interest Income": 96545000.0,
        "Normalized Income": 25887000.0,
        "Net Income From Continuing And Discontinued Operation": 25887000.0,
        "Diluted Average Shares": 29361000.0,
        "Basic Average Shares": 29250000.0,
        "Diluted EPS": 0.88,
        "Basic EPS": 0.89,
        "Diluted NI Availto Com Stockholders": 25887000.0,
        "Net Income Common Stockholders": 25887000.0,
        "Net Income": 25887000.0,
        "Minority Interests": NaN,
        "Net Income Including Noncontrolling Interests": 25887000.0,
        "Net Income Continuous Operations": 25887000.0,
        "Tax Provision": 7068000.0,
        "Pretax Income": 32955000.0,
        "Special Income Charges": 0.0,
        "Other Special Charges": NaN,
        "Restructuring And Mergern Acquisition": NaN,
        "Securities Amortization": 0.0,
        "Gain On Sale Of Security": 865000.0,
        "Depreciation Amortization Depletion Income Statement": 1052000.0,
        "Depreciation And Amortization In Income Statement": 1052000.0,
        "Amortization": 1052000.0,
        "Amortization Of Intangibles Income Statement": 1052000.0,
        "Selling General And Administration": 32284000.0,
        "Selling And Marketing Expense": 1075000.0,
        "General And Administrative Expense": 31209000.0,
        "Insurance And Claims": 1112000.0,
        "Salaries And Wages": 30097000.0,
        "Total Revenue": 81595000.0,
        "Operating Revenue": 81595000.0,
        "Occupancy And Equipment": 3670000.0,
        "Professional Expense And Contract Services Expense": 1115000.0,
        "Other Non Interest Expense": 9094000.0
    },
    "2024-06-30": {
        "Tax Effect Of Unusual Items": 4350.0,
        "Tax Rate For Calcs": 0.2175,
        "Total Unusual Items": 20000.0,
        "Total Unusual Items Excluding Goodwill": 20000.0,
        "Net Income From Continuing Operation Net Minority Interest": 27598000.0,
        "Reconciled Depreciation": 3525000.0,
        "Net Interest Income": 62022000.0,
        "Interest Expense": 38282000.0,
        "Interest Income": 100304000.0,
        "Normalized Income": 27582350.0,
        "Net Income From Continuing And Discontinued Operation": 27598000.0,
        "Diluted Average Shares": 29383000.0,
        "Basic Average Shares": 29283000.0,
        "Diluted EPS": 0.94,
        "Basic EPS": 0.94,
        "Diluted NI Availto Com Stockholders": 27598000.0,
        "Net Income Common Stockholders": 27598000.0,
        "Net Income": 27598000.0,
        "Minority Interests": NaN,
        "Net Income Including Noncontrolling Interests": 27598000.0,
        "Net Income Continuous Operations": 27598000.0,
        "Tax Provision": 7670000.0,
        "Pretax Income": 35268000.0,
        "Special Income Charges": 20000.0,
        "Other Special Charges": -20000.0,
        "Restructuring And Mergern Acquisition": NaN,
        "Securities Amortization": 0.0,
        "Gain On Sale Of Security": 800000.0,
        "Depreciation Amortization Depletion Income Statement": 1051000.0,
        "Depreciation And Amortization In Income Statement": 1051000.0,
        "Amortization": 1051000.0,
        "Amortization Of Intangibles Income Statement": 1051000.0,
        "Selling General And Administration": 32477000.0,
        "Selling And Marketing Expense": 1596000.0,
        "General And Administrative Expense": 30881000.0,
        "Insurance And Claims": 1161000.0,
        "Salaries And Wages": 29720000.0,
        "Total Revenue": 83846000.0,
        "Operating Revenue": 83846000.0,
        "Occupancy And Equipment": 3819000.0,
        "Professional Expense And Contract Services Expense": 1185000.0,
        "Other Non Interest Expense": 8766000.0
    },
    "2024-09-30": {
        "Tax Effect Of Unusual Items": -12183.5,
        "Tax Rate For Calcs": 0.2065,
        "Total Unusual Items": -59000.0,
        "Total Unusual Items Excluding Goodwill": -59000.0,
        "Net Income From Continuing Operation Net Minority Interest": 29360000.0,
        "Reconciled Depreciation": 3447000.0,
        "Net Interest Income": 64979000.0,
        "Interest Expense": 40743000.0,
        "Interest Income": 105722000.0,
        "Normalized Income": 29406816.5,
        "Net Income From Continuing And Discontinued Operation": 29360000.0,
        "Diluted Average Shares": 29445000.0,
        "Basic Average Shares": 29299000.0,
        "Diluted EPS": 1.0,
        "Basic EPS": 1.0,
        "Diluted NI Availto Com Stockholders": 29360000.0,
        "Net Income Common Stockholders": 29360000.0,
        "Net Income": 29360000.0,
        "Minority Interests": NaN,
        "Net Income Including Noncontrolling Interests": 29360000.0,
        "Net Income Continuous Operations": 29360000.0,
        "Tax Provision": 7639000.0,
        "Pretax Income": 36999000.0,
        "Special Income Charges": -59000.0,
        "Other Special Charges": 59000.0,
        "Restructuring And Mergern Acquisition": NaN,
        "Securities Amortization": 0.0,
        "Gain On Sale Of Security": NaN,
        "Depreciation Amortization Depletion Income Statement": 1052000.0,
        "Depreciation And Amortization In Income Statement": 1052000.0,
        "Amortization": 1052000.0,
        "Amortization Of Intangibles Income Statement": 1052000.0,
        "Selling General And Administration": 32696000.0,
        "Selling And Marketing Expense": 1438000.0,
        "General And Administrative Expense": 31258000.0,
        "Insurance And Claims": 1095000.0,
        "Salaries And Wages": 30163000.0,
        "Total Revenue": 87990000.0,
        "Operating Revenue": 87990000.0,
        "Occupancy And Equipment": 3775000.0,
        "Professional Expense And Contract Services Expense": 968000.0,
        "Other Non Interest Expense": 8116000.0
    },
    "2024-12-31": {
        "Tax Effect Of Unusual Items": -11609.697527,
        "Tax Rate For Calcs": 0.190323,
        "Total Unusual Items": -61000.0,
        "Total Unusual Items Excluding Goodwill": -61000.0,
        "Net Income From Continuing Operation Net Minority Interest": 31694000.0,
        "Reconciled Depreciation": 2944000.0,
        "Net Interest Income": 69969000.0,
        "Interest Expense": 40339000.0,
        "Interest Income": 110308000.0,
        "Normalized Income": 31743390.302473,
        "Net Income From Continuing And Discontinued Operation": 31694000.0,
        "Diluted Average Shares": NaN,
        "Basic Average Shares": NaN,
        "Diluted EPS": NaN,
        "Basic EPS": NaN,
        "Diluted NI Availto Com Stockholders": 31694000.0,
        "Net Income Common Stockholders": 31694000.0,
        "Net Income": 31694000.0,
        "Minority Interests": NaN,
        "Net Income Including Noncontrolling Interests": 31694000.0,
        "Net Income Continuous Operations": 31694000.0,
        "Tax Provision": 7450000.0,
        "Pretax Income": 39144000.0,
        "Special Income Charges": -61000.0,
        "Other Special Charges": 61000.0,
        "Restructuring And Mergern Acquisition": NaN,
        "Securities Amortization": 0.0,
        "Gain On Sale Of Security": NaN,
        "Depreciation Amortization Depletion Income Statement": 1330000.0,
        "Depreciation And Amortization In Income Statement": 1330000.0,
        "Amortization": 1330000.0,
        "Amortization Of Intangibles Income Statement": 1330000.0,
        "Selling General And Administration": 35116000.0,
        "Selling And Marketing Expense": 2815000.0,
        "General And Administrative Expense": 32301000.0,
        "Insurance And Claims": 1171000.0,
        "Salaries And Wages": 31130000.0,
        "Total Revenue": 91677000.0,
        "Operating Revenue": 91677000.0,
        "Occupancy And Equipment": 3929000.0,
        "Professional Expense And Contract Services Expense": 843000.0,
        "Other Non Interest Expense": 8579000.0
    }
}