{
    "2023-06-30": {
        "Tax Effect Of Unusual Items": NaN,
        "Tax Rate For Calcs": NaN,
        "Normalized EBITDA": NaN,
        "Net Income From Continuing Operation Net Minority Interest": NaN,
        "Reconciled Depreciation": NaN,
        "Reconciled Cost Of Revenue": NaN,
        "EBITDA": NaN,
        "EBIT": NaN,
        "Normalized Income": NaN,
        "Net Income From Continuing And Discontinued Operation": NaN,
        "Total Expenses": NaN,
        "Total Operating Income As Reported": NaN,
        "Diluted Average Shares": NaN,
        "Basic Average Shares": NaN,
        "Diluted EPS": NaN,
        "Basic EPS": NaN,
        "Diluted NI Availto Com Stockholders": NaN,
        "Net Income Common Stockholders": NaN,
        "Otherunder Preferred Stock Dividend": 0.0,
        "Net Income": NaN,
        "Minority Interests": NaN,
        "Net Income Including Noncontrolling Interests": NaN,
        "Net Income Continuous Operations": NaN,
        "Earnings From Equity Interest Net Of Tax": 0.0,
        "Tax Provision": NaN,
        "Pretax Income": NaN,
        "Other Income Expense": NaN,
        "Other Non Operating Income Expenses": NaN,
        "Operating Income": NaN,
        "Operating Expense": NaN,
        "Research And Development": NaN,
        "Selling General And Administration": NaN,
        "Gross Profit": NaN,
        "Cost Of Revenue": NaN,
        "Total Revenue": NaN,
        "Operating Revenue": NaN
    },
    "2023-03-31": {
        "Tax Effect Of Unusual Items": NaN,
        "Tax Rate For Calcs": NaN,
        "Normalized EBITDA": NaN,
        "Net Income From Continuing Operation Net Minority Interest": NaN,
        "Reconciled Depreciation": NaN,
        "Reconciled Cost Of Revenue": NaN,
        "EBITDA": NaN,
        "EBIT": NaN,
        "Normalized Income": NaN,
        "Net Income From Continuing And Discontinued Operation": NaN,
        "Total Expenses": NaN,
        "Total Operating Income As Reported": NaN,
        "Diluted Average Shares": NaN,
        "Basic Average Shares": NaN,
        "Diluted EPS": NaN,
        "Basic EPS": NaN,
        "Diluted NI Availto Com Stockholders": NaN,
        "Net Income Common Stockholders": NaN,
        "Otherunder Preferred Stock Dividend": 0.0,
        "Net Income": NaN,
        "Minority Interests": NaN,
        "Net Income Including Noncontrolling Interests": NaN,
        "Net Income Continuous Operations": NaN,
        "Earnings From Equity Interest Net Of Tax": NaN,
        "Tax Provision": NaN,
        "Pretax Income": NaN,
        "Other Income Expense": NaN,
        "Other Non Operating Income Expenses": NaN,
        "Operating Income": NaN,
        "Operating Expense": NaN,
        "Research And Development": NaN,
        "Selling General And Administration": NaN,
        "Gross Profit": NaN,
        "Cost Of Revenue": NaN,
        "Total Revenue": NaN,
        "Operating Revenue": NaN
    },
    "2022-12-31": {
        "Tax Effect Of Unusual Items": NaN,
        "Tax Rate For Calcs": NaN,
        "Normalized EBITDA": NaN,
        "Net Income From Continuing Operation Net Minority Interest": NaN,
        "Reconciled Depreciation": NaN,
        "Reconciled Cost Of Revenue": NaN,
        "EBITDA": NaN,
        "EBIT": NaN,
        "Normalized Income": NaN,
        "Net Income From Continuing And Discontinued Operation": NaN,
        "Total Expenses": NaN,
        "Total Operating Income As Reported": NaN,
        "Diluted Average Shares": NaN,
        "Basic Average Shares": NaN,
        "Diluted EPS": NaN,
        "Basic EPS": NaN,
        "Diluted NI Availto Com Stockholders": NaN,
        "Net Income Common Stockholders": NaN,
        "Otherunder Preferred Stock Dividend": 0.0,
        "Net Income": NaN,
        "Minority Interests": NaN,
        "Net Income Including Noncontrolling Interests": NaN,
        "Net Income Continuous Operations": NaN,
        "Earnings From Equity Interest Net Of Tax": NaN,
        "Tax Provision": NaN,
        "Pretax Income": NaN,
        "Other Income Expense": NaN,
        "Other Non Operating Income Expenses": NaN,
        "Operating Income": NaN,
        "Operating Expense": NaN,
        "Research And Development": NaN,
        "Selling General And Administration": NaN,
        "Gross Profit": NaN,
        "Cost Of Revenue": NaN,
        "Total Revenue": NaN,
        "Operating Revenue": NaN
    },
    "2022-09-30": {
        "Tax Effect Of Unusual Items": NaN,
        "Tax Rate For Calcs": NaN,
        "Normalized EBITDA": NaN,
        "Net Income From Continuing Operation Net Minority Interest": NaN,
        "Reconciled Depreciation": NaN,
        "Reconciled Cost Of Revenue": NaN,
        "EBITDA": NaN,
        "EBIT": NaN,
        "Normalized Income": NaN,
        "Net Income From Continuing And Discontinued Operation": NaN,
        "Total Expenses": NaN,
        "Total Operating Income As Reported": NaN,
        "Diluted Average Shares": NaN,
        "Basic Average Shares": NaN,
        "Diluted EPS": NaN,
        "Basic EPS": NaN,
        "Diluted NI Availto Com Stockholders": NaN,
        "Net Income Common Stockholders": NaN,
        "Otherunder Preferred Stock Dividend": 0.0,
        "Net Income": NaN,
        "Minority Interests": NaN,
        "Net Income Including Noncontrolling Interests": NaN,
        "Net Income Continuous Operations": NaN,
        "Tax Provision": NaN,
        "Pretax Income": NaN,
        "Other Income Expense": NaN,
        "Other Non Operating Income Expenses": NaN,
        "Operating Income": NaN,
        "Operating Expense": NaN,
        "Research And Development": NaN,
        "Selling General And Administration": NaN,
        "Gross Profit": NaN,
        "Cost Of Revenue": NaN,
        "Total Revenue": NaN,
        "Operating Revenue": NaN
    },
    "2022-06-30": {
        "Tax Effect Of Unusual Items": 0.0,
        "Tax Rate For Calcs": 0.0,
        "Normalized EBITDA": -33031000.0,
        "Net Income From Continuing Operation Net Minority Interest": -20492000.0,
        "Reconciled Depreciation": 1426000.0,
        "Reconciled Cost Of Revenue": 144008000.0,
        "EBITDA": -33031000.0,
        "EBIT": -33031000.0,
        "Normalized Income": -20492000.0,
        "Net Income From Continuing And Discontinued Operation": -20492000.0,
        "Total Expenses": 208583000.0,
        "Total Operating Income As Reported": -33031000.0,
        "Diluted Average Shares": 50664146.0,
        "Basic Average Shares": 50664146.0,
        "Diluted EPS": -0.03,
        "Basic EPS": -0.03,
        "Diluted NI Availto Com Stockholders": -1314000.0,
        "Net Income Common Stockholders": -1314000.0,
        "Otherunder Preferred Stock Dividend": -19178000.0,
        "Net Income": -20492000.0,
        "Minority Interests": 12383000.0,
        "Net Income Including Noncontrolling Interests": -32875000.0,
        "Net Income Continuous Operations": -32875000.0,
        "Tax Provision": 0.0,
        "Pretax Income": -32875000.0,
        "Other Income Expense": 156000.0,
        "Other Non Operating Income Expenses": 156000.0,
        "Operating Income": -33031000.0,
        "Operating Expense": 64575000.0,
        "Research And Development": 35140000.0,
        "Selling General And Administration": 29435000.0,
        "Gross Profit": 31544000.0,
        "Cost Of Revenue": 144008000.0,
        "Total Revenue": 175552000.0,
        "Operating Revenue": 175552000.0
    },
    "2022-03-31": {
        "Diluted EPS": 0.0,
        "Total Revenue": 96,
        "Gross Profit": 17,
        "Operating Income": -30,
        "EBIT": -29,
        "Net Income": NaN
    },
    "2021-12-31": {
        "Diluted EPS": 0.0,
        "Total Revenue": NaN,
        "Gross Profit": NaN,
        "Operating Income": NaN,
        "EBIT": NaN,
        "Net Income": NaN
    },
    "2021-09-30": {
        "Diluted EPS": -0.05,
        "Total Revenue": NaN,
        "Gross Profit": NaN,
        "Operating Income": -2,
        "EBIT": NaN,
        "Net Income": -2
    },
    "2021-06-30": {
        "Diluted EPS": 0.0,
        "Total Revenue": 131,
        "Gross Profit": 0,
        "Operating Income": -38,
        "EBIT": -38,
        "Net Income": -38
    },
    "2021-03-31": {
        "Diluted EPS": -0.04,
        "Total Revenue": NaN,
        "Gross Profit": NaN,
        "Operating Income": -1,
        "EBIT": -1,
        "Net Income": -1
    },
    "2020-12-31": {
        "Diluted EPS": 0.0,
        "Total Revenue": NaN,
        "Gross Profit": NaN,
        "Operating Income": NaN,
        "EBIT": NaN,
        "Net Income": NaN
    },
    "2020-09-30": {
        "Diluted EPS": 0.0,
        "Total Revenue": NaN,
        "Gross Profit": NaN,
        "Operating Income": NaN,
        "EBIT": NaN,
        "Net Income": NaN
    },
    "2023-09-30": {
        "Tax Effect Of Unusual Items": NaN,
        "Tax Rate For Calcs": NaN,
        "Normalized EBITDA": NaN,
        "Net Income From Continuing Operation Net Minority Interest": NaN,
        "Reconciled Depreciation": NaN,
        "Reconciled Cost Of Revenue": NaN,
        "EBITDA": NaN,
        "EBIT": NaN,
        "Normalized Income": NaN,
        "Net Income From Continuing And Discontinued Operation": NaN,
        "Total Expenses": NaN,
        "Total Operating Income As Reported": NaN,
        "Diluted Average Shares": NaN,
        "Basic Average Shares": NaN,
        "Diluted EPS": NaN,
        "Basic EPS": NaN,
        "Diluted NI Availto Com Stockholders": NaN,
        "Net Income Common Stockholders": NaN,
        "Otherunder Preferred Stock Dividend": 0.0,
        "Net Income": NaN,
        "Minority Interests": NaN,
        "Net Income Including Noncontrolling Interests": NaN,
        "Net Income Continuous Operations": NaN,
        "Earnings From Equity Interest Net Of Tax": NaN,
        "Tax Provision": NaN,
        "Pretax Income": NaN,
        "Other Income Expense": NaN,
        "Other Non Operating Income Expenses": NaN,
        "Operating Income": NaN,
        "Operating Expense": NaN,
        "Research And Development": NaN,
        "Selling General And Administration": NaN,
        "Gross Profit": NaN,
        "Cost Of Revenue": NaN,
        "Total Revenue": NaN,
        "Operating Revenue": NaN
    },
    "2023-12-31": {
        "Tax Effect Of Unusual Items": 0.0,
        "Tax Rate For Calcs": 0.21,
        "Normalized EBITDA": -21902000.0,
        "Net Income From Continuing Operation Net Minority Interest": -2836000.0,
        "Reconciled Depreciation": 3197000.0,
        "Reconciled Cost Of Revenue": 295886000.0,
        "EBITDA": -21902000.0,
        "EBIT": -25099000.0,
        "Normalized Income": -2836000.0,
        "Net Income From Continuing And Discontinued Operation": -2836000.0,
        "Total Expenses": 385042000.0,
        "Total Operating Income As Reported": -25099000.0,
        "Diluted Average Shares": 83320943.0,
        "Basic Average Shares": 83320943.0,
        "Diluted EPS": -0.02,
        "Basic EPS": -0.02,
        "Diluted NI Availto Com Stockholders": -2836000.0,
        "Net Income Common Stockholders": -2836000.0,
        "Otherunder Preferred Stock Dividend": NaN,
        "Net Income": -2836000.0,
        "Minority Interests": 16236000.0,
        "Net Income Including Noncontrolling Interests": -19072000.0,
        "Net Income Continuous Operations": -19072000.0,
        "Earnings From Equity Interest Net Of Tax": 0.0,
        "Tax Provision": 172000.0,
        "Pretax Income": -18900000.0,
        "Other Income Expense": 6199000.0,
        "Other Non Operating Income Expenses": 6199000.0,
        "Operating Income": -25099000.0,
        "Operating Expense": 89156000.0,
        "Research And Development": 42144000.0,
        "Selling General And Administration": 47012000.0,
        "Gross Profit": 64057000.0,
        "Cost Of Revenue": 295886000.0,
        "Total Revenue": 359943000.0,
        "Operating Revenue": 359943000.0
    },
    "2024-03-31": {
        "Tax Effect Of Unusual Items": 0.0,
        "Tax Rate For Calcs": 0.004575,
        "Normalized EBITDA": -61739000.0,
        "Net Income From Continuing Operation Net Minority Interest": -8809000.0,
        "Reconciled Depreciation": 3155000.0,
        "Reconciled Cost Of Revenue": 363112000.0,
        "EBITDA": -61739000.0,
        "EBIT": -64894000.0,
        "Normalized Income": -8809000.0,
        "Net Income From Continuing And Discontinued Operation": -8809000.0,
        "Total Expenses": 458226000.0,
        "Total Operating Income As Reported": -64894000.0,
        "Diluted Average Shares": 93043769.0,
        "Basic Average Shares": 93043769.0,
        "Diluted EPS": -0.07,
        "Basic EPS": -0.07,
        "Diluted NI Availto Com Stockholders": -8809000.0,
        "Net Income Common Stockholders": -8809000.0,
        "Net Income": -8809000.0,
        "Minority Interests": 46021000.0,
        "Net Income Including Noncontrolling Interests": -54830000.0,
        "Net Income Continuous Operations": -54830000.0,
        "Earnings From Equity Interest Net Of Tax": 0.0,
        "Tax Provision": -252000.0,
        "Pretax Income": -55082000.0,
        "Other Income Expense": 9812000.0,
        "Other Non Operating Income Expenses": 9812000.0,
        "Operating Income": -64894000.0,
        "Operating Expense": 95114000.0,
        "Research And Development": 46462000.0,
        "Selling General And Administration": 48652000.0,
        "Gross Profit": 30220000.0,
        "Cost Of Revenue": 363112000.0,
        "Total Revenue": 393332000.0,
        "Operating Revenue": 393332000.0
    },
    "2024-06-30": {
        "Tax Effect Of Unusual Items": NaN,
        "Tax Rate For Calcs": NaN,
        "Normalized EBITDA": NaN,
        "Total Unusual Items": NaN,
        "Total Unusual Items Excluding Goodwill": NaN,
        "Net Income From Continuing Operation Net Minority Interest": NaN,
        "Reconciled Depreciation": NaN,
        "Reconciled Cost Of Revenue": NaN,
        "EBITDA": NaN,
        "EBIT": NaN,
        "Normalized Income": NaN,
        "Net Income From Continuing And Discontinued Operation": NaN,
        "Total Expenses": NaN,
        "Total Operating Income As Reported": NaN,
        "Diluted Average Shares": 102414284.0,
        "Basic Average Shares": 102414284.0,
        "Diluted EPS": -0.02,
        "Basic EPS": -0.02,
        "Diluted NI Availto Com Stockholders": NaN,
        "Net Income Common Stockholders": NaN,
        "Net Income": NaN,
        "Minority Interests": NaN,
        "Net Income Including Noncontrolling Interests": NaN,
        "Net Income Continuous Operations": NaN,
        "Earnings From Equity Interest Net Of Tax": NaN,
        "Tax Provision": NaN,
        "Pretax Income": NaN,
        "Other Income Expense": NaN,
        "Other Non Operating Income Expenses": NaN,
        "Special Income Charges": NaN,
        "Restructuring And Mergern Acquisition": NaN,
        "Operating Income": NaN,
        "Operating Expense": NaN,
        "Research And Development": NaN,
        "Selling General And Administration": NaN,
        "Gross Profit": NaN,
        "Cost Of Revenue": NaN,
        "Total Revenue": NaN,
        "Operating Revenue": NaN
    },
    "2024-09-30": {
        "Tax Effect Of Unusual Items": 0.0,
        "Tax Rate For Calcs": 0.21,
        "Normalized EBITDA": -15105000.0,
        "Total Unusual Items": NaN,
        "Total Unusual Items Excluding Goodwill": NaN,
        "Net Income From Continuing Operation Net Minority Interest": -2494000.0,
        "Reconciled Depreciation": 6432000.0,
        "Reconciled Cost Of Revenue": 439574000.0,
        "EBITDA": -15105000.0,
        "EBIT": -21537000.0,
        "Normalized Income": -2494000.0,
        "Net Income From Continuing And Discontinued Operation": -2494000.0,
        "Total Expenses": 525103000.0,
        "Total Operating Income As Reported": -21537000.0,
        "Diluted Average Shares": 108646977.0,
        "Basic Average Shares": 104146479.0,
        "Diluted EPS": 0.05,
        "Basic EPS": 0.05,
        "Diluted NI Availto Com Stockholders": -2494000.0,
        "Net Income Common Stockholders": -2494000.0,
        "Net Income": -2494000.0,
        "Minority Interests": 14055000.0,
        "Net Income Including Noncontrolling Interests": -16549000.0,
        "Net Income Continuous Operations": -16549000.0,
        "Earnings From Equity Interest Net Of Tax": -240000.0,
        "Tax Provision": 4188000.0,
        "Pretax Income": -12121000.0,
        "Other Income Expense": 9416000.0,
        "Other Non Operating Income Expenses": 9416000.0,
        "Special Income Charges": NaN,
        "Restructuring And Mergern Acquisition": NaN,
        "Operating Income": -21537000.0,
        "Operating Expense": 85529000.0,
        "Research And Development": 40130000.0,
        "Selling General And Administration": 45399000.0,
        "Gross Profit": 63992000.0,
        "Cost Of Revenue": 439574000.0,
        "Total Revenue": 503566000.0,
        "Operating Revenue": 503566000.0
    },
    "2024-12-31": {
        "Tax Effect Of Unusual Items": 0.0,
        "Tax Rate For Calcs": 0.21,
        "Normalized EBITDA": -15323000.0,
        "Total Unusual Items": 0.0,
        "Total Unusual Items Excluding Goodwill": 0.0,
        "Net Income From Continuing Operation Net Minority Interest": -3175000.0,
        "Reconciled Depreciation": 7645000.0,
        "Reconciled Cost Of Revenue": 405677000.0,
        "EBITDA": -15323000.0,
        "EBIT": -22968000.0,
        "Normalized Income": -3175000.0,
        "Net Income From Continuing And Discontinued Operation": -3175000.0,
        "Total Expenses": 509661000.0,
        "Total Operating Income As Reported": -22968000.0,
        "Diluted Average Shares": 106098566.0,
        "Basic Average Shares": 106098566.0,
        "Diluted EPS": -0.03,
        "Basic EPS": -0.03,
        "Diluted NI Availto Com Stockholders": -3175000.0,
        "Net Income Common Stockholders": -3175000.0,
        "Net Income": -3175000.0,
        "Minority Interests": 13684000.0,
        "Net Income Including Noncontrolling Interests": -16859000.0,
        "Net Income Continuous Operations": -16859000.0,
        "Earnings From Equity Interest Net Of Tax": -1564000.0,
        "Tax Provision": 150000.0,
        "Pretax Income": -15145000.0,
        "Other Income Expense": 7823000.0,
        "Other Non Operating Income Expenses": 7823000.0,
        "Special Income Charges": 0.0,
        "Restructuring And Mergern Acquisition": 0.0,
        "Operating Income": -22968000.0,
        "Operating Expense": 103984000.0,
        "Research And Development": 43279000.0,
        "Selling General And Administration": 60705000.0,
        "Gross Profit": 81016000.0,
        "Cost Of Revenue": 405677000.0,
        "Total Revenue": 486693000.0,
        "Operating Revenue": 486693000.0
    },
    "2025-03-31": {
        "Tax Effect Of Unusual Items": 0.0,
        "Tax Rate For Calcs": 0.0612,
        "Normalized EBITDA": -19780000.0,
        "Total Unusual Items": NaN,
        "Total Unusual Items Excluding Goodwill": NaN,
        "Net Income From Continuing Operation Net Minority Interest": -3925000.0,
        "Reconciled Depreciation": 12279000.0,
        "Reconciled Cost Of Revenue": 441823000.0,
        "EBITDA": -19780000.0,
        "EBIT": -32059000.0,
        "Normalized Income": -3925000.0,
        "Net Income From Continuing And Discontinued Operation": -3925000.0,
        "Total Expenses": 581710000.0,
        "Total Operating Income As Reported": -32059000.0,
        "Diluted Average Shares": 107726978.0,
        "Basic Average Shares": 107726978.0,
        "Diluted EPS": -0.04,
        "Basic EPS": -0.04,
        "Diluted NI Availto Com Stockholders": -3925000.0,
        "Net Income Common Stockholders": -3925000.0,
        "Net Income": -3925000.0,
        "Minority Interests": 17513000.0,
        "Net Income Including Noncontrolling Interests": -21438000.0,
        "Net Income Continuous Operations": -21438000.0,
        "Earnings From Equity Interest Net Of Tax": -2490000.0,
        "Tax Provision": -1397000.0,
        "Pretax Income": -20345000.0,
        "Other Income Expense": 11714000.0,
        "Other Non Operating Income Expenses": 11714000.0,
        "Special Income Charges": NaN,
        "Restructuring And Mergern Acquisition": NaN,
        "Operating Income": -32059000.0,
        "Operating Expense": 139887000.0,
        "Research And Development": 61540000.0,
        "Selling General And Administration": 78347000.0,
        "Gross Profit": 107828000.0,
        "Cost Of Revenue": 441823000.0,
        "Total Revenue": 549651000.0,
        "Operating Revenue": 549651000.0
    },
    "2025-06-30": {
        "Tax Effect Of Unusual Items": -3435810.0,
        "Tax Rate For Calcs": 0.21,
        "Normalized EBITDA": 10368000.0,
        "Total Unusual Items": -16361000.0,
        "Total Unusual Items Excluding Goodwill": -16361000.0,
        "Net Income From Continuing Operation Net Minority Interest": -5913000.0,
        "Reconciled Depreciation": 14202000.0,
        "Reconciled Cost Of Revenue": 484499000.0,
        "EBITDA": -5993000.0,
        "EBIT": -20195000.0,
        "Normalized Income": 7012190.0,
        "Net Income From Continuing And Discontinued Operation": -5913000.0,
        "Total Expenses": 612316000.0,
        "Total Operating Income As Reported": -36556000.0,
        "Diluted Average Shares": 109201745.0,
        "Basic Average Shares": 109201745.0,
        "Diluted EPS": -0.05,
        "Basic EPS": -0.05,
        "Diluted NI Availto Com Stockholders": -5913000.0,
        "Net Income Common Stockholders": -5913000.0,
        "Net Income": -5913000.0,
        "Minority Interests": 26012000.0,
        "Net Income Including Noncontrolling Interests": -31925000.0,
        "Net Income Continuous Operations": -31925000.0,
        "Earnings From Equity Interest Net Of Tax": -3776000.0,
        "Tax Provision": 44000.0,
        "Pretax Income": -28105000.0,
        "Other Income Expense": -7910000.0,
        "Other Non Operating Income Expenses": 8451000.0,
        "Special Income Charges": -16361000.0,
        "Restructuring And Mergern Acquisition": 16361000.0,
        "Operating Income": -20195000.0,
        "Operating Expense": 127817000.0,
        "Research And Development": 52147000.0,
        "Selling General And Administration": 75670000.0,
        "Gross Profit": 107622000.0,
        "Cost Of Revenue": 484499000.0,
        "Total Revenue": 592121000.0,
        "Operating Revenue": 592121000.0
    },
    "2025-09-30": {
        "Tax Effect Of Unusual Items": -201254.913421,
        "Tax Rate For Calcs": 0.030905,
        "Normalized EBITDA": 1264000.0,
        "Total Unusual Items": -6512000.0,
        "Total Unusual Items Excluding Goodwill": -6512000.0,
        "Net Income From Continuing Operation Net Minority Interest": -3623000.0,
        "Reconciled Depreciation": 10003000.0,
        "Reconciled Cost Of Revenue": 491336000.0,
        "EBITDA": -5248000.0,
        "EBIT": -15251000.0,
        "Normalized Income": 2687745.086579,
        "Net Income From Continuing And Discontinued Operation": -3623000.0,
        "Total Expenses": 633708000.0,
        "Total Operating Income As Reported": -21763000.0,
        "Diluted Average Shares": 111697093.0,
        "Basic Average Shares": 111697093.0,
        "Diluted EPS": -0.03,
        "Basic EPS": -0.03,
        "Diluted NI Availto Com Stockholders": -3623000.0,
        "Net Income Common Stockholders": -3623000.0,
        "Net Income": -3623000.0,
        "Minority Interests": 15526000.0,
        "Net Income Including Noncontrolling Interests": -19149000.0,
        "Net Income Continuous Operations": -19149000.0,
        "Earnings From Equity Interest Net Of Tax": -5885000.0,
        "Tax Provision": -423000.0,
        "Pretax Income": -13687000.0,
        "Other Income Expense": 1564000.0,
        "Other Non Operating Income Expenses": 8076000.0,
        "Special Income Charges": -6512000.0,
        "Restructuring And Mergern Acquisition": 6512000.0,
        "Operating Income": -15251000.0,
        "Operating Expense": 142372000.0,
        "Research And Development": 58734000.0,
        "Selling General And Administration": 83638000.0,
        "Gross Profit": 127121000.0,
        "Cost Of Revenue": 491336000.0,
        "Total Revenue": 618457000.0,
        "Operating Revenue": 618457000.0
    },
    "2025-12-31": {
        "Tax Effect Of Unusual Items": -117612.0,
        "Tax Rate For Calcs": 0.044,
        "Normalized EBITDA": 21964000.0,
        "Total Unusual Items": -2673000.0,
        "Total Unusual Items Excluding Goodwill": -2673000.0,
        "Net Income From Continuing Operation Net Minority Interest": 2602000.0,
        "Reconciled Depreciation": 10092000.0,
        "Reconciled Cost Of Revenue": 496561000.0,
        "EBITDA": 19291000.0,
        "EBIT": 9199000.0,
        "Normalized Income": 5157388.0,
        "Net Income From Continuing And Discontinued Operation": 2602000.0,
        "Total Expenses": 620786000.0,
        "Total Operating Income As Reported": 6526000.0,
        "Diluted Average Shares": 127870238.0,
        "Basic Average Shares": 115474119.0,
        "Diluted EPS": 0.02,
        "Basic EPS": 0.02,
        "Diluted NI Availto Com Stockholders": 2602000.0,
        "Net Income Common Stockholders": 2602000.0,
        "Net Income": 2602000.0,
        "Minority Interests": -10756000.0,
        "Net Income Including Noncontrolling Interests": 13358000.0,
        "Net Income Continuous Operations": 13358000.0,
        "Earnings From Equity Interest Net Of Tax": -5799000.0,
        "Tax Provision": 615000.0,
        "Pretax Income": 19772000.0,
        "Other Income Expense": 10573000.0,
        "Other Non Operating Income Expenses": 13246000.0,
        "Special Income Charges": -2673000.0,
        "Restructuring And Mergern Acquisition": 2673000.0,
        "Operating Income": 9199000.0,
        "Operating Expense": 124225000.0,
        "Research And Development": 43006000.0,
        "Selling General And Administration": 81219000.0,
        "Gross Profit": 133424000.0,
        "Cost Of Revenue": 496561000.0,
        "Total Revenue": 629985000.0,
        "Operating Revenue": 629985000.0
    }
}