{
    "2023-03-31": {
        "Tax Effect Of Unusual Items": -3394826.255289,
        "Tax Rate For Calcs": 0.040087,
        "Normalized EBITDA": 97371000.0,
        "Total Unusual Items": -84687000.0,
        "Total Unusual Items Excluding Goodwill": -84687000.0,
        "Net Income From Continuing Operation Net Minority Interest": -72149000.0,
        "Reconciled Depreciation": 61587000.0,
        "Reconciled Cost Of Revenue": 1088549000.0,
        "EBITDA": 12684000.0,
        "EBIT": -48903000.0,
        "Net Interest Income": -26259000.0,
        "Interest Expense": 26259000.0,
        "Interest Income": 528000.0,
        "Normalized Income": 9143173.744711,
        "Net Income From Continuing And Discontinued Operation": -72149000.0,
        "Total Expenses": 1311653000.0,
        "Total Operating Income As Reported": -39540000.0,
        "Diluted Average Shares": 103326000.0,
        "Basic Average Shares": 103326000.0,
        "Diluted EPS": -0.7,
        "Basic EPS": -0.7,
        "Diluted NI Availto Com Stockholders": -72149000.0,
        "Net Income Common Stockholders": -72149000.0,
        "Net Income": -72149000.0,
        "Net Income Including Noncontrolling Interests": -72149000.0,
        "Net Income Continuous Operations": -72149000.0,
        "Tax Provision": -3013000.0,
        "Pretax Income": -75162000.0,
        "Other Income Expense": -94050000.0,
        "Other Non Operating Income Expenses": -9363000.0,
        "Special Income Charges": -84687000.0,
        "Other Special Charges": NaN,
        "Restructuring And Mergern Acquisition": 84687000.0,
        "Earnings From Equity Interest": -550000.0,
        "Gain On Sale Of Security": -7550000.0,
        "Net Non Operating Interest Income Expense": -26259000.0,
        "Interest Expense Non Operating": 26259000.0,
        "Interest Income Non Operating": 528000.0,
        "Operating Income": 45147000.0,
        "Operating Expense": 223104000.0,
        "Depreciation Amortization Depletion Income Statement": 61587000.0,
        "Depreciation And Amortization In Income Statement": 61587000.0,
        "Amortization": 38414000.0,
        "Amortization Of Intangibles Income Statement": 38414000.0,
        "Depreciation Income Statement": 23173000.0,
        "Selling General And Administration": 161517000.0,
        "Gross Profit": 268251000.0,
        "Cost Of Revenue": 1088549000.0,
        "Total Revenue": 1356800000.0,
        "Operating Revenue": 1356800000.0
    },
    "2022-12-31": {
        "Tax Effect Of Unusual Items": -9649600.0,
        "Tax Rate For Calcs": 0.4,
        "Normalized EBITDA": 152202000.0,
        "Total Unusual Items": -24124000.0,
        "Total Unusual Items Excluding Goodwill": -24124000.0,
        "Net Income From Continuing Operation Net Minority Interest": 55528000.0,
        "Reconciled Depreciation": 62242000.0,
        "Reconciled Cost Of Revenue": 1041703000.0,
        "EBITDA": 128078000.0,
        "EBIT": 65836000.0,
        "Net Interest Income": -25132000.0,
        "Interest Expense": 25132000.0,
        "Interest Income": 1267000.0,
        "Normalized Income": 70002400.0,
        "Net Income From Continuing And Discontinued Operation": 55528000.0,
        "Total Expenses": 1241638000.0,
        "Total Operating Income As Reported": 94855000.0,
        "Diluted Average Shares": 103219000.0,
        "Basic Average Shares": 102905000.0,
        "Diluted EPS": 0.54,
        "Basic EPS": 0.54,
        "Diluted NI Availto Com Stockholders": 55528000.0,
        "Net Income Common Stockholders": 55528000.0,
        "Net Income": 55528000.0,
        "Net Income Including Noncontrolling Interests": 55528000.0,
        "Net Income Continuous Operations": 55528000.0,
        "Tax Provision": -14824000.0,
        "Pretax Income": 40704000.0,
        "Other Income Expense": -52393000.0,
        "Other Non Operating Income Expenses": -28269000.0,
        "Special Income Charges": -24124000.0,
        "Other Special Charges": 750000.0,
        "Restructuring And Mergern Acquisition": 23374000.0,
        "Earnings From Equity Interest": 0.0,
        "Gain On Sale Of Security": -26664000.0,
        "Net Non Operating Interest Income Expense": -25132000.0,
        "Interest Expense Non Operating": 25132000.0,
        "Interest Income Non Operating": 1267000.0,
        "Operating Income": 118229000.0,
        "Operating Expense": 199935000.0,
        "Depreciation Amortization Depletion Income Statement": 62242000.0,
        "Depreciation And Amortization In Income Statement": 62242000.0,
        "Amortization": 39806000.0,
        "Amortization Of Intangibles Income Statement": 39806000.0,
        "Depreciation Income Statement": 22436000.0,
        "Selling General And Administration": 137693000.0,
        "Gross Profit": 318164000.0,
        "Cost Of Revenue": 1041703000.0,
        "Total Revenue": 1359867000.0,
        "Operating Revenue": 1359867000.0
    },
    "2022-09-30": {
        "Tax Effect Of Unusual Items": 3555507.254574,
        "Tax Rate For Calcs": 0.253983,
        "Normalized EBITDA": 186331000.0,
        "Total Unusual Items": 13999000.0,
        "Total Unusual Items Excluding Goodwill": 13999000.0,
        "Net Income From Continuing Operation Net Minority Interest": 87049000.0,
        "Reconciled Depreciation": 61514000.0,
        "Reconciled Cost Of Revenue": 1017784000.0,
        "EBITDA": 200330000.0,
        "EBIT": 138816000.0,
        "Net Interest Income": -21828000.0,
        "Interest Expense": 22131000.0,
        "Interest Income": 303000.0,
        "Normalized Income": 76605507.254574,
        "Net Income From Continuing And Discontinued Operation": 87049000.0,
        "Total Expenses": 1209653000.0,
        "Total Operating Income As Reported": 117843000.0,
        "Diluted Average Shares": 103206000.0,
        "Basic Average Shares": 102731000.0,
        "Diluted EPS": 0.84,
        "Basic EPS": 0.85,
        "Diluted NI Availto Com Stockholders": 87049000.0,
        "Net Income Common Stockholders": 87049000.0,
        "Net Income": 87049000.0,
        "Net Income Including Noncontrolling Interests": 87049000.0,
        "Net Income Continuous Operations": 87049000.0,
        "Tax Provision": 29636000.0,
        "Pretax Income": 116685000.0,
        "Other Income Expense": 11943000.0,
        "Other Non Operating Income Expenses": -1056000.0,
        "Special Income Charges": -8794000.0,
        "Other Special Charges": 67000.0,
        "Restructuring And Mergern Acquisition": 8727000.0,
        "Earnings From Equity Interest": -1000000.0,
        "Gain On Sale Of Security": 22793000.0,
        "Net Non Operating Interest Income Expense": -21828000.0,
        "Interest Expense Non Operating": 22131000.0,
        "Interest Income Non Operating": 303000.0,
        "Operating Income": 126570000.0,
        "Operating Expense": 191869000.0,
        "Depreciation Amortization Depletion Income Statement": 61514000.0,
        "Depreciation And Amortization In Income Statement": 61514000.0,
        "Amortization": 39717000.0,
        "Amortization Of Intangibles Income Statement": 39717000.0,
        "Depreciation Income Statement": 21797000.0,
        "Selling General And Administration": 130355000.0,
        "Gross Profit": 318439000.0,
        "Cost Of Revenue": 1017784000.0,
        "Total Revenue": 1336223000.0,
        "Operating Revenue": 1336223000.0
    },
    "2022-06-30": {
        "Tax Effect Of Unusual Items": -1070534.122912,
        "Tax Rate For Calcs": 0.250183,
        "Normalized EBITDA": 187286000.0,
        "Total Unusual Items": -4279000.0,
        "Total Unusual Items Excluding Goodwill": -4279000.0,
        "Net Income From Continuing Operation Net Minority Interest": 77744000.0,
        "Reconciled Depreciation": 61221000.0,
        "Reconciled Cost Of Revenue": 1034897000.0,
        "EBITDA": 183007000.0,
        "EBIT": 121786000.0,
        "Net Interest Income": -18066000.0,
        "Interest Expense": 18102000.0,
        "Interest Income": 36000.0,
        "Normalized Income": 80952465.877088,
        "Net Income From Continuing And Discontinued Operation": 77744000.0,
        "Total Expenses": 1235158000.0,
        "Total Operating Income As Reported": 116598000.0,
        "Diluted Average Shares": 103072000.0,
        "Basic Average Shares": 102596000.0,
        "Diluted EPS": 0.75,
        "Basic EPS": 0.76,
        "Diluted NI Availto Com Stockholders": 77744000.0,
        "Net Income Common Stockholders": 77744000.0,
        "Net Income": 77744000.0,
        "Net Income Including Noncontrolling Interests": 77744000.0,
        "Net Income Continuous Operations": 77744000.0,
        "Tax Provision": 25940000.0,
        "Pretax Income": 103684000.0,
        "Other Income Expense": -3831000.0,
        "Other Non Operating Income Expenses": 448000.0,
        "Special Income Charges": -8983000.0,
        "Other Special Charges": NaN,
        "Restructuring And Mergern Acquisition": 8983000.0,
        "Earnings From Equity Interest": 0.0,
        "Gain On Sale Of Security": 4704000.0,
        "Net Non Operating Interest Income Expense": -18066000.0,
        "Interest Expense Non Operating": 18102000.0,
        "Interest Income Non Operating": 36000.0,
        "Operating Income": 125581000.0,
        "Operating Expense": 200261000.0,
        "Depreciation Amortization Depletion Income Statement": 61221000.0,
        "Depreciation And Amortization In Income Statement": 61221000.0,
        "Amortization": 39980000.0,
        "Amortization Of Intangibles Income Statement": 39980000.0,
        "Depreciation Income Statement": 21241000.0,
        "Selling General And Administration": 139040000.0,
        "Gross Profit": 325842000.0,
        "Cost Of Revenue": 1034897000.0,
        "Total Revenue": 1360739000.0,
        "Operating Revenue": 1360739000.0
    },
    "2022-03-31": {
        "Diluted EPS": 0.44,
        "Total Revenue": NaN,
        "Gross Profit": 292,
        "Operating Income": 74,
        "EBIT": 136,
        "Net Income": 46
    },
    "2021-12-31": {
        "Diluted EPS": 0.72,
        "Total Revenue": NaN,
        "Gross Profit": 349,
        "Operating Income": 131,
        "EBIT": 195,
        "Net Income": 76
    },
    "2021-09-30": {
        "Diluted EPS": 0.75,
        "Total Revenue": NaN,
        "Gross Profit": 316,
        "Operating Income": 113,
        "EBIT": 170,
        "Net Income": 78
    },
    "2021-06-30": {
        "Diluted EPS": 0.4,
        "Total Revenue": NaN,
        "Gross Profit": 290,
        "Operating Income": 84,
        "EBIT": 141,
        "Net Income": 42
    },
    "2021-03-31": {
        "Diluted EPS": 0.37,
        "Total Revenue": NaN,
        "Gross Profit": 263,
        "Operating Income": 61,
        "EBIT": 119,
        "Net Income": 39
    },
    "2020-12-31": {
        "Diluted EPS": 0.87,
        "Total Revenue": NaN,
        "Gross Profit": 292,
        "Operating Income": 110,
        "EBIT": 165,
        "Net Income": 92
    },
    "2020-09-30": {
        "Diluted EPS": 0.6,
        "Total Revenue": NaN,
        "Gross Profit": 279,
        "Operating Income": 99,
        "EBIT": 154,
        "Net Income": 63
    },
    "2020-06-30": {
        "Diluted EPS": 0.04,
        "Total Revenue": NaN,
        "Gross Profit": 208,
        "Operating Income": 35,
        "EBIT": 91,
        "Net Income": 4
    },
    "2020-03-31": {
        "Diluted EPS": 0.32,
        "Total Revenue": NaN,
        "Gross Profit": 239,
        "Operating Income": 49,
        "EBIT": 105,
        "Net Income": 34
    },
    "2019-12-31": {
        "Diluted EPS": 0.87,
        "Total Revenue": NaN,
        "Gross Profit": 285,
        "Operating Income": 83,
        "EBIT": 144,
        "Net Income": 91
    },
    "2019-09-30": {
        "Diluted EPS": 0.56,
        "Total Revenue": NaN,
        "Gross Profit": 263,
        "Operating Income": 69,
        "EBIT": 130,
        "Net Income": 59
    },
    "2019-06-30": {
        "Diluted EPS": 0.11,
        "Total Revenue": NaN,
        "Gross Profit": 249,
        "Operating Income": 58,
        "EBIT": 119,
        "Net Income": 11
    },
    "2019-03-31": {
        "Diluted EPS": -0.29,
        "Total Revenue": NaN,
        "Gross Profit": 232,
        "Operating Income": 27,
        "EBIT": 88,
        "Net Income": -30
    },
    "2018-12-31": {
        "Diluted EPS": 0.44,
        "Total Revenue": NaN,
        "Gross Profit": 272,
        "Operating Income": 79,
        "EBIT": 150,
        "Net Income": 46
    },
    "2018-09-30": {
        "Diluted EPS": -0.1,
        "Total Revenue": NaN,
        "Gross Profit": 243,
        "Operating Income": 40,
        "EBIT": 108,
        "Net Income": -10
    },
    "2018-06-30": {
        "Diluted EPS": 0.13,
        "Total Revenue": NaN,
        "Gross Profit": 225,
        "Operating Income": 31,
        "EBIT": 98,
        "Net Income": 14
    },
    "2018-03-31": {
        "Diluted EPS": -0.24,
        "Total Revenue": NaN,
        "Gross Profit": 216,
        "Operating Income": 10,
        "EBIT": 78,
        "Net Income": -25
    },
    "2017-12-31": {
        "Diluted EPS": -0.59,
        "Total Revenue": NaN,
        "Gross Profit": 241,
        "Operating Income": 15,
        "EBIT": 98,
        "Net Income": -15
    },
    "2017-09-30": {
        "Diluted EPS": -1.7,
        "Total Revenue": 822,
        "Gross Profit": 186,
        "Operating Income": -89,
        "EBIT": -23,
        "Net Income": -148
    },
    "2017-06-30": {
        "Diluted EPS": 0.06,
        "Total Revenue": 391,
        "Gross Profit": 96,
        "Operating Income": 10,
        "EBIT": 26,
        "Net Income": 3
    },
    "2017-03-31": {
        "Diluted EPS": 0.38,
        "Total Revenue": 382,
        "Gross Profit": 97,
        "Operating Income": 35,
        "EBIT": 51,
        "Net Income": 21
    },
    "2016-12-31": {
        "Diluted EPS": 0.69,
        "Total Revenue": 406,
        "Gross Profit": 108,
        "Operating Income": 44,
        "EBIT": 59,
        "Net Income": 37
    },
    "2016-09-30": {
        "Diluted EPS": 0.49,
        "Total Revenue": 392,
        "Gross Profit": 100,
        "Operating Income": 39,
        "EBIT": 54,
        "Net Income": 27
    },
    "2016-06-30": {
        "Diluted EPS": 0.54,
        "Total Revenue": 400,
        "Gross Profit": 99,
        "Operating Income": 40,
        "EBIT": 54,
        "Net Income": 30
    },
    "2016-03-31": {
        "Diluted EPS": 0.31,
        "Total Revenue": 413,
        "Gross Profit": 97,
        "Operating Income": 33,
        "EBIT": 47,
        "Net Income": 17
    },
    "2015-12-31": {
        "Diluted EPS": 0.52,
        "Total Revenue": 403,
        "Gross Profit": 98,
        "Operating Income": 40,
        "EBIT": 54,
        "Net Income": 31
    },
    "2015-09-30": {
        "Diluted EPS": 0.64,
        "Total Revenue": 350,
        "Gross Profit": 99,
        "Operating Income": 44,
        "EBIT": 58,
        "Net Income": 38
    },
    "2015-06-30": {
        "Diluted EPS": 0.39,
        "Total Revenue": 337,
        "Gross Profit": 89,
        "Operating Income": 36,
        "EBIT": 50,
        "Net Income": 23
    },
    "2015-03-31": {
        "Diluted EPS": 0.4,
        "Total Revenue": 309,
        "Gross Profit": 86,
        "Operating Income": 32,
        "EBIT": 47,
        "Net Income": 25
    },
    "2014-12-31": {
        "Diluted EPS": -1.01,
        "Total Revenue": 328,
        "Gross Profit": 80,
        "Operating Income": 18,
        "EBIT": 34,
        "Net Income": -53
    },
    "2014-09-30": {
        "Diluted EPS": 0.24,
        "Total Revenue": 299,
        "Gross Profit": 78,
        "Operating Income": 23,
        "EBIT": 38,
        "Net Income": 12
    },
    "2014-06-30": {
        "Diluted EPS": 0.29,
        "Total Revenue": 286,
        "Gross Profit": 73,
        "Operating Income": 8,
        "EBIT": 20,
        "Net Income": 15
    },
    "2014-03-31": {
        "Diluted EPS": -0.03,
        "Total Revenue": 267,
        "Gross Profit": 64,
        "Operating Income": 15,
        "EBIT": 32,
        "Net Income": -2
    },
    "2013-12-31": {
        "Diluted EPS": 0.0,
        "Total Revenue": NaN,
        "Gross Profit": NaN,
        "Operating Income": NaN,
        "EBIT": NaN,
        "Net Income": NaN
    },
    "2013-09-30": {
        "Diluted EPS": 0.0,
        "Total Revenue": NaN,
        "Gross Profit": NaN,
        "Operating Income": NaN,
        "EBIT": NaN,
        "Net Income": NaN
    },
    "2012-12-31": {
        "Diluted EPS": 0.0,
        "Total Revenue": NaN,
        "Gross Profit": NaN,
        "Operating Income": NaN,
        "EBIT": NaN,
        "Net Income": NaN
    },
    "2011-12-31": {
        "Diluted EPS": 0.0,
        "Total Revenue": NaN,
        "Gross Profit": NaN,
        "Operating Income": NaN,
        "EBIT": NaN,
        "Net Income": NaN
    },
    "2023-06-30": {
        "Tax Effect Of Unusual Items": -6076400.0,
        "Tax Rate For Calcs": 0.4,
        "Normalized EBITDA": 113061000.0,
        "Total Unusual Items": -15191000.0,
        "Total Unusual Items Excluding Goodwill": -15191000.0,
        "Net Income From Continuing Operation Net Minority Interest": 793000.0,
        "Reconciled Depreciation": 59332000.0,
        "Reconciled Cost Of Revenue": 1071363000.0,
        "EBITDA": 97870000.0,
        "EBIT": 38538000.0,
        "Net Interest Income": -36169000.0,
        "Interest Expense": 37877000.0,
        "Interest Income": 1708000.0,
        "Normalized Income": 9907600.0,
        "Net Income From Continuing And Discontinued Operation": 793000.0,
        "Total Expenses": 1313218000.0,
        "Total Operating Income As Reported": 42221000.0,
        "Diluted Average Shares": 104344000.0,
        "Basic Average Shares": 103679000.0,
        "Diluted EPS": 0.01,
        "Basic EPS": 0.01,
        "Diluted NI Availto Com Stockholders": 793000.0,
        "Net Income Common Stockholders": 793000.0,
        "Net Income": 793000.0,
        "Net Income Including Noncontrolling Interests": 793000.0,
        "Net Income Continuous Operations": 793000.0,
        "Tax Provision": -132000.0,
        "Pretax Income": 661000.0,
        "Other Income Expense": -16032000.0,
        "Other Non Operating Income Expenses": -841000.0,
        "Special Income Charges": -10641000.0,
        "Other Special Charges": NaN,
        "Restructuring And Mergern Acquisition": 10641000.0,
        "Earnings From Equity Interest": NaN,
        "Gain On Sale Of Security": -4550000.0,
        "Net Non Operating Interest Income Expense": -36169000.0,
        "Interest Expense Non Operating": 37877000.0,
        "Interest Income Non Operating": 1708000.0,
        "Operating Income": 52862000.0,
        "Operating Expense": 241855000.0,
        "Depreciation Amortization Depletion Income Statement": 59332000.0,
        "Depreciation And Amortization In Income Statement": 59332000.0,
        "Amortization": 38555000.0,
        "Amortization Of Intangibles Income Statement": 38555000.0,
        "Depreciation Income Statement": 20777000.0,
        "Selling General And Administration": 182523000.0,
        "Gross Profit": 294717000.0,
        "Cost Of Revenue": 1071363000.0,
        "Total Revenue": 1366080000.0,
        "Operating Revenue": 1366080000.0
    }
}