{
    "2023-03-31": {
        "Tax Effect Of Unusual Items": NaN,
        "Tax Rate For Calcs": NaN,
        "Normalized EBITDA": NaN,
        "Total Unusual Items": NaN,
        "Total Unusual Items Excluding Goodwill": NaN,
        "Net Income From Continuing Operation Net Minority Interest": NaN,
        "Reconciled Depreciation": NaN,
        "Reconciled Cost Of Revenue": NaN,
        "EBITDA": NaN,
        "EBIT": NaN,
        "Net Interest Income": NaN,
        "Interest Expense": NaN,
        "Interest Income": NaN,
        "Normalized Income": NaN,
        "Net Income From Continuing And Discontinued Operation": NaN,
        "Total Expenses": NaN,
        "Total Operating Income As Reported": NaN,
        "Diluted Average Shares": NaN,
        "Basic Average Shares": NaN,
        "Diluted EPS": NaN,
        "Basic EPS": NaN,
        "Diluted NI Availto Com Stockholders": NaN,
        "Net Income Common Stockholders": NaN,
        "Preferred Stock Dividends": NaN,
        "Net Income": NaN,
        "Minority Interests": NaN,
        "Net Income Including Noncontrolling Interests": NaN,
        "Net Income Continuous Operations": NaN,
        "Tax Provision": NaN,
        "Pretax Income": NaN,
        "Other Income Expense": NaN,
        "Special Income Charges": NaN,
        "Gain On Sale Of Ppe": NaN,
        "Write Off": NaN,
        "Impairment Of Capital Assets": -3000000.0,
        "Earnings From Equity Interest": NaN,
        "Gain On Sale Of Security": NaN,
        "Net Non Operating Interest Income Expense": NaN,
        "Total Other Finance Cost": NaN,
        "Interest Expense Non Operating": NaN,
        "Interest Income Non Operating": NaN,
        "Operating Income": NaN,
        "Operating Expense": NaN,
        "Other Operating Expenses": NaN,
        "Other Taxes": NaN,
        "Depreciation Amortization Depletion Income Statement": NaN,
        "Depreciation And Amortization In Income Statement": NaN,
        "Selling General And Administration": NaN,
        "General And Administrative Expense": NaN,
        "Salaries And Wages": NaN,
        "Gross Profit": NaN,
        "Cost Of Revenue": NaN,
        "Total Revenue": NaN,
        "Operating Revenue": NaN
    },
    "2022-12-31": {
        "Tax Effect Of Unusual Items": NaN,
        "Tax Rate For Calcs": NaN,
        "Normalized EBITDA": NaN,
        "Total Unusual Items": NaN,
        "Total Unusual Items Excluding Goodwill": NaN,
        "Net Income From Continuing Operation Net Minority Interest": NaN,
        "Reconciled Depreciation": NaN,
        "Reconciled Cost Of Revenue": NaN,
        "EBITDA": NaN,
        "EBIT": NaN,
        "Net Interest Income": NaN,
        "Interest Expense": NaN,
        "Interest Income": NaN,
        "Normalized Income": NaN,
        "Net Income From Continuing And Discontinued Operation": NaN,
        "Total Expenses": NaN,
        "Total Operating Income As Reported": NaN,
        "Diluted Average Shares": NaN,
        "Basic Average Shares": NaN,
        "Diluted EPS": NaN,
        "Basic EPS": NaN,
        "Diluted NI Availto Com Stockholders": NaN,
        "Net Income Common Stockholders": NaN,
        "Preferred Stock Dividends": 25000000.0,
        "Net Income": NaN,
        "Minority Interests": NaN,
        "Net Income Including Noncontrolling Interests": NaN,
        "Net Income Continuous Operations": NaN,
        "Tax Provision": NaN,
        "Pretax Income": NaN,
        "Other Income Expense": NaN,
        "Special Income Charges": NaN,
        "Gain On Sale Of Ppe": 46000000.0,
        "Other Special Charges": 0.0,
        "Write Off": NaN,
        "Impairment Of Capital Assets": NaN,
        "Earnings From Equity Interest": NaN,
        "Gain On Sale Of Security": NaN,
        "Net Non Operating Interest Income Expense": NaN,
        "Total Other Finance Cost": NaN,
        "Interest Expense Non Operating": NaN,
        "Interest Income Non Operating": NaN,
        "Operating Income": NaN,
        "Operating Expense": NaN,
        "Other Operating Expenses": NaN,
        "Other Taxes": NaN,
        "Depreciation Amortization Depletion Income Statement": NaN,
        "Depreciation And Amortization In Income Statement": NaN,
        "Depreciation Income Statement": 188000000.0,
        "Selling General And Administration": NaN,
        "General And Administrative Expense": NaN,
        "Salaries And Wages": NaN,
        "Gross Profit": NaN,
        "Cost Of Revenue": NaN,
        "Total Revenue": NaN,
        "Operating Revenue": NaN
    },
    "2022-09-30": {
        "Tax Effect Of Unusual Items": NaN,
        "Tax Rate For Calcs": NaN,
        "Normalized EBITDA": NaN,
        "Total Unusual Items": NaN,
        "Total Unusual Items Excluding Goodwill": NaN,
        "Net Income From Continuing Operation Net Minority Interest": NaN,
        "Reconciled Depreciation": NaN,
        "Reconciled Cost Of Revenue": NaN,
        "EBITDA": NaN,
        "EBIT": NaN,
        "Net Interest Income": NaN,
        "Interest Expense": NaN,
        "Interest Income": NaN,
        "Normalized Income": NaN,
        "Net Income From Continuing And Discontinued Operation": NaN,
        "Total Expenses": NaN,
        "Total Operating Income As Reported": NaN,
        "Diluted Average Shares": 271000000.0,
        "Basic Average Shares": 271000000.0,
        "Diluted EPS": 0.23,
        "Basic EPS": 0.23,
        "Diluted NI Availto Com Stockholders": NaN,
        "Net Income Common Stockholders": NaN,
        "Preferred Stock Dividends": 11000000.0,
        "Net Income": NaN,
        "Minority Interests": NaN,
        "Net Income Including Noncontrolling Interests": NaN,
        "Net Income Continuous Operations": NaN,
        "Tax Provision": NaN,
        "Pretax Income": NaN,
        "Other Income Expense": NaN,
        "Special Income Charges": NaN,
        "Gain On Sale Of Ppe": 4000000.0,
        "Other Special Charges": NaN,
        "Impairment Of Capital Assets": NaN,
        "Earnings From Equity Interest": NaN,
        "Gain On Sale Of Security": NaN,
        "Net Non Operating Interest Income Expense": NaN,
        "Total Other Finance Cost": NaN,
        "Interest Expense Non Operating": NaN,
        "Interest Income Non Operating": NaN,
        "Operating Income": NaN,
        "Operating Expense": NaN,
        "Other Operating Expenses": NaN,
        "Other Taxes": NaN,
        "Depreciation Amortization Depletion Income Statement": NaN,
        "Depreciation And Amortization In Income Statement": NaN,
        "Depreciation Income Statement": 179000000.0,
        "Selling General And Administration": NaN,
        "General And Administrative Expense": NaN,
        "Other Gand A": 69000000.0,
        "Salaries And Wages": NaN,
        "Gross Profit": NaN,
        "Cost Of Revenue": NaN,
        "Total Revenue": NaN,
        "Operating Revenue": NaN
    },
    "2022-06-30": {
        "Tax Effect Of Unusual Items": 16800000.0,
        "Tax Rate For Calcs": 0.4,
        "Normalized EBITDA": 115000000.0,
        "Total Unusual Items": 42000000.0,
        "Total Unusual Items Excluding Goodwill": 42000000.0,
        "Net Income From Continuing Operation Net Minority Interest": -70000000.0,
        "Reconciled Depreciation": 115000000.0,
        "Reconciled Cost Of Revenue": 240000000.0,
        "EBITDA": 157000000.0,
        "EBIT": 42000000.0,
        "Net Interest Income": -56000000.0,
        "Interest Expense": 64000000.0,
        "Interest Income": 10000000.0,
        "Normalized Income": -95200000.0,
        "Net Income From Continuing And Discontinued Operation": -70000000.0,
        "Total Expenses": 468000000.0,
        "Total Operating Income As Reported": 21000000.0,
        "Diluted Average Shares": 271000000.0,
        "Basic Average Shares": 271000000.0,
        "Diluted EPS": -0.3,
        "Basic EPS": -0.3,
        "Diluted NI Availto Com Stockholders": -80000000.0,
        "Net Income Common Stockholders": -80000000.0,
        "Preferred Stock Dividends": 10000000.0,
        "Net Income": -70000000.0,
        "Minority Interests": -11000000.0,
        "Net Income Including Noncontrolling Interests": -59000000.0,
        "Net Income Continuous Operations": -59000000.0,
        "Tax Provision": 37000000.0,
        "Pretax Income": -22000000.0,
        "Other Income Expense": 44000000.0,
        "Special Income Charges": 33000000.0,
        "Gain On Sale Of Ppe": 2000000.0,
        "Other Special Charges": -7000000.0,
        "Impairment Of Capital Assets": -24000000.0,
        "Earnings From Equity Interest": 2000000.0,
        "Gain On Sale Of Security": 9000000.0,
        "Net Non Operating Interest Income Expense": -56000000.0,
        "Total Other Finance Cost": 2000000.0,
        "Interest Expense Non Operating": 64000000.0,
        "Interest Income Non Operating": 10000000.0,
        "Operating Income": -10000000.0,
        "Operating Expense": 228000000.0,
        "Other Operating Expenses": 48000000.0,
        "Other Taxes": 9000000.0,
        "Depreciation Amortization Depletion Income Statement": 115000000.0,
        "Depreciation And Amortization In Income Statement": 115000000.0,
        "Depreciation Income Statement": 115000000.0,
        "Selling General And Administration": 56000000.0,
        "General And Administrative Expense": 56000000.0,
        "Other Gand A": 61000000.0,
        "Salaries And Wages": 56000000.0,
        "Gross Profit": 218000000.0,
        "Cost Of Revenue": 240000000.0,
        "Total Revenue": 458000000.0,
        "Operating Revenue": 447000000.0
    },
    "2022-03-31": {
        "Diluted EPS": 0.55,
        "Total Revenue": 580,
        "Gross Profit": 377,
        "Operating Income": 237,
        "EBIT": 329,
        "Net Income": 147
    },
    "2021-12-31": {
        "Diluted EPS": -0.25,
        "Total Revenue": 485,
        "Gross Profit": 237,
        "Operating Income": 18,
        "EBIT": 135,
        "Net Income": -64
    },
    "2021-09-30": {
        "Diluted EPS": -1.33,
        "Total Revenue": 675,
        "Gross Profit": 378,
        "Operating Income": -325,
        "EBIT": -176,
        "Net Income": -362
    },
    "2021-06-30": {
        "Diluted EPS": -0.03,
        "Total Revenue": 504,
        "Gross Profit": 297,
        "Operating Income": 64,
        "EBIT": 209,
        "Net Income": -10
    },
    "2021-03-31": {
        "Diluted EPS": -0.09,
        "Total Revenue": 507,
        "Gross Profit": 276,
        "Operating Income": 53,
        "EBIT": 214,
        "Net Income": -24
    },
    "2020-12-31": {
        "Diluted EPS": -0.45,
        "Total Revenue": 415,
        "Gross Profit": 168,
        "Operating Income": -88,
        "EBIT": 82,
        "Net Income": -126
    },
    "2020-09-30": {
        "Diluted EPS": -0.38,
        "Total Revenue": 386,
        "Gross Profit": 197,
        "Operating Income": -66,
        "EBIT": 91,
        "Net Income": -102
    },
    "2020-06-30": {
        "Diluted EPS": -0.16,
        "Total Revenue": 315,
        "Gross Profit": 206,
        "Operating Income": -14,
        "EBIT": 117,
        "Net Income": -43
    },
    "2020-03-31": {
        "Diluted EPS": 0.08,
        "Total Revenue": 452,
        "Gross Profit": 274,
        "Operating Income": 94,
        "EBIT": 231,
        "Net Income": 20
    },
    "2019-12-31": {
        "Diluted EPS": 0.18,
        "Total Revenue": 460,
        "Gross Profit": 244,
        "Operating Income": 70,
        "EBIT": 207,
        "Net Income": 49
    },
    "2019-09-30": {
        "Diluted EPS": 0.14,
        "Total Revenue": 449,
        "Gross Profit": 255,
        "Operating Income": 117,
        "EBIT": 255,
        "Net Income": 39
    },
    "2019-06-30": {
        "Diluted EPS": 0.0,
        "Total Revenue": 372,
        "Gross Profit": 239,
        "Operating Income": 38,
        "EBIT": 167,
        "Net Income": 0
    },
    "2019-03-31": {
        "Diluted EPS": -0.17,
        "Total Revenue": 487,
        "Gross Profit": 212,
        "Operating Income": 27,
        "EBIT": 158,
        "Net Income": -49
    },
    "2018-12-31": {
        "Diluted EPS": -0.34,
        "Total Revenue": 470,
        "Gross Profit": 215,
        "Operating Income": -24,
        "EBIT": 123,
        "Net Income": -96
    },
    "2018-09-30": {
        "Diluted EPS": -0.23,
        "Total Revenue": 454,
        "Gross Profit": 218,
        "Operating Income": -8,
        "EBIT": 127,
        "Net Income": -66
    },
    "2018-06-30": {
        "Diluted EPS": -0.28,
        "Total Revenue": 346,
        "Gross Profit": 207,
        "Operating Income": -9,
        "EBIT": 129,
        "Net Income": -81
    },
    "2018-03-31": {
        "Diluted EPS": 0.18,
        "Total Revenue": 465,
        "Gross Profit": 246,
        "Operating Income": 165,
        "EBIT": 292,
        "Net Income": 51
    },
    "2017-12-31": {
        "Diluted EPS": -0.39,
        "Total Revenue": 500,
        "Gross Profit": 273,
        "Operating Income": 26,
        "EBIT": 166,
        "Net Income": -112
    },
    "2017-09-30": {
        "Diluted EPS": -0.08,
        "Total Revenue": 469,
        "Gross Profit": 235,
        "Operating Income": 16,
        "EBIT": 174,
        "Net Income": -22
    },
    "2017-06-30": {
        "Diluted EPS": -0.05,
        "Total Revenue": 374,
        "Gross Profit": 240,
        "Operating Income": 18,
        "EBIT": 145,
        "Net Income": -13
    },
    "2017-03-31": {
        "Diluted EPS": 0.0,
        "Total Revenue": 437,
        "Gross Profit": 248,
        "Operating Income": 47,
        "EBIT": 168,
        "Net Income": NaN
    },
    "2016-12-31": {
        "Diluted EPS": 0.17,
        "Total Revenue": 539,
        "Gross Profit": 329,
        "Operating Income": 215,
        "EBIT": 365,
        "Net Income": 48
    },
    "2016-09-30": {
        "Diluted EPS": -0.03,
        "Total Revenue": 476,
        "Gross Profit": 245,
        "Operating Income": 36,
        "EBIT": 157,
        "Net Income": -9
    },
    "2016-06-30": {
        "Diluted EPS": 0.02,
        "Total Revenue": 382,
        "Gross Profit": 247,
        "Operating Income": 32,
        "EBIT": 163,
        "Net Income": 5
    },
    "2016-03-31": {
        "Diluted EPS": 0.16,
        "Total Revenue": 414,
        "Gross Profit": 262,
        "Operating Income": 78,
        "EBIT": 177,
        "Net Income": 45
    },
    "2015-12-31": {
        "Diluted EPS": -0.01,
        "Total Revenue": 446,
        "Gross Profit": -147,
        "Operating Income": 44,
        "EBIT": 172,
        "Net Income": -5
    },
    "2015-09-30": {
        "Diluted EPS": 0.42,
        "Total Revenue": 491,
        "Gross Profit": 262,
        "Operating Income": 10,
        "EBIT": 113,
        "Net Income": 118
    },
    "2015-06-30": {
        "Diluted EPS": -0.38,
        "Total Revenue": 356,
        "Gross Profit": 194,
        "Operating Income": -15,
        "EBIT": 110,
        "Net Income": -107
    },
    "2015-03-31": {
        "Diluted EPS": 0.02,
        "Total Revenue": 488,
        "Gross Profit": 297,
        "Operating Income": 81,
        "EBIT": 200,
        "Net Income": 6
    },
    "2014-12-31": {
        "Diluted EPS": 0.43,
        "Total Revenue": 578,
        "Gross Profit": 342,
        "Operating Income": 120,
        "EBIT": 251,
        "Net Income": 119
    },
    "2014-09-30": {
        "Diluted EPS": -0.03,
        "Total Revenue": 572,
        "Gross Profit": 318,
        "Operating Income": 67,
        "EBIT": 204,
        "Net Income": -5
    },
    "2014-06-30": {
        "Diluted EPS": -0.17,
        "Total Revenue": 454,
        "Gross Profit": 259,
        "Operating Income": 20,
        "EBIT": 154,
        "Net Income": -46
    },
    "2014-03-31": {
        "Diluted EPS": 0.16,
        "Total Revenue": 704,
        "Gross Profit": 400,
        "Operating Income": 146,
        "EBIT": 283,
        "Net Income": 44
    },
    "2013-12-31": {
        "Diluted EPS": -0.23,
        "Total Revenue": 535,
        "Gross Profit": 268,
        "Operating Income": -7,
        "EBIT": 152,
        "Net Income": -60
    },
    "2013-09-30": {
        "Diluted EPS": -0.03,
        "Total Revenue": 595,
        "Gross Profit": 345,
        "Operating Income": 96,
        "EBIT": 227,
        "Net Income": -9
    },
    "2013-06-30": {
        "Diluted EPS": 0.06,
        "Total Revenue": 528,
        "Gross Profit": 345,
        "Operating Income": 79,
        "EBIT": 219,
        "Net Income": 15
    },
    "2013-03-31": {
        "Diluted EPS": -0.04,
        "Total Revenue": 526,
        "Gross Profit": 327,
        "Operating Income": 80,
        "EBIT": 218,
        "Net Income": -2
    },
    "2012-12-31": {
        "Diluted EPS": 0.15,
        "Total Revenue": 644,
        "Gross Profit": 380,
        "Operating Income": 163,
        "EBIT": 307,
        "Net Income": 37
    },
    "2012-09-30": {
        "Diluted EPS": 0.24,
        "Total Revenue": 540,
        "Gross Profit": 331,
        "Operating Income": 83,
        "EBIT": 217,
        "Net Income": 64
    },
    "2012-06-30": {
        "Diluted EPS": -3.5,
        "Total Revenue": 405,
        "Gross Profit": 256,
        "Operating Income": -27,
        "EBIT": 121,
        "Net Income": -794
    },
    "2012-03-31": {
        "Diluted EPS": 0.4,
        "Total Revenue": 666,
        "Gross Profit": 479,
        "Operating Income": 182,
        "EBIT": 322,
        "Net Income": 97
    },
    "2011-12-31": {
        "Diluted EPS": 0.11,
        "Total Revenue": 711,
        "Gross Profit": 423,
        "Operating Income": 145,
        "EBIT": 291,
        "Net Income": 28
    },
    "2011-09-30": {
        "Diluted EPS": 0.23,
        "Total Revenue": 632,
        "Gross Profit": 368,
        "Operating Income": 102,
        "EBIT": 229,
        "Net Income": 50
    },
    "2011-06-30": {
        "Diluted EPS": 0.05,
        "Total Revenue": 546,
        "Gross Profit": 353,
        "Operating Income": 83,
        "EBIT": 220,
        "Net Income": 13
    },
    "2011-03-31": {
        "Diluted EPS": 0.36,
        "Total Revenue": 858,
        "Gross Profit": 645,
        "Operating Income": 393,
        "EBIT": 522,
        "Net Income": 79
    },
    "2010-12-31": {
        "Diluted EPS": 0.28,
        "Total Revenue": 798,
        "Gross Profit": 471,
        "Operating Income": 204,
        "EBIT": 332,
        "Net Income": 61
    },
    "2010-09-30": {
        "Diluted EPS": 0.17,
        "Total Revenue": 684,
        "Gross Profit": 376,
        "Operating Income": 104,
        "EBIT": 227,
        "Net Income": 37
    },
    "2010-06-30": {
        "Diluted EPS": 0.23,
        "Total Revenue": 582,
        "Gross Profit": 359,
        "Operating Income": 69,
        "EBIT": 189,
        "Net Income": 51
    },
    "2010-03-31": {
        "Diluted EPS": 0.31,
        "Total Revenue": 723,
        "Gross Profit": 413,
        "Operating Income": 154,
        "EBIT": 259,
        "Net Income": 67
    },
    "2009-12-31": {
        "Diluted EPS": 0.35,
        "Total Revenue": 729,
        "Gross Profit": 415,
        "Operating Income": 150,
        "EBIT": 257,
        "Net Income": 75
    },
    "2009-09-30": {
        "Diluted EPS": 0.31,
        "Total Revenue": 606,
        "Gross Profit": 346,
        "Operating Income": 109,
        "EBIT": 227,
        "Net Income": 60
    },
    "2009-06-30": {
        "Diluted EPS": -0.03,
        "Total Revenue": 539,
        "Gross Profit": 334,
        "Operating Income": 49,
        "EBIT": 160,
        "Net Income": -6
    },
    "2009-03-31": {
        "Diluted EPS": 0.17,
        "Total Revenue": 622,
        "Gross Profit": 321,
        "Operating Income": 82,
        "EBIT": 180,
        "Net Income": 35
    },
    "2023-06-30": {
        "Tax Effect Of Unusual Items": NaN,
        "Tax Rate For Calcs": NaN,
        "Normalized EBITDA": NaN,
        "Total Unusual Items": NaN,
        "Total Unusual Items Excluding Goodwill": NaN,
        "Net Income From Continuing Operation Net Minority Interest": NaN,
        "Reconciled Depreciation": NaN,
        "Reconciled Cost Of Revenue": NaN,
        "EBITDA": NaN,
        "EBIT": NaN,
        "Net Interest Income": NaN,
        "Interest Expense": NaN,
        "Interest Income": NaN,
        "Normalized Income": NaN,
        "Net Income From Continuing And Discontinued Operation": NaN,
        "Total Expenses": NaN,
        "Total Operating Income As Reported": NaN,
        "Diluted Average Shares": 264000000.0,
        "Basic Average Shares": 264000000.0,
        "Diluted EPS": 0.23,
        "Basic EPS": 0.23,
        "Diluted NI Availto Com Stockholders": NaN,
        "Net Income Common Stockholders": NaN,
        "Preferred Stock Dividends": NaN,
        "Net Income": NaN,
        "Minority Interests": NaN,
        "Net Income Including Noncontrolling Interests": NaN,
        "Net Income Continuous Operations": NaN,
        "Tax Provision": NaN,
        "Pretax Income": NaN,
        "Other Income Expense": NaN,
        "Special Income Charges": NaN,
        "Gain On Sale Of Ppe": NaN,
        "Write Off": NaN,
        "Impairment Of Capital Assets": -13000000.0,
        "Earnings From Equity Interest": NaN,
        "Gain On Sale Of Security": NaN,
        "Net Non Operating Interest Income Expense": NaN,
        "Total Other Finance Cost": NaN,
        "Interest Expense Non Operating": NaN,
        "Interest Income Non Operating": NaN,
        "Operating Income": NaN,
        "Operating Expense": NaN,
        "Other Operating Expenses": NaN,
        "Other Taxes": NaN,
        "Depreciation Amortization Depletion Income Statement": NaN,
        "Depreciation And Amortization In Income Statement": NaN,
        "Selling General And Administration": NaN,
        "General And Administrative Expense": NaN,
        "Salaries And Wages": NaN,
        "Gross Profit": NaN,
        "Cost Of Revenue": NaN,
        "Total Revenue": NaN,
        "Operating Revenue": NaN
    },
    "2023-09-30": {
        "Tax Effect Of Unusual Items": NaN,
        "Tax Rate For Calcs": NaN,
        "Normalized EBITDA": NaN,
        "Total Unusual Items": NaN,
        "Total Unusual Items Excluding Goodwill": NaN,
        "Net Income From Continuing Operation Net Minority Interest": NaN,
        "Reconciled Depreciation": NaN,
        "Reconciled Cost Of Revenue": NaN,
        "EBITDA": NaN,
        "EBIT": NaN,
        "Net Interest Income": NaN,
        "Interest Expense": NaN,
        "Interest Income": NaN,
        "Normalized Income": NaN,
        "Net Income From Continuing And Discontinued Operation": NaN,
        "Total Expenses": NaN,
        "Total Operating Income As Reported": NaN,
        "Diluted Average Shares": 263000000.0,
        "Basic Average Shares": 263000000.0,
        "Diluted EPS": 1.41,
        "Basic EPS": 1.41,
        "Diluted NI Availto Com Stockholders": NaN,
        "Net Income Common Stockholders": NaN,
        "Preferred Stock Dividends": 14000000.0,
        "Net Income": NaN,
        "Minority Interests": NaN,
        "Net Income Including Noncontrolling Interests": NaN,
        "Net Income Continuous Operations": NaN,
        "Tax Provision": NaN,
        "Pretax Income": NaN,
        "Other Income Expense": NaN,
        "Special Income Charges": NaN,
        "Gain On Sale Of Ppe": NaN,
        "Gain On Sale Of Business": NaN,
        "Write Off": NaN,
        "Impairment Of Capital Assets": -58000000.0,
        "Earnings From Equity Interest": NaN,
        "Gain On Sale Of Security": NaN,
        "Net Non Operating Interest Income Expense": NaN,
        "Total Other Finance Cost": NaN,
        "Interest Expense Non Operating": NaN,
        "Interest Income Non Operating": NaN,
        "Operating Income": NaN,
        "Operating Expense": NaN,
        "Other Operating Expenses": NaN,
        "Other Taxes": NaN,
        "Depreciation Amortization Depletion Income Statement": NaN,
        "Depreciation And Amortization In Income Statement": NaN,
        "Selling General And Administration": NaN,
        "General And Administrative Expense": NaN,
        "Salaries And Wages": NaN,
        "Gross Profit": NaN,
        "Cost Of Revenue": NaN,
        "Total Revenue": NaN,
        "Operating Revenue": NaN
    },
    "2023-12-31": {
        "Tax Effect Of Unusual Items": NaN,
        "Tax Rate For Calcs": NaN,
        "Normalized EBITDA": NaN,
        "Total Unusual Items": NaN,
        "Total Unusual Items Excluding Goodwill": NaN,
        "Net Income From Continuing Operation Net Minority Interest": NaN,
        "Reconciled Depreciation": NaN,
        "Reconciled Cost Of Revenue": NaN,
        "EBITDA": NaN,
        "EBIT": NaN,
        "Net Interest Income": NaN,
        "Interest Expense": NaN,
        "Interest Income": NaN,
        "Normalized Income": NaN,
        "Net Income From Continuing And Discontinued Operation": NaN,
        "Total Expenses": NaN,
        "Total Operating Income As Reported": NaN,
        "Diluted Average Shares": NaN,
        "Basic Average Shares": NaN,
        "Diluted EPS": NaN,
        "Basic EPS": NaN,
        "Diluted NI Availto Com Stockholders": NaN,
        "Net Income Common Stockholders": NaN,
        "Preferred Stock Dividends": 25000000.0,
        "Net Income": NaN,
        "Minority Interests": NaN,
        "Net Income Including Noncontrolling Interests": NaN,
        "Net Income Continuous Operations": NaN,
        "Tax Provision": NaN,
        "Pretax Income": NaN,
        "Other Income Expense": NaN,
        "Special Income Charges": NaN,
        "Gain On Sale Of Ppe": NaN,
        "Gain On Sale Of Business": NaN,
        "Write Off": NaN,
        "Impairment Of Capital Assets": 26000000.0,
        "Earnings From Equity Interest": NaN,
        "Gain On Sale Of Security": NaN,
        "Net Non Operating Interest Income Expense": NaN,
        "Total Other Finance Cost": NaN,
        "Interest Expense Non Operating": NaN,
        "Interest Income Non Operating": NaN,
        "Operating Income": NaN,
        "Operating Expense": NaN,
        "Other Operating Expenses": NaN,
        "Other Taxes": NaN,
        "Depreciation Amortization Depletion Income Statement": NaN,
        "Depreciation And Amortization In Income Statement": NaN,
        "Selling General And Administration": NaN,
        "General And Administrative Expense": NaN,
        "Salaries And Wages": NaN,
        "Gross Profit": NaN,
        "Cost Of Revenue": NaN,
        "Total Revenue": NaN,
        "Operating Revenue": NaN
    },
    "2024-03-31": {
        "Tax Effect Of Unusual Items": NaN,
        "Tax Rate For Calcs": NaN,
        "Normalized EBITDA": NaN,
        "Total Unusual Items": NaN,
        "Total Unusual Items Excluding Goodwill": NaN,
        "Net Income From Continuing Operation Net Minority Interest": NaN,
        "Reconciled Depreciation": NaN,
        "Reconciled Cost Of Revenue": NaN,
        "EBITDA": NaN,
        "EBIT": NaN,
        "Net Interest Income": NaN,
        "Interest Expense": NaN,
        "Interest Income": NaN,
        "Normalized Income": NaN,
        "Net Income From Continuing And Discontinued Operation": NaN,
        "Total Expenses": NaN,
        "Total Operating Income As Reported": NaN,
        "Diluted Average Shares": 308000000.0,
        "Basic Average Shares": 308000000.0,
        "Diluted EPS": 0.72,
        "Basic EPS": 0.72,
        "Diluted NI Availto Com Stockholders": NaN,
        "Net Income Common Stockholders": NaN,
        "Preferred Stock Dividends": NaN,
        "Net Income": NaN,
        "Minority Interests": NaN,
        "Net Income Including Noncontrolling Interests": NaN,
        "Net Income Continuous Operations": NaN,
        "Tax Provision": NaN,
        "Pretax Income": NaN,
        "Other Income Expense": NaN,
        "Special Income Charges": NaN,
        "Gain On Sale Of Ppe": NaN,
        "Gain On Sale Of Business": 0.0,
        "Write Off": NaN,
        "Impairment Of Capital Assets": 1000000.0,
        "Earnings From Equity Interest": NaN,
        "Gain On Sale Of Security": NaN,
        "Net Non Operating Interest Income Expense": NaN,
        "Total Other Finance Cost": NaN,
        "Interest Expense Non Operating": NaN,
        "Interest Income Non Operating": NaN,
        "Operating Income": NaN,
        "Operating Expense": NaN,
        "Other Operating Expenses": NaN,
        "Other Taxes": NaN,
        "Depreciation Amortization Depletion Income Statement": NaN,
        "Depreciation And Amortization In Income Statement": NaN,
        "Selling General And Administration": NaN,
        "General And Administrative Expense": NaN,
        "Salaries And Wages": NaN,
        "Gross Profit": NaN,
        "Cost Of Revenue": NaN,
        "Total Revenue": NaN,
        "Operating Revenue": NaN
    },
    "2024-06-30": {
        "Tax Effect Of Unusual Items": -1489361.702128,
        "Tax Rate For Calcs": 0.297872,
        "Normalized EBITDA": 296000000.0,
        "Total Unusual Items": -5000000.0,
        "Total Unusual Items Excluding Goodwill": -5000000.0,
        "Net Income From Continuing Operation Net Minority Interest": 69000000.0,
        "Reconciled Depreciation": 131000000.0,
        "Reconciled Cost Of Revenue": 146000000.0,
        "EBITDA": 291000000.0,
        "EBIT": 160000000.0,
        "Net Interest Income": -56000000.0,
        "Interest Expense": 66000000.0,
        "Interest Income": 12000000.0,
        "Normalized Income": 72510638.297872,
        "Net Income From Continuing And Discontinued Operation": 69000000.0,
        "Total Expenses": 430000000.0,
        "Total Operating Income As Reported": 159000000.0,
        "Diluted Average Shares": 303000000.0,
        "Basic Average Shares": 303000000.0,
        "Diluted EPS": 0.18,
        "Basic EPS": 0.18,
        "Diluted NI Availto Com Stockholders": 56000000.0,
        "Net Income Common Stockholders": 56000000.0,
        "Preferred Stock Dividends": 13000000.0,
        "Net Income": 69000000.0,
        "Minority Interests": 3000000.0,
        "Net Income Including Noncontrolling Interests": 66000000.0,
        "Net Income Continuous Operations": 66000000.0,
        "Tax Provision": 28000000.0,
        "Pretax Income": 94000000.0,
        "Other Income Expense": -2000000.0,
        "Special Income Charges": -4000000.0,
        "Gain On Sale Of Ppe": 1000000.0,
        "Gain On Sale Of Business": NaN,
        "Write Off": 5000000.0,
        "Impairment Of Capital Assets": NaN,
        "Earnings From Equity Interest": 3000000.0,
        "Gain On Sale Of Security": -1000000.0,
        "Net Non Operating Interest Income Expense": -56000000.0,
        "Total Other Finance Cost": 2000000.0,
        "Interest Expense Non Operating": 66000000.0,
        "Interest Income Non Operating": 12000000.0,
        "Operating Income": 152000000.0,
        "Operating Expense": 284000000.0,
        "Other Operating Expenses": 75000000.0,
        "Other Taxes": 9000000.0,
        "Depreciation Amortization Depletion Income Statement": 131000000.0,
        "Depreciation And Amortization In Income Statement": 131000000.0,
        "Selling General And Administration": 69000000.0,
        "General And Administrative Expense": 69000000.0,
        "Salaries And Wages": 69000000.0,
        "Gross Profit": 436000000.0,
        "Cost Of Revenue": 146000000.0,
        "Total Revenue": 582000000.0,
        "Operating Revenue": 575000000.0
    },
    "2024-09-30": {
        "Tax Effect Of Unusual Items": -3750000.0,
        "Tax Rate For Calcs": 0.15,
        "Normalized EBITDA": 232000000.0,
        "Total Unusual Items": -25000000.0,
        "Total Unusual Items Excluding Goodwill": -25000000.0,
        "Net Income From Continuing Operation Net Minority Interest": -23000000.0,
        "Reconciled Depreciation": 133000000.0,
        "Reconciled Cost Of Revenue": 254000000.0,
        "EBITDA": 207000000.0,
        "EBIT": 74000000.0,
        "Net Interest Income": -64000000.0,
        "Interest Expense": 65000000.0,
        "Interest Income": 7000000.0,
        "Normalized Income": -1750000.0,
        "Net Income From Continuing And Discontinued Operation": -23000000.0,
        "Total Expenses": 539000000.0,
        "Total Operating Income As Reported": 91000000.0,
        "Diluted Average Shares": 296000000.0,
        "Basic Average Shares": 296000000.0,
        "Diluted EPS": -0.12,
        "Basic EPS": -0.12,
        "Diluted NI Availto Com Stockholders": -36000000.0,
        "Net Income Common Stockholders": -36000000.0,
        "Preferred Stock Dividends": 13000000.0,
        "Net Income": -23000000.0,
        "Minority Interests": -1000000.0,
        "Net Income Including Noncontrolling Interests": -22000000.0,
        "Net Income Continuous Operations": -22000000.0,
        "Tax Provision": 31000000.0,
        "Pretax Income": 9000000.0,
        "Other Income Expense": -26000000.0,
        "Special Income Charges": -19000000.0,
        "Gain On Sale Of Ppe": 1000000.0,
        "Gain On Sale Of Business": NaN,
        "Write Off": 20000000.0,
        "Impairment Of Capital Assets": NaN,
        "Earnings From Equity Interest": -1000000.0,
        "Gain On Sale Of Security": -6000000.0,
        "Net Non Operating Interest Income Expense": -64000000.0,
        "Total Other Finance Cost": 6000000.0,
        "Interest Expense Non Operating": 65000000.0,
        "Interest Income Non Operating": 7000000.0,
        "Operating Income": 99000000.0,
        "Operating Expense": 285000000.0,
        "Other Operating Expenses": 75000000.0,
        "Other Taxes": 10000000.0,
        "Depreciation Amortization Depletion Income Statement": 133000000.0,
        "Depreciation And Amortization In Income Statement": 133000000.0,
        "Selling General And Administration": 67000000.0,
        "General And Administrative Expense": 67000000.0,
        "Salaries And Wages": 67000000.0,
        "Gross Profit": 384000000.0,
        "Cost Of Revenue": 254000000.0,
        "Total Revenue": 638000000.0,
        "Operating Revenue": 627000000.0
    },
    "2024-12-31": {
        "Tax Effect Of Unusual Items": -470588.235294,
        "Tax Rate For Calcs": 0.156863,
        "Normalized EBITDA": 163000000.0,
        "Total Unusual Items": -3000000.0,
        "Total Unusual Items Excluding Goodwill": -3000000.0,
        "Net Income From Continuing Operation Net Minority Interest": -39000000.0,
        "Reconciled Depreciation": 143000000.0,
        "Reconciled Cost Of Revenue": 288000000.0,
        "EBITDA": 160000000.0,
        "EBIT": 17000000.0,
        "Net Interest Income": -62000000.0,
        "Interest Expense": 68000000.0,
        "Interest Income": 16000000.0,
        "Normalized Income": -36470588.235294,
        "Net Income From Continuing And Discontinued Operation": -39000000.0,
        "Total Expenses": 666000000.0,
        "Total Operating Income As Reported": 6000000.0,
        "Diluted Average Shares": NaN,
        "Basic Average Shares": NaN,
        "Diluted EPS": NaN,
        "Basic EPS": NaN,
        "Diluted NI Availto Com Stockholders": -65000000.0,
        "Net Income Common Stockholders": -65000000.0,
        "Preferred Stock Dividends": 26000000.0,
        "Net Income": -39000000.0,
        "Minority Interests": 4000000.0,
        "Net Income Including Noncontrolling Interests": -43000000.0,
        "Net Income Continuous Operations": -43000000.0,
        "Tax Provision": -8000000.0,
        "Pretax Income": -51000000.0,
        "Other Income Expense": -1000000.0,
        "Special Income Charges": -20000000.0,
        "Gain On Sale Of Ppe": 0.0,
        "Gain On Sale Of Business": NaN,
        "Write Off": 20000000.0,
        "Impairment Of Capital Assets": NaN,
        "Earnings From Equity Interest": 2000000.0,
        "Gain On Sale Of Security": 17000000.0,
        "Net Non Operating Interest Income Expense": -62000000.0,
        "Total Other Finance Cost": 10000000.0,
        "Interest Expense Non Operating": 68000000.0,
        "Interest Income Non Operating": 16000000.0,
        "Operating Income": 12000000.0,
        "Operating Expense": 378000000.0,
        "Other Operating Expenses": 131000000.0,
        "Other Taxes": 9000000.0,
        "Depreciation Amortization Depletion Income Statement": 143000000.0,
        "Depreciation And Amortization In Income Statement": 143000000.0,
        "Selling General And Administration": 95000000.0,
        "General And Administrative Expense": 95000000.0,
        "Salaries And Wages": 95000000.0,
        "Gross Profit": 390000000.0,
        "Cost Of Revenue": 288000000.0,
        "Total Revenue": 678000000.0,
        "Operating Revenue": 663000000.0
    },
    "2025-03-31": {
        "Tax Effect Of Unusual Items": 2000000.0,
        "Tax Rate For Calcs": 0.142857,
        "Normalized EBITDA": 250000000.0,
        "Total Unusual Items": 14000000.0,
        "Total Unusual Items Excluding Goodwill": 14000000.0,
        "Net Income From Continuing Operation Net Minority Interest": 46000000.0,
        "Reconciled Depreciation": 146000000.0,
        "Reconciled Cost Of Revenue": 326000000.0,
        "EBITDA": 264000000.0,
        "EBIT": 118000000.0,
        "Net Interest Income": -67000000.0,
        "Interest Expense": 69000000.0,
        "Interest Income": 11000000.0,
        "Normalized Income": 34000000.0,
        "Net Income From Continuing And Discontinued Operation": 46000000.0,
        "Total Expenses": 658000000.0,
        "Total Operating Income As Reported": 100000000.0,
        "Diluted Average Shares": 298000000.0,
        "Basic Average Shares": 298000000.0,
        "Diluted EPS": 0.15,
        "Basic EPS": 0.15,
        "Diluted NI Availto Com Stockholders": 46000000.0,
        "Net Income Common Stockholders": 46000000.0,
        "Preferred Stock Dividends": NaN,
        "Net Income": 46000000.0,
        "Minority Interests": 4000000.0,
        "Net Income Including Noncontrolling Interests": 42000000.0,
        "Net Income Continuous Operations": 42000000.0,
        "Tax Provision": 7000000.0,
        "Pretax Income": 49000000.0,
        "Other Income Expense": 16000000.0,
        "Special Income Charges": 18000000.0,
        "Gain On Sale Of Ppe": -1000000.0,
        "Gain On Sale Of Business": 34000000.0,
        "Write Off": 15000000.0,
        "Impairment Of Capital Assets": NaN,
        "Earnings From Equity Interest": 2000000.0,
        "Gain On Sale Of Security": -4000000.0,
        "Net Non Operating Interest Income Expense": -67000000.0,
        "Total Other Finance Cost": 9000000.0,
        "Interest Expense Non Operating": 69000000.0,
        "Interest Income Non Operating": 11000000.0,
        "Operating Income": 100000000.0,
        "Operating Expense": 332000000.0,
        "Other Operating Expenses": 98000000.0,
        "Other Taxes": 12000000.0,
        "Depreciation Amortization Depletion Income Statement": 146000000.0,
        "Depreciation And Amortization In Income Statement": 146000000.0,
        "Selling General And Administration": 76000000.0,
        "General And Administrative Expense": 76000000.0,
        "Salaries And Wages": 76000000.0,
        "Gross Profit": 432000000.0,
        "Cost Of Revenue": 326000000.0,
        "Total Revenue": 758000000.0,
        "Operating Revenue": 748000000.0
    },
    "2025-06-30": {
        "Tax Effect Of Unusual Items": -4500000.0,
        "Tax Rate For Calcs": 0.15,
        "Normalized EBITDA": 153000000.0,
        "Total Unusual Items": -30000000.0,
        "Total Unusual Items Excluding Goodwill": -30000000.0,
        "Net Income From Continuing Operation Net Minority Interest": -99000000.0,
        "Reconciled Depreciation": 150000000.0,
        "Reconciled Cost Of Revenue": 99000000.0,
        "EBITDA": 123000000.0,
        "EBIT": -27000000.0,
        "Net Interest Income": -63000000.0,
        "Interest Expense": 68000000.0,
        "Interest Income": 11000000.0,
        "Normalized Income": -73500000.0,
        "Net Income From Continuing And Discontinued Operation": -99000000.0,
        "Total Expenses": 436000000.0,
        "Total Operating Income As Reported": -2000000.0,
        "Diluted Average Shares": NaN,
        "Basic Average Shares": NaN,
        "Diluted EPS": NaN,
        "Basic EPS": NaN,
        "Diluted NI Availto Com Stockholders": -112000000.0,
        "Net Income Common Stockholders": -112000000.0,
        "Preferred Stock Dividends": 13000000.0,
        "Net Income": -99000000.0,
        "Minority Interests": 7000000.0,
        "Net Income Including Noncontrolling Interests": -106000000.0,
        "Net Income Continuous Operations": -106000000.0,
        "Tax Provision": 11000000.0,
        "Pretax Income": -95000000.0,
        "Other Income Expense": -29000000.0,
        "Special Income Charges": -13000000.0,
        "Gain On Sale Of Ppe": 0.0,
        "Gain On Sale Of Business": 0.0,
        "Write Off": 13000000.0,
        "Impairment Of Capital Assets": NaN,
        "Earnings From Equity Interest": 1000000.0,
        "Gain On Sale Of Security": -17000000.0,
        "Net Non Operating Interest Income Expense": -63000000.0,
        "Total Other Finance Cost": 6000000.0,
        "Interest Expense Non Operating": 68000000.0,
        "Interest Income Non Operating": 11000000.0,
        "Operating Income": -3000000.0,
        "Operating Expense": 337000000.0,
        "Other Operating Expenses": 98000000.0,
        "Other Taxes": 12000000.0,
        "Depreciation Amortization Depletion Income Statement": 150000000.0,
        "Depreciation And Amortization In Income Statement": 150000000.0,
        "Selling General And Administration": 77000000.0,
        "General And Administrative Expense": 77000000.0,
        "Salaries And Wages": 77000000.0,
        "Gross Profit": 334000000.0,
        "Cost Of Revenue": 99000000.0,
        "Total Revenue": 433000000.0,
        "Operating Revenue": 421000000.0
    }
}