{
    "2023-03-31": {
        "Tax Effect Of Unusual Items": NaN,
        "Tax Rate For Calcs": NaN,
        "Normalized EBITDA": NaN,
        "Net Income From Continuing Operation Net Minority Interest": NaN,
        "Reconciled Depreciation": NaN,
        "Reconciled Cost Of Revenue": NaN,
        "EBITDA": NaN,
        "EBIT": NaN,
        "Net Interest Income": NaN,
        "Normalized Income": NaN,
        "Net Income From Continuing And Discontinued Operation": NaN,
        "Total Expenses": NaN,
        "Total Operating Income As Reported": NaN,
        "Diluted Average Shares": NaN,
        "Basic Average Shares": NaN,
        "Diluted EPS": NaN,
        "Basic EPS": NaN,
        "Diluted NI Availto Com Stockholders": NaN,
        "Net Income Common Stockholders": NaN,
        "Net Income": NaN,
        "Net Income Including Noncontrolling Interests": NaN,
        "Net Income Continuous Operations": NaN,
        "Tax Provision": NaN,
        "Pretax Income": NaN,
        "Other Income Expense": 21000.0,
        "Other Non Operating Income Expenses": 21000.0,
        "Net Non Operating Interest Income Expense": NaN,
        "Total Other Finance Cost": 66000.0,
        "Operating Income": NaN,
        "Operating Expense": NaN,
        "Research And Development": NaN,
        "Selling General And Administration": NaN,
        "Selling And Marketing Expense": NaN,
        "General And Administrative Expense": NaN,
        "Other Gand A": NaN,
        "Gross Profit": NaN,
        "Cost Of Revenue": NaN,
        "Total Revenue": NaN,
        "Operating Revenue": NaN
    },
    "2022-12-31": {
        "Tax Effect Of Unusual Items": NaN,
        "Tax Rate For Calcs": NaN,
        "Normalized EBITDA": NaN,
        "Total Unusual Items": 0.0,
        "Total Unusual Items Excluding Goodwill": 0.0,
        "Net Income From Continuing Operation Net Minority Interest": NaN,
        "Reconciled Depreciation": NaN,
        "Reconciled Cost Of Revenue": NaN,
        "EBITDA": NaN,
        "EBIT": NaN,
        "Net Interest Income": NaN,
        "Normalized Income": NaN,
        "Net Income From Continuing And Discontinued Operation": NaN,
        "Total Expenses": NaN,
        "Total Operating Income As Reported": NaN,
        "Diluted Average Shares": NaN,
        "Basic Average Shares": NaN,
        "Diluted EPS": NaN,
        "Basic EPS": NaN,
        "Diluted NI Availto Com Stockholders": NaN,
        "Net Income Common Stockholders": NaN,
        "Net Income": NaN,
        "Net Income Including Noncontrolling Interests": NaN,
        "Net Income Continuous Operations": NaN,
        "Tax Provision": NaN,
        "Pretax Income": NaN,
        "Other Income Expense": NaN,
        "Other Non Operating Income Expenses": NaN,
        "Special Income Charges": 0.0,
        "Net Non Operating Interest Income Expense": NaN,
        "Total Other Finance Cost": NaN,
        "Operating Income": NaN,
        "Operating Expense": NaN,
        "Research And Development": NaN,
        "Selling General And Administration": NaN,
        "Selling And Marketing Expense": NaN,
        "General And Administrative Expense": NaN,
        "Other Gand A": NaN,
        "Gross Profit": NaN,
        "Cost Of Revenue": NaN,
        "Total Revenue": NaN,
        "Operating Revenue": NaN
    },
    "2022-09-30": {
        "Tax Effect Of Unusual Items": NaN,
        "Tax Rate For Calcs": NaN,
        "Normalized EBITDA": NaN,
        "Total Unusual Items": 0.0,
        "Total Unusual Items Excluding Goodwill": 0.0,
        "Net Income From Continuing Operation Net Minority Interest": NaN,
        "Reconciled Depreciation": NaN,
        "Reconciled Cost Of Revenue": NaN,
        "EBITDA": NaN,
        "EBIT": NaN,
        "Net Interest Income": NaN,
        "Normalized Income": NaN,
        "Net Income From Continuing And Discontinued Operation": NaN,
        "Total Expenses": NaN,
        "Total Operating Income As Reported": NaN,
        "Diluted Average Shares": NaN,
        "Basic Average Shares": NaN,
        "Diluted EPS": NaN,
        "Basic EPS": NaN,
        "Diluted NI Availto Com Stockholders": NaN,
        "Net Income Common Stockholders": NaN,
        "Net Income": NaN,
        "Net Income Including Noncontrolling Interests": NaN,
        "Net Income Continuous Operations": NaN,
        "Tax Provision": NaN,
        "Pretax Income": NaN,
        "Other Income Expense": NaN,
        "Other Non Operating Income Expenses": NaN,
        "Special Income Charges": 0.0,
        "Net Non Operating Interest Income Expense": NaN,
        "Total Other Finance Cost": 53000.0,
        "Operating Income": NaN,
        "Operating Expense": NaN,
        "Research And Development": NaN,
        "Selling General And Administration": NaN,
        "Selling And Marketing Expense": NaN,
        "General And Administrative Expense": NaN,
        "Other Gand A": NaN,
        "Gross Profit": NaN,
        "Cost Of Revenue": NaN,
        "Total Revenue": NaN,
        "Operating Revenue": NaN
    },
    "2022-06-30": {
        "Tax Effect Of Unusual Items": 0.0,
        "Tax Rate For Calcs": 0.268022,
        "Normalized EBITDA": -2954000.0,
        "Total Unusual Items": NaN,
        "Total Unusual Items Excluding Goodwill": NaN,
        "Net Income From Continuing Operation Net Minority Interest": -2376000.0,
        "Reconciled Depreciation": 397000.0,
        "Reconciled Cost Of Revenue": 7189000.0,
        "EBITDA": -2954000.0,
        "EBIT": -2954000.0,
        "Net Interest Income": -28000.0,
        "Normalized Income": -2376000.0,
        "Net Income From Continuing And Discontinued Operation": -2376000.0,
        "Total Expenses": 15577000.0,
        "Total Operating Income As Reported": -2954000.0,
        "Diluted Average Shares": 9910000.0,
        "Basic Average Shares": 9910000.0,
        "Diluted EPS": -0.24,
        "Basic EPS": -0.24,
        "Diluted NI Availto Com Stockholders": -2376000.0,
        "Net Income Common Stockholders": -2376000.0,
        "Net Income": -2376000.0,
        "Net Income Including Noncontrolling Interests": -2376000.0,
        "Net Income Continuous Operations": -2376000.0,
        "Tax Provision": -870000.0,
        "Pretax Income": -3246000.0,
        "Other Income Expense": -264000.0,
        "Other Non Operating Income Expenses": -264000.0,
        "Special Income Charges": NaN,
        "Net Non Operating Interest Income Expense": -28000.0,
        "Total Other Finance Cost": 28000.0,
        "Operating Income": -2954000.0,
        "Operating Expense": 8388000.0,
        "Research And Development": 2172000.0,
        "Selling General And Administration": 6216000.0,
        "Selling And Marketing Expense": 3293000.0,
        "General And Administrative Expense": 2923000.0,
        "Other Gand A": 2923000.0,
        "Gross Profit": 5434000.0,
        "Cost Of Revenue": 7189000.0,
        "Total Revenue": 12623000.0,
        "Operating Revenue": 12623000.0
    },
    "2022-03-31": {
        "Diluted EPS": -0.44,
        "Total Revenue": 10,
        "Gross Profit": 3,
        "Operating Income": -6,
        "EBIT": -5,
        "Net Income": -4
    },
    "2021-12-31": {
        "Diluted EPS": -0.04,
        "Total Revenue": 11,
        "Gross Profit": 4,
        "Operating Income": -2,
        "EBIT": -2,
        "Net Income": -1
    },
    "2021-09-30": {
        "Diluted EPS": 0.09,
        "Total Revenue": 11,
        "Gross Profit": 4,
        "Operating Income": -2,
        "EBIT": -1,
        "Net Income": 1
    },
    "2021-06-30": {
        "Diluted EPS": -0.23,
        "Total Revenue": 9,
        "Gross Profit": 3,
        "Operating Income": -3,
        "EBIT": -2,
        "Net Income": -2
    },
    "2021-03-31": {
        "Diluted EPS": -0.25,
        "Total Revenue": 8,
        "Gross Profit": 3,
        "Operating Income": -3,
        "EBIT": -2,
        "Net Income": -2
    },
    "2020-12-31": {
        "Diluted EPS": -0.23,
        "Total Revenue": 8,
        "Gross Profit": 2,
        "Operating Income": -3,
        "EBIT": -2,
        "Net Income": -2
    },
    "2020-09-30": {
        "Diluted EPS": -0.11,
        "Total Revenue": 7,
        "Gross Profit": 3,
        "Operating Income": -1,
        "EBIT": -1,
        "Net Income": -1
    },
    "2020-06-30": {
        "Diluted EPS": -0.25,
        "Total Revenue": 5,
        "Gross Profit": 2,
        "Operating Income": -3,
        "EBIT": -2,
        "Net Income": -2
    },
    "2020-03-31": {
        "Diluted EPS": -0.13,
        "Total Revenue": 10,
        "Gross Profit": 5,
        "Operating Income": -1,
        "EBIT": -1,
        "Net Income": -1
    },
    "2019-12-31": {
        "Diluted EPS": -0.1,
        "Total Revenue": 11,
        "Gross Profit": 5,
        "Operating Income": -1,
        "EBIT": 0,
        "Net Income": -1
    },
    "2019-09-30": {
        "Diluted EPS": 0.05,
        "Total Revenue": 12,
        "Gross Profit": 6,
        "Operating Income": 0,
        "EBIT": 1,
        "Net Income": 0
    },
    "2019-06-30": {
        "Diluted EPS": 0.02,
        "Total Revenue": 11,
        "Gross Profit": 6,
        "Operating Income": 0,
        "EBIT": 1,
        "Net Income": 0
    },
    "2019-03-31": {
        "Diluted EPS": 0.1,
        "Total Revenue": 12,
        "Gross Profit": 6,
        "Operating Income": 1,
        "EBIT": 1,
        "Net Income": 1
    },
    "2018-12-31": {
        "Diluted EPS": 0.12,
        "Total Revenue": 12,
        "Gross Profit": 6,
        "Operating Income": 1,
        "EBIT": 1,
        "Net Income": 1
    },
    "2018-09-30": {
        "Diluted EPS": 0.33,
        "Total Revenue": 16,
        "Gross Profit": 8,
        "Operating Income": 3,
        "EBIT": 3,
        "Net Income": 3
    },
    "2018-06-30": {
        "Diluted EPS": 0.16,
        "Total Revenue": 15,
        "Gross Profit": 7,
        "Operating Income": 2,
        "EBIT": 2,
        "Net Income": 1
    },
    "2018-03-31": {
        "Diluted EPS": 0.09,
        "Total Revenue": 12,
        "Gross Profit": 6,
        "Operating Income": 1,
        "EBIT": 1,
        "Net Income": 1
    },
    "2017-12-31": {
        "Diluted EPS": -0.07,
        "Total Revenue": 13,
        "Gross Profit": 7,
        "Operating Income": 2,
        "EBIT": 2,
        "Net Income": 0
    },
    "2017-09-30": {
        "Diluted EPS": 0.24,
        "Total Revenue": 16,
        "Gross Profit": 8,
        "Operating Income": 3,
        "EBIT": 3,
        "Net Income": 2
    },
    "2017-06-30": {
        "Diluted EPS": 0.12,
        "Total Revenue": 14,
        "Gross Profit": 6,
        "Operating Income": 1,
        "EBIT": 2,
        "Net Income": 1
    },
    "2017-03-31": {
        "Diluted EPS": 0.13,
        "Total Revenue": 14,
        "Gross Profit": 6,
        "Operating Income": 1,
        "EBIT": 2,
        "Net Income": 1
    },
    "2016-12-31": {
        "Diluted EPS": 0.17,
        "Total Revenue": 14,
        "Gross Profit": 6,
        "Operating Income": 2,
        "EBIT": 2,
        "Net Income": 1
    },
    "2016-09-30": {
        "Diluted EPS": 0.12,
        "Total Revenue": 14,
        "Gross Profit": 6,
        "Operating Income": 1,
        "EBIT": 2,
        "Net Income": 1
    },
    "2016-06-30": {
        "Diluted EPS": 0.1,
        "Total Revenue": 15,
        "Gross Profit": 6,
        "Operating Income": 1,
        "EBIT": 1,
        "Net Income": 1
    },
    "2016-03-31": {
        "Diluted EPS": 0.08,
        "Total Revenue": 14,
        "Gross Profit": 6,
        "Operating Income": 1,
        "EBIT": 1,
        "Net Income": 1
    },
    "2015-12-31": {
        "Diluted EPS": 0.06,
        "Total Revenue": 12,
        "Gross Profit": 5,
        "Operating Income": 0,
        "EBIT": 1,
        "Net Income": 1
    },
    "2015-09-30": {
        "Diluted EPS": 0.13,
        "Total Revenue": 14,
        "Gross Profit": 6,
        "Operating Income": 2,
        "EBIT": 2,
        "Net Income": 1
    },
    "2015-06-30": {
        "Diluted EPS": 0.18,
        "Total Revenue": 17,
        "Gross Profit": 7,
        "Operating Income": 2,
        "EBIT": 3,
        "Net Income": 1
    },
    "2015-03-31": {
        "Diluted EPS": 0.02,
        "Total Revenue": 16,
        "Gross Profit": 6,
        "Operating Income": 0,
        "EBIT": 1,
        "Net Income": 0
    },
    "2014-12-31": {
        "Diluted EPS": -0.37,
        "Total Revenue": 12,
        "Gross Profit": 5,
        "Operating Income": -5,
        "EBIT": -4,
        "Net Income": -3
    },
    "2014-09-30": {
        "Diluted EPS": 0.01,
        "Total Revenue": 13,
        "Gross Profit": 5,
        "Operating Income": 0,
        "EBIT": 0,
        "Net Income": 0
    },
    "2014-06-30": {
        "Diluted EPS": 0.02,
        "Total Revenue": 14,
        "Gross Profit": 6,
        "Operating Income": 0,
        "EBIT": 1,
        "Net Income": 0
    },
    "2014-03-31": {
        "Diluted EPS": 0.05,
        "Total Revenue": 14,
        "Gross Profit": 6,
        "Operating Income": 1,
        "EBIT": 1,
        "Net Income": 0
    },
    "2013-12-31": {
        "Diluted EPS": 0.13,
        "Total Revenue": 13,
        "Gross Profit": 5,
        "Operating Income": 1,
        "EBIT": 2,
        "Net Income": 1
    },
    "2013-09-30": {
        "Diluted EPS": 0.17,
        "Total Revenue": 17,
        "Gross Profit": 7,
        "Operating Income": 2,
        "EBIT": 2,
        "Net Income": 1
    },
    "2013-06-30": {
        "Diluted EPS": 0.14,
        "Total Revenue": 16,
        "Gross Profit": 6,
        "Operating Income": 2,
        "EBIT": 2,
        "Net Income": 1
    },
    "2013-03-31": {
        "Diluted EPS": 0.13,
        "Total Revenue": 15,
        "Gross Profit": 6,
        "Operating Income": 1,
        "EBIT": 2,
        "Net Income": 1
    },
    "2012-12-31": {
        "Diluted EPS": 0.21,
        "Total Revenue": 20,
        "Gross Profit": 8,
        "Operating Income": 3,
        "EBIT": 3,
        "Net Income": 2
    },
    "2012-09-30": {
        "Diluted EPS": 0.0,
        "Total Revenue": 15,
        "Gross Profit": 6,
        "Operating Income": 0,
        "EBIT": 0,
        "Net Income": 0
    },
    "2012-06-30": {
        "Diluted EPS": 0.06,
        "Total Revenue": 16,
        "Gross Profit": 6,
        "Operating Income": 1,
        "EBIT": 1,
        "Net Income": 1
    },
    "2012-03-31": {
        "Diluted EPS": 0.13,
        "Total Revenue": 18,
        "Gross Profit": 7,
        "Operating Income": 2,
        "EBIT": 2,
        "Net Income": 1
    },
    "2011-12-31": {
        "Diluted EPS": 0.06,
        "Total Revenue": 14,
        "Gross Profit": 6,
        "Operating Income": 1,
        "EBIT": 1,
        "Net Income": 1
    },
    "2011-09-30": {
        "Diluted EPS": 0.09,
        "Total Revenue": 14,
        "Gross Profit": 5,
        "Operating Income": 1,
        "EBIT": 2,
        "Net Income": 1
    },
    "2011-06-30": {
        "Diluted EPS": 0.15,
        "Total Revenue": 18,
        "Gross Profit": 7,
        "Operating Income": 2,
        "EBIT": 3,
        "Net Income": 1
    },
    "2011-03-31": {
        "Diluted EPS": 0.19,
        "Total Revenue": 21,
        "Gross Profit": 7,
        "Operating Income": 3,
        "EBIT": 3,
        "Net Income": 2
    },
    "2010-12-31": {
        "Diluted EPS": 0.11,
        "Total Revenue": 16,
        "Gross Profit": 6,
        "Operating Income": 1,
        "EBIT": 2,
        "Net Income": 1
    },
    "2010-09-30": {
        "Diluted EPS": 0.11,
        "Total Revenue": 16,
        "Gross Profit": 6,
        "Operating Income": 2,
        "EBIT": 2,
        "Net Income": 1
    },
    "2010-06-30": {
        "Diluted EPS": 0.12,
        "Total Revenue": 16,
        "Gross Profit": 6,
        "Operating Income": 2,
        "EBIT": 2,
        "Net Income": 1
    },
    "2010-03-31": {
        "Diluted EPS": 0.07,
        "Total Revenue": 14,
        "Gross Profit": 5,
        "Operating Income": 1,
        "EBIT": 1,
        "Net Income": 1
    },
    "2009-12-31": {
        "Diluted EPS": 0.02,
        "Total Revenue": 14,
        "Gross Profit": 4,
        "Operating Income": 0,
        "EBIT": 1,
        "Net Income": 0
    },
    "2009-09-30": {
        "Diluted EPS": 0.13,
        "Total Revenue": 18,
        "Gross Profit": 6,
        "Operating Income": 2,
        "EBIT": 2,
        "Net Income": 1
    },
    "2009-06-30": {
        "Diluted EPS": 0.07,
        "Total Revenue": 14,
        "Gross Profit": 5,
        "Operating Income": 1,
        "EBIT": 2,
        "Net Income": 1
    },
    "2009-03-31": {
        "Diluted EPS": 0.01,
        "Total Revenue": 12,
        "Gross Profit": 4,
        "Operating Income": 0,
        "EBIT": 1,
        "Net Income": 0
    },
    "2023-06-30": {
        "Tax Effect Of Unusual Items": NaN,
        "Tax Rate For Calcs": NaN,
        "Normalized EBITDA": NaN,
        "Net Income From Continuing Operation Net Minority Interest": NaN,
        "Reconciled Depreciation": NaN,
        "Reconciled Cost Of Revenue": NaN,
        "EBITDA": NaN,
        "EBIT": NaN,
        "Net Interest Income": NaN,
        "Normalized Income": NaN,
        "Net Income From Continuing And Discontinued Operation": NaN,
        "Total Expenses": NaN,
        "Total Operating Income As Reported": NaN,
        "Diluted Average Shares": NaN,
        "Basic Average Shares": NaN,
        "Diluted EPS": NaN,
        "Basic EPS": NaN,
        "Diluted NI Availto Com Stockholders": NaN,
        "Net Income Common Stockholders": NaN,
        "Net Income": NaN,
        "Net Income Including Noncontrolling Interests": NaN,
        "Net Income Continuous Operations": NaN,
        "Tax Provision": NaN,
        "Pretax Income": NaN,
        "Other Income Expense": NaN,
        "Other Non Operating Income Expenses": NaN,
        "Net Non Operating Interest Income Expense": NaN,
        "Total Other Finance Cost": 68000.0,
        "Operating Income": NaN,
        "Operating Expense": NaN,
        "Research And Development": NaN,
        "Selling General And Administration": NaN,
        "Selling And Marketing Expense": NaN,
        "General And Administrative Expense": NaN,
        "Other Gand A": NaN,
        "Gross Profit": NaN,
        "Cost Of Revenue": NaN,
        "Total Revenue": NaN,
        "Operating Revenue": NaN
    },
    "2023-09-30": {
        "Tax Effect Of Unusual Items": NaN,
        "Tax Rate For Calcs": NaN,
        "Normalized EBITDA": NaN,
        "Net Income From Continuing Operation Net Minority Interest": NaN,
        "Reconciled Depreciation": NaN,
        "Reconciled Cost Of Revenue": NaN,
        "EBITDA": NaN,
        "EBIT": NaN,
        "Net Interest Income": NaN,
        "Normalized Income": NaN,
        "Net Income From Continuing And Discontinued Operation": NaN,
        "Total Expenses": NaN,
        "Total Operating Income As Reported": NaN,
        "Diluted Average Shares": NaN,
        "Basic Average Shares": NaN,
        "Diluted EPS": NaN,
        "Basic EPS": NaN,
        "Diluted NI Availto Com Stockholders": NaN,
        "Net Income Common Stockholders": NaN,
        "Net Income": NaN,
        "Net Income Including Noncontrolling Interests": NaN,
        "Net Income Continuous Operations": NaN,
        "Tax Provision": NaN,
        "Pretax Income": NaN,
        "Other Income Expense": NaN,
        "Other Non Operating Income Expenses": NaN,
        "Net Non Operating Interest Income Expense": NaN,
        "Total Other Finance Cost": 73000.0,
        "Operating Income": NaN,
        "Operating Expense": NaN,
        "Research And Development": NaN,
        "Selling General And Administration": NaN,
        "Selling And Marketing Expense": NaN,
        "General And Administrative Expense": NaN,
        "Other Gand A": NaN,
        "Gross Profit": NaN,
        "Cost Of Revenue": NaN,
        "Total Revenue": NaN,
        "Operating Revenue": NaN
    },
    "2023-12-31": {
        "Tax Effect Of Unusual Items": 0.0,
        "Tax Rate For Calcs": 0.354167,
        "Normalized EBITDA": 371000.0,
        "Net Income From Continuing Operation Net Minority Interest": -62000.0,
        "Reconciled Depreciation": 386000.0,
        "Reconciled Cost Of Revenue": 6894000.0,
        "EBITDA": 371000.0,
        "EBIT": -15000.0,
        "Net Interest Income": -48000.0,
        "Normalized Income": -62000.0,
        "Net Income From Continuing And Discontinued Operation": -62000.0,
        "Total Expenses": 13787000.0,
        "Total Operating Income As Reported": -522000.0,
        "Diluted Average Shares": 9958000.0,
        "Basic Average Shares": 9958000.0,
        "Diluted EPS": -0.01,
        "Basic EPS": -0.01,
        "Diluted NI Availto Com Stockholders": -62000.0,
        "Net Income Common Stockholders": -62000.0,
        "Net Income": -62000.0,
        "Net Income Including Noncontrolling Interests": -62000.0,
        "Net Income Continuous Operations": -62000.0,
        "Tax Provision": -34000.0,
        "Pretax Income": -96000.0,
        "Other Income Expense": 474000.0,
        "Other Non Operating Income Expenses": 474000.0,
        "Net Non Operating Interest Income Expense": -48000.0,
        "Total Other Finance Cost": NaN,
        "Operating Income": -522000.0,
        "Operating Expense": 6893000.0,
        "Research And Development": 2159000.0,
        "Selling General And Administration": 4734000.0,
        "Selling And Marketing Expense": 2096000.0,
        "General And Administrative Expense": 2638000.0,
        "Other Gand A": 2638000.0,
        "Gross Profit": 6371000.0,
        "Cost Of Revenue": 6894000.0,
        "Total Revenue": 13265000.0,
        "Operating Revenue": 13265000.0
    },
    "2024-03-31": {
        "Tax Effect Of Unusual Items": NaN,
        "Tax Rate For Calcs": NaN,
        "Normalized EBITDA": NaN,
        "Net Income From Continuing Operation Net Minority Interest": NaN,
        "Reconciled Depreciation": NaN,
        "Reconciled Cost Of Revenue": NaN,
        "EBITDA": NaN,
        "EBIT": NaN,
        "Net Interest Income": NaN,
        "Normalized Income": NaN,
        "Net Income From Continuing And Discontinued Operation": NaN,
        "Total Expenses": NaN,
        "Total Operating Income As Reported": NaN,
        "Diluted Average Shares": NaN,
        "Basic Average Shares": NaN,
        "Diluted EPS": NaN,
        "Basic EPS": NaN,
        "Diluted NI Availto Com Stockholders": NaN,
        "Net Income Common Stockholders": NaN,
        "Net Income": NaN,
        "Net Income Including Noncontrolling Interests": NaN,
        "Net Income Continuous Operations": NaN,
        "Tax Provision": NaN,
        "Pretax Income": NaN,
        "Other Income Expense": NaN,
        "Other Non Operating Income Expenses": NaN,
        "Net Non Operating Interest Income Expense": NaN,
        "Total Other Finance Cost": -48000.0,
        "Operating Income": NaN,
        "Operating Expense": NaN,
        "Research And Development": NaN,
        "Selling General And Administration": NaN,
        "Selling And Marketing Expense": NaN,
        "General And Administrative Expense": NaN,
        "Other Gand A": NaN,
        "Gross Profit": NaN,
        "Cost Of Revenue": NaN,
        "Total Revenue": NaN,
        "Operating Revenue": NaN
    },
    "2024-06-30": {
        "Tax Effect Of Unusual Items": 0.0,
        "Tax Rate For Calcs": 0.212346,
        "Normalized EBITDA": -197000.0,
        "Net Income From Continuing Operation Net Minority Interest": -319000.0,
        "Reconciled Depreciation": 241000.0,
        "Reconciled Cost Of Revenue": 5489000.0,
        "EBITDA": -197000.0,
        "EBIT": -438000.0,
        "Net Interest Income": 26000.0,
        "Normalized Income": -319000.0,
        "Net Income From Continuing And Discontinued Operation": -319000.0,
        "Total Expenses": 12037000.0,
        "Total Operating Income As Reported": -438000.0,
        "Diluted Average Shares": NaN,
        "Basic Average Shares": NaN,
        "Diluted EPS": NaN,
        "Basic EPS": NaN,
        "Diluted NI Availto Com Stockholders": -319000.0,
        "Net Income Common Stockholders": -319000.0,
        "Net Income": -319000.0,
        "Net Income Including Noncontrolling Interests": -319000.0,
        "Net Income Continuous Operations": -319000.0,
        "Tax Provision": -86000.0,
        "Pretax Income": -405000.0,
        "Other Income Expense": 7000.0,
        "Other Non Operating Income Expenses": 7000.0,
        "Net Non Operating Interest Income Expense": 26000.0,
        "Total Other Finance Cost": -26000.0,
        "Operating Income": -438000.0,
        "Operating Expense": 6548000.0,
        "Research And Development": 1799000.0,
        "Selling General And Administration": 4749000.0,
        "Selling And Marketing Expense": 2197000.0,
        "General And Administrative Expense": 2552000.0,
        "Other Gand A": 2552000.0,
        "Gross Profit": 6110000.0,
        "Cost Of Revenue": 5489000.0,
        "Total Revenue": 11599000.0,
        "Operating Revenue": 11599000.0
    },
    "2024-09-30": {
        "Tax Effect Of Unusual Items": 0.0,
        "Tax Rate For Calcs": 0.211731,
        "Normalized EBITDA": -629000.0,
        "Net Income From Continuing Operation Net Minority Interest": -551000.0,
        "Reconciled Depreciation": 208000.0,
        "Reconciled Cost Of Revenue": 5640000.0,
        "EBITDA": -629000.0,
        "EBIT": -837000.0,
        "Net Interest Income": 42000.0,
        "Normalized Income": -551000.0,
        "Net Income From Continuing And Discontinued Operation": -551000.0,
        "Total Expenses": 11704000.0,
        "Total Operating Income As Reported": -837000.0,
        "Diluted Average Shares": 10006000.0,
        "Basic Average Shares": 10006000.0,
        "Diluted EPS": -0.06,
        "Basic EPS": -0.06,
        "Diluted NI Availto Com Stockholders": -551000.0,
        "Net Income Common Stockholders": -551000.0,
        "Net Income": -551000.0,
        "Net Income Including Noncontrolling Interests": -551000.0,
        "Net Income Continuous Operations": -551000.0,
        "Tax Provision": -148000.0,
        "Pretax Income": -699000.0,
        "Other Income Expense": 96000.0,
        "Other Non Operating Income Expenses": 96000.0,
        "Net Non Operating Interest Income Expense": 42000.0,
        "Total Other Finance Cost": -42000.0,
        "Operating Income": -837000.0,
        "Operating Expense": 6064000.0,
        "Research And Development": 1640000.0,
        "Selling General And Administration": 4424000.0,
        "Selling And Marketing Expense": 1880000.0,
        "General And Administrative Expense": 2544000.0,
        "Other Gand A": 2544000.0,
        "Gross Profit": 5227000.0,
        "Cost Of Revenue": 5640000.0,
        "Total Revenue": 10867000.0,
        "Operating Revenue": 10867000.0
    },
    "2024-12-31": {
        "Tax Effect Of Unusual Items": 0.0,
        "Tax Rate For Calcs": 0.21,
        "Normalized EBITDA": -477000.0,
        "Net Income From Continuing Operation Net Minority Interest": -7957000.0,
        "Reconciled Depreciation": 193000.0,
        "Reconciled Cost Of Revenue": 5710000.0,
        "EBITDA": -477000.0,
        "EBIT": -670000.0,
        "Net Interest Income": 31000.0,
        "Normalized Income": -7957000.0,
        "Net Income From Continuing And Discontinued Operation": -7957000.0,
        "Total Expenses": 11281000.0,
        "Total Operating Income As Reported": -1050000.0,
        "Diluted Average Shares": 10014000.0,
        "Basic Average Shares": 10014000.0,
        "Diluted EPS": -0.79,
        "Basic EPS": -0.79,
        "Diluted NI Availto Com Stockholders": -7957000.0,
        "Net Income Common Stockholders": -7957000.0,
        "Net Income": -7957000.0,
        "Net Income Including Noncontrolling Interests": -7957000.0,
        "Net Income Continuous Operations": -7957000.0,
        "Tax Provision": 6806000.0,
        "Pretax Income": -1151000.0,
        "Other Income Expense": -132000.0,
        "Other Non Operating Income Expenses": -132000.0,
        "Net Non Operating Interest Income Expense": 31000.0,
        "Total Other Finance Cost": NaN,
        "Operating Income": -1050000.0,
        "Operating Expense": 5571000.0,
        "Research And Development": 1572000.0,
        "Selling General And Administration": 3999000.0,
        "Selling And Marketing Expense": 2035000.0,
        "General And Administrative Expense": 1964000.0,
        "Other Gand A": 1964000.0,
        "Gross Profit": 4521000.0,
        "Cost Of Revenue": 5710000.0,
        "Total Revenue": 10231000.0,
        "Operating Revenue": 10231000.0
    },
    "2025-03-31": {
        "Tax Effect Of Unusual Items": 0.0,
        "Tax Rate For Calcs": 0.21,
        "Normalized EBITDA": 158000.0,
        "Net Income From Continuing Operation Net Minority Interest": 19000.0,
        "Reconciled Depreciation": 173000.0,
        "Reconciled Cost Of Revenue": 6694000.0,
        "EBITDA": 158000.0,
        "EBIT": -15000.0,
        "Net Interest Income": 22000.0,
        "Normalized Income": 19000.0,
        "Net Income From Continuing And Discontinued Operation": 19000.0,
        "Total Expenses": 13068000.0,
        "Total Operating Income As Reported": -15000.0,
        "Diluted Average Shares": 10054000.0,
        "Basic Average Shares": 10043000.0,
        "Diluted EPS": 0.0,
        "Basic EPS": 0.0,
        "Diluted NI Availto Com Stockholders": 19000.0,
        "Net Income Common Stockholders": 19000.0,
        "Net Income": 19000.0,
        "Net Income Including Noncontrolling Interests": 19000.0,
        "Net Income Continuous Operations": 19000.0,
        "Tax Provision": 51000.0,
        "Pretax Income": 70000.0,
        "Other Income Expense": 63000.0,
        "Other Non Operating Income Expenses": 63000.0,
        "Net Non Operating Interest Income Expense": 22000.0,
        "Total Other Finance Cost": -22000.0,
        "Operating Income": -15000.0,
        "Operating Expense": 6374000.0,
        "Research And Development": 1635000.0,
        "Selling General And Administration": 4739000.0,
        "Selling And Marketing Expense": 2085000.0,
        "General And Administrative Expense": 2654000.0,
        "Other Gand A": 2654000.0,
        "Gross Profit": 6359000.0,
        "Cost Of Revenue": 6694000.0,
        "Total Revenue": 13053000.0,
        "Operating Revenue": 13053000.0
    },
    "2025-06-30": {
        "Tax Effect Of Unusual Items": 0.0,
        "Tax Rate For Calcs": 0.21,
        "Normalized EBITDA": -87000.0,
        "Net Income From Continuing Operation Net Minority Interest": -143000.0,
        "Reconciled Depreciation": 171000.0,
        "Reconciled Cost Of Revenue": 7146000.0,
        "EBITDA": -87000.0,
        "EBIT": -258000.0,
        "Net Interest Income": 40000.0,
        "Normalized Income": -143000.0,
        "Net Income From Continuing And Discontinued Operation": -143000.0,
        "Total Expenses": 14056000.0,
        "Total Operating Income As Reported": -258000.0,
        "Diluted Average Shares": 10085000.0,
        "Basic Average Shares": 10085000.0,
        "Diluted EPS": -0.01,
        "Basic EPS": -0.01,
        "Diluted NI Availto Com Stockholders": -143000.0,
        "Net Income Common Stockholders": -143000.0,
        "Net Income": -143000.0,
        "Net Income Including Noncontrolling Interests": -143000.0,
        "Net Income Continuous Operations": -143000.0,
        "Tax Provision": 40000.0,
        "Pretax Income": -103000.0,
        "Other Income Expense": 115000.0,
        "Other Non Operating Income Expenses": 115000.0,
        "Net Non Operating Interest Income Expense": 40000.0,
        "Total Other Finance Cost": -40000.0,
        "Operating Income": -258000.0,
        "Operating Expense": 6910000.0,
        "Research And Development": 1725000.0,
        "Selling General And Administration": 5185000.0,
        "Selling And Marketing Expense": 2103000.0,
        "General And Administrative Expense": 3082000.0,
        "Other Gand A": 3082000.0,
        "Gross Profit": 6652000.0,
        "Cost Of Revenue": 7146000.0,
        "Total Revenue": 13798000.0,
        "Operating Revenue": 13798000.0
    },
    "2025-09-30": {
        "Tax Effect Of Unusual Items": NaN,
        "Tax Rate For Calcs": NaN,
        "Normalized EBITDA": NaN,
        "Net Income From Continuing Operation Net Minority Interest": NaN,
        "Reconciled Depreciation": NaN,
        "Reconciled Cost Of Revenue": NaN,
        "EBITDA": NaN,
        "EBIT": NaN,
        "Net Interest Income": NaN,
        "Normalized Income": NaN,
        "Net Income From Continuing And Discontinued Operation": NaN,
        "Total Expenses": NaN,
        "Total Operating Income As Reported": NaN,
        "Diluted Average Shares": 10157000.0,
        "Basic Average Shares": 10103000.0,
        "Diluted EPS": 0.0,
        "Basic EPS": 0.0,
        "Diluted NI Availto Com Stockholders": NaN,
        "Net Income Common Stockholders": NaN,
        "Net Income": NaN,
        "Net Income Including Noncontrolling Interests": NaN,
        "Net Income Continuous Operations": NaN,
        "Tax Provision": NaN,
        "Pretax Income": NaN,
        "Other Income Expense": NaN,
        "Other Non Operating Income Expenses": NaN,
        "Net Non Operating Interest Income Expense": NaN,
        "Total Other Finance Cost": NaN,
        "Operating Income": NaN,
        "Operating Expense": NaN,
        "Research And Development": NaN,
        "Selling General And Administration": NaN,
        "Selling And Marketing Expense": NaN,
        "General And Administrative Expense": NaN,
        "Other Gand A": NaN,
        "Gross Profit": NaN,
        "Cost Of Revenue": NaN,
        "Total Revenue": NaN,
        "Operating Revenue": NaN
    }
}