{
    "2023-05-31": {
        "Tax Effect Of Unusual Items": 0.0,
        "Tax Rate For Calcs": 0.25,
        "Normalized EBITDA": -57773000.0,
        "Total Unusual Items": NaN,
        "Total Unusual Items Excluding Goodwill": NaN,
        "Net Income From Continuing Operation Net Minority Interest": -45037000.0,
        "Reconciled Cost Of Revenue": 139513000.0,
        "EBITDA": -57773000.0,
        "EBIT": -57773000.0,
        "Net Interest Income": 22981000.0,
        "Interest Expense": NaN,
        "Interest Income": 22981000.0,
        "Normalized Income": -45037000.0,
        "Net Income From Continuing And Discontinued Operation": -45037000.0,
        "Total Expenses": 333213000.0,
        "Total Operating Income As Reported": -57773000.0,
        "Diluted Average Shares": 634023321.0,
        "Basic Average Shares": 634023321.0,
        "Diluted EPS": -0.069993,
        "Basic EPS": -0.069993,
        "Diluted NI Availto Com Stockholders": -45037000.0,
        "Net Income Common Stockholders": -45037000.0,
        "Net Income": -45037000.0,
        "Minority Interests": 190000.0,
        "Net Income Including Noncontrolling Interests": -45227000.0,
        "Net Income Continuous Operations": -45227000.0,
        "Earnings From Equity Interest Net Of Tax": -71000.0,
        "Tax Provision": 3519000.0,
        "Pretax Income": -41637000.0,
        "Other Income Expense": -6845000.0,
        "Other Non Operating Income Expenses": -6845000.0,
        "Special Income Charges": NaN,
        "Gain On Sale Of Business": NaN,
        "Write Off": NaN,
        "Impairment Of Capital Assets": NaN,
        "Net Non Operating Interest Income Expense": 22981000.0,
        "Interest Expense Non Operating": NaN,
        "Interest Income Non Operating": 22981000.0,
        "Operating Income": -57773000.0,
        "Operating Expense": 193700000.0,
        "Other Operating Expenses": -8880000.0,
        "Selling General And Administration": 202580000.0,
        "Selling And Marketing Expense": 97657000.0,
        "General And Administrative Expense": 104923000.0,
        "Other Gand A": 104923000.0,
        "Gross Profit": 135927000.0,
        "Cost Of Revenue": 139513000.0,
        "Total Revenue": 275440000.0,
        "Operating Revenue": 275440000.0
    },
    "2023-02-28": {
        "Tax Effect Of Unusual Items": NaN,
        "Tax Rate For Calcs": NaN,
        "Normalized EBITDA": NaN,
        "Total Unusual Items": NaN,
        "Total Unusual Items Excluding Goodwill": NaN,
        "Net Income From Continuing Operation Net Minority Interest": NaN,
        "Reconciled Cost Of Revenue": NaN,
        "EBITDA": NaN,
        "EBIT": NaN,
        "Net Interest Income": NaN,
        "Interest Expense": 0.0,
        "Interest Income": NaN,
        "Normalized Income": NaN,
        "Net Income From Continuing And Discontinued Operation": NaN,
        "Total Expenses": NaN,
        "Total Operating Income As Reported": NaN,
        "Diluted Average Shares": NaN,
        "Basic Average Shares": NaN,
        "Diluted EPS": NaN,
        "Basic EPS": NaN,
        "Diluted NI Availto Com Stockholders": NaN,
        "Net Income Common Stockholders": NaN,
        "Net Income": NaN,
        "Minority Interests": NaN,
        "Net Income Including Noncontrolling Interests": NaN,
        "Net Income Continuous Operations": NaN,
        "Earnings From Equity Interest Net Of Tax": NaN,
        "Tax Provision": NaN,
        "Pretax Income": NaN,
        "Other Income Expense": NaN,
        "Other Non Operating Income Expenses": NaN,
        "Special Income Charges": NaN,
        "Gain On Sale Of Business": 0.0,
        "Write Off": NaN,
        "Impairment Of Capital Assets": 0.0,
        "Net Non Operating Interest Income Expense": NaN,
        "Interest Expense Non Operating": 0.0,
        "Interest Income Non Operating": NaN,
        "Operating Income": NaN,
        "Operating Expense": NaN,
        "Other Operating Expenses": NaN,
        "Selling General And Administration": NaN,
        "Selling And Marketing Expense": NaN,
        "General And Administrative Expense": NaN,
        "Other Gand A": NaN,
        "Gross Profit": NaN,
        "Cost Of Revenue": NaN,
        "Total Revenue": NaN,
        "Operating Revenue": NaN
    },
    "2022-11-30": {
        "Tax Effect Of Unusual Items": NaN,
        "Tax Rate For Calcs": NaN,
        "Normalized EBITDA": NaN,
        "Total Unusual Items": NaN,
        "Total Unusual Items Excluding Goodwill": NaN,
        "Net Income From Continuing Operation Net Minority Interest": NaN,
        "Reconciled Cost Of Revenue": NaN,
        "EBITDA": NaN,
        "EBIT": NaN,
        "Net Interest Income": NaN,
        "Interest Expense": 0.0,
        "Interest Income": NaN,
        "Normalized Income": NaN,
        "Net Income From Continuing And Discontinued Operation": NaN,
        "Total Expenses": NaN,
        "Total Operating Income As Reported": NaN,
        "Diluted Average Shares": NaN,
        "Basic Average Shares": NaN,
        "Diluted EPS": NaN,
        "Basic EPS": NaN,
        "Diluted NI Availto Com Stockholders": NaN,
        "Net Income Common Stockholders": NaN,
        "Net Income": NaN,
        "Minority Interests": NaN,
        "Net Income Including Noncontrolling Interests": NaN,
        "Net Income Continuous Operations": NaN,
        "Earnings From Equity Interest Net Of Tax": NaN,
        "Tax Provision": NaN,
        "Pretax Income": NaN,
        "Other Income Expense": NaN,
        "Other Non Operating Income Expenses": NaN,
        "Special Income Charges": NaN,
        "Gain On Sale Of Business": 0.0,
        "Write Off": NaN,
        "Impairment Of Capital Assets": 0.0,
        "Net Non Operating Interest Income Expense": NaN,
        "Interest Expense Non Operating": 0.0,
        "Interest Income Non Operating": NaN,
        "Operating Income": NaN,
        "Operating Expense": NaN,
        "Other Operating Expenses": NaN,
        "Selling General And Administration": NaN,
        "Selling And Marketing Expense": NaN,
        "General And Administrative Expense": NaN,
        "Other Gand A": NaN,
        "Gross Profit": NaN,
        "Cost Of Revenue": NaN,
        "Total Revenue": NaN,
        "Operating Revenue": NaN
    },
    "2022-08-31": {
        "Tax Effect Of Unusual Items": NaN,
        "Tax Rate For Calcs": NaN,
        "Normalized EBITDA": NaN,
        "Total Unusual Items": 2940000.0,
        "Total Unusual Items Excluding Goodwill": 2940000.0,
        "Net Income From Continuing Operation Net Minority Interest": NaN,
        "Reconciled Cost Of Revenue": NaN,
        "EBITDA": NaN,
        "EBIT": NaN,
        "Net Interest Income": NaN,
        "Interest Expense": 0.0,
        "Interest Income": NaN,
        "Normalized Income": NaN,
        "Net Income From Continuing And Discontinued Operation": NaN,
        "Total Expenses": NaN,
        "Total Operating Income As Reported": NaN,
        "Diluted Average Shares": NaN,
        "Basic Average Shares": NaN,
        "Diluted EPS": NaN,
        "Basic EPS": NaN,
        "Diluted NI Availto Com Stockholders": NaN,
        "Net Income Common Stockholders": NaN,
        "Net Income": NaN,
        "Minority Interests": NaN,
        "Net Income Including Noncontrolling Interests": NaN,
        "Net Income Continuous Operations": NaN,
        "Earnings From Equity Interest Net Of Tax": NaN,
        "Tax Provision": NaN,
        "Pretax Income": NaN,
        "Other Income Expense": NaN,
        "Other Non Operating Income Expenses": NaN,
        "Special Income Charges": 2940000.0,
        "Gain On Sale Of Business": 9550000.0,
        "Write Off": 6610000.0,
        "Impairment Of Capital Assets": 0.0,
        "Net Non Operating Interest Income Expense": NaN,
        "Interest Expense Non Operating": 0.0,
        "Interest Income Non Operating": NaN,
        "Operating Income": NaN,
        "Operating Expense": NaN,
        "Other Operating Expenses": NaN,
        "Selling General And Administration": NaN,
        "Selling And Marketing Expense": NaN,
        "General And Administrative Expense": NaN,
        "Other Gand A": NaN,
        "Gross Profit": NaN,
        "Cost Of Revenue": NaN,
        "Total Revenue": NaN,
        "Operating Revenue": NaN
    },
    "2022-05-31": {
        "Tax Effect Of Unusual Items": 0.0,
        "Tax Rate For Calcs": 0.4,
        "Normalized EBITDA": -42049000.0,
        "Total Unusual Items": 0.0,
        "Total Unusual Items Excluding Goodwill": 0.0,
        "Net Income From Continuing Operation Net Minority Interest": -43829000.0,
        "Reconciled Cost Of Revenue": 88558000.0,
        "EBIT": -42049000.0,
        "Net Interest Income": 13063000.0,
        "Interest Expense": 0.0,
        "Interest Income": 13063000.0,
        "Normalized Income": -43829000.0,
        "Net Income From Continuing And Discontinued Operation": -43829000.0,
        "Total Expenses": 252368000.0,
        "Total Operating Income As Reported": -28323000.0,
        "Diluted Average Shares": 645252334.0,
        "Basic Average Shares": 645252334.0,
        "Diluted EPS": -0.06666,
        "Basic EPS": -0.06666,
        "Diluted NI Availto Com Stockholders": -43829000.0,
        "Net Income Common Stockholders": -43829000.0,
        "Net Income": -43829000.0,
        "Minority Interests": -917000.0,
        "Net Income Including Noncontrolling Interests": -42912000.0,
        "Net Income Continuous Operations": -42912000.0,
        "Earnings From Equity Interest Net Of Tax": 1453000.0,
        "Tax Provision": 2316000.0,
        "Pretax Income": -42049000.0,
        "Other Income Expense": -26789000.0,
        "Other Non Operating Income Expenses": -26789000.0,
        "Special Income Charges": 0.0,
        "Gain On Sale Of Business": NaN,
        "Write Off": 0.0,
        "Impairment Of Capital Assets": 0.0,
        "Net Non Operating Interest Income Expense": 13063000.0,
        "Interest Expense Non Operating": 0.0,
        "Interest Income Non Operating": 13063000.0,
        "Operating Income": -28323000.0,
        "Operating Expense": 163810000.0,
        "Other Operating Expenses": -7679000.0,
        "Selling General And Administration": 171489000.0,
        "Selling And Marketing Expense": 60039000.0,
        "General And Administrative Expense": 111450000.0,
        "Other Gand A": 111450000.0,
        "Gross Profit": 135487000.0,
        "Cost Of Revenue": 88558000.0,
        "Total Revenue": 224045000.0,
        "Operating Revenue": 224045000.0
    },
    "2022-02-28": {
        "Diluted EPS": -0.16,
        "Total Revenue": 541,
        "Gross Profit": 343,
        "Operating Income": 1,
        "Net Income": -108
    },
    "2021-11-30": {
        "Diluted EPS": -0.15,
        "Total Revenue": NaN,
        "Gross Profit": 501,
        "Operating Income": -108,
        "Net Income": -99
    },
    "2021-08-31": {
        "Diluted EPS": -1.29,
        "Total Revenue": NaN,
        "Gross Profit": 571,
        "Operating Income": -380,
        "EBIT": -380,
        "Net Income": -827
    },
    "2021-05-31": {
        "Diluted EPS": -0.16,
        "Total Revenue": NaN,
        "Gross Profit": 772,
        "Operating Income": -127,
        "EBIT": -127,
        "Net Income": -102
    },
    "2021-02-28": {
        "Diluted EPS": -0.27,
        "Total Revenue": NaN,
        "Gross Profit": 781,
        "Operating Income": -297,
        "EBIT": -297,
        "Net Income": -169
    },
    "2020-11-30": {
        "Diluted EPS": -0.07,
        "Total Revenue": NaN,
        "Gross Profit": 604,
        "Operating Income": -127,
        "EBIT": -127,
        "Net Income": -44
    },
    "2020-08-31": {
        "Diluted EPS": 0.02,
        "Total Revenue": NaN,
        "Gross Profit": 581,
        "Operating Income": -49,
        "EBIT": -49,
        "Net Income": 15
    },
    "2020-05-31": {
        "Diluted EPS": 0.13,
        "Total Revenue": 911,
        "Gross Profit": 481,
        "Operating Income": 35,
        "EBIT": 35,
        "Net Income": 82
    },
    "2020-02-29": {
        "Diluted EPS": -0.15,
        "Total Revenue": 858,
        "Gross Profit": 452,
        "Operating Income": -41,
        "EBIT": -41,
        "Net Income": -90
    },
    "2019-11-30": {
        "Diluted EPS": 0.03,
        "Total Revenue": 829,
        "Gross Profit": 467,
        "Operating Income": 69,
        "EBIT": 69,
        "Net Income": 20
    },
    "2019-08-31": {
        "Diluted EPS": -0.04,
        "Total Revenue": 913,
        "Gross Profit": 509,
        "Operating Income": 61,
        "EBIT": 61,
        "Net Income": -24
    },
    "2019-05-31": {
        "Diluted EPS": -0.03,
        "Total Revenue": 673,
        "Gross Profit": 377,
        "Operating Income": 48,
        "EBIT": 48,
        "Net Income": -16
    },
    "2019-02-28": {
        "Diluted EPS": 0.16,
        "Total Revenue": 727,
        "Gross Profit": 420,
        "Operating Income": 115,
        "EBIT": 115,
        "Net Income": 100
    },
    "2018-11-30": {
        "Diluted EPS": 0.21,
        "Total Revenue": 586,
        "Gross Profit": 318,
        "Operating Income": 71,
        "EBIT": 71,
        "Net Income": 124
    },
    "2018-08-31": {
        "Diluted EPS": 0.13,
        "Total Revenue": 700,
        "Gross Profit": 370,
        "Operating Income": 81,
        "EBIT": 81,
        "Net Income": 77
    },
    "2018-05-31": {
        "Diluted EPS": 0.11,
        "Total Revenue": 551,
        "Gross Profit": 290,
        "Operating Income": 75,
        "EBIT": 75,
        "Net Income": 67
    },
    "2018-02-28": {
        "Diluted EPS": -0.09,
        "Total Revenue": 504,
        "Gross Profit": 257,
        "Operating Income": 67,
        "EBIT": 67,
        "Net Income": 70
    },
    "2017-11-30": {
        "Diluted EPS": 0.07,
        "Total Revenue": 433,
        "Gross Profit": 212,
        "Operating Income": 45,
        "EBIT": 45,
        "Net Income": 41
    },
    "2017-08-31": {
        "Diluted EPS": 0.31,
        "Total Revenue": 456,
        "Gross Profit": 211,
        "Operating Income": 68,
        "EBIT": 68,
        "Net Income": 59
    },
    "2017-05-31": {
        "Diluted EPS": 0.05,
        "Total Revenue": 322,
        "Gross Profit": 152,
        "Operating Income": 29,
        "EBIT": 29,
        "Net Income": 29
    },
    "2017-02-28": {
        "Diluted EPS": 0.06,
        "Total Revenue": 316,
        "Gross Profit": 158,
        "Operating Income": 43,
        "EBIT": 43,
        "Net Income": 34
    },
    "2016-11-30": {
        "Diluted EPS": 0.03,
        "Total Revenue": 261,
        "Gross Profit": 129,
        "Operating Income": 22,
        "EBIT": 22,
        "Net Income": 14
    },
    "2016-08-31": {
        "Diluted EPS": 0.1,
        "Total Revenue": 271,
        "Gross Profit": 139,
        "Operating Income": 52,
        "EBIT": 52,
        "Net Income": 56
    },
    "2016-05-31": {
        "Diluted EPS": 0.03,
        "Total Revenue": 195,
        "Gross Profit": 95,
        "Operating Income": 18,
        "EBIT": 18,
        "Net Income": 13
    },
    "2016-02-29": {
        "Diluted EPS": 0.02,
        "Total Revenue": 175,
        "Gross Profit": 86,
        "Operating Income": 17,
        "EBIT": 36,
        "Net Income": 11
    },
    "2015-11-30": {
        "Diluted EPS": 0.02,
        "Total Revenue": 142,
        "Gross Profit": 69,
        "Operating Income": 10,
        "EBIT": 10,
        "Net Income": 10
    },
    "2015-08-31": {
        "Diluted EPS": 0.12,
        "Total Revenue": 173,
        "Gross Profit": 93,
        "Operating Income": 39,
        "EBIT": 39,
        "Net Income": 63
    },
    "2015-05-31": {
        "Diluted EPS": 0.04,
        "Total Revenue": 129,
        "Gross Profit": 68,
        "Operating Income": 20,
        "EBIT": 20,
        "Net Income": 19
    },
    "2015-02-28": {
        "Diluted EPS": 0.03,
        "Total Revenue": 123,
        "Gross Profit": 64,
        "Operating Income": 15,
        "EBIT": 15,
        "Net Income": 14
    },
    "2014-11-30": {
        "Diluted EPS": 0.02,
        "Total Revenue": 99,
        "Gross Profit": 50,
        "Operating Income": 8,
        "EBIT": 8,
        "Net Income": 11
    },
    "2014-08-31": {
        "Diluted EPS": 0.06,
        "Total Revenue": 122,
        "Gross Profit": 69,
        "Operating Income": 30,
        "EBIT": 30,
        "Net Income": 29
    },
    "2014-05-31": {
        "Diluted EPS": 0.03,
        "Total Revenue": 89,
        "Gross Profit": 47,
        "Operating Income": 14,
        "EBIT": 14,
        "Net Income": 13
    },
    "2014-02-28": {
        "Diluted EPS": 0.04,
        "Total Revenue": 87,
        "Gross Profit": 46,
        "Operating Income": 15,
        "EBIT": 15,
        "Net Income": 17
    },
    "2013-11-30": {
        "Diluted EPS": 0.03,
        "Total Revenue": 74,
        "Gross Profit": 38,
        "Operating Income": 11,
        "EBIT": 11,
        "Net Income": 13
    },
    "2013-08-31": {
        "Diluted EPS": 0.05,
        "Total Revenue": 92,
        "Gross Profit": 49,
        "Operating Income": 24,
        "EBIT": 24,
        "Net Income": 23
    },
    "2013-05-31": {
        "Diluted EPS": 0.02,
        "Total Revenue": 61,
        "Gross Profit": 29,
        "Operating Income": 7,
        "EBIT": 7,
        "Net Income": 8
    },
    "2013-02-28": {
        "Diluted EPS": 0.02,
        "Total Revenue": 60,
        "Gross Profit": 28,
        "Operating Income": 6,
        "EBIT": 6,
        "Net Income": 7
    },
    "2012-11-30": {
        "Diluted EPS": 0.01,
        "Total Revenue": 49,
        "Gross Profit": 22,
        "Operating Income": 3,
        "EBIT": 3,
        "Net Income": 6
    },
    "2012-08-31": {
        "Diluted EPS": 0.04,
        "Total Revenue": 68,
        "Gross Profit": 36,
        "Operating Income": 17,
        "EBIT": 17,
        "Net Income": 16
    },
    "2012-05-31": {
        "Diluted EPS": 0.01,
        "Total Revenue": 49,
        "Gross Profit": 24,
        "Operating Income": 6,
        "EBIT": 6,
        "Net Income": 5
    },
    "2012-02-29": {
        "Diluted EPS": 0.02,
        "Total Revenue": 52,
        "Gross Profit": 24,
        "Operating Income": 6,
        "EBIT": 6,
        "Net Income": 8
    },
    "2011-11-30": {
        "Diluted EPS": 0.0,
        "Total Revenue": 41,
        "Gross Profit": 17,
        "Operating Income": 1,
        "EBIT": 1,
        "Net Income": 1
    },
    "2011-08-31": {
        "Diluted EPS": 0.03,
        "Total Revenue": 32,
        "Gross Profit": 7,
        "Operating Income": -9,
        "EBIT": -9,
        "Net Income": 11
    },
    "2011-05-31": {
        "Diluted EPS": 0.01,
        "Total Revenue": 33,
        "Gross Profit": 15,
        "Operating Income": 3,
        "EBIT": 3,
        "Net Income": 5
    },
    "2011-02-28": {
        "Diluted EPS": 0.02,
        "Total Revenue": 34,
        "Gross Profit": 34,
        "Operating Income": 34,
        "EBIT": 34,
        "Net Income": 8
    },
    "2010-11-30": {
        "Diluted EPS": 0.01,
        "Total Revenue": 24,
        "Gross Profit": 10,
        "Operating Income": 2,
        "EBIT": 2,
        "Net Income": 2
    },
    "2010-08-31": {
        "Diluted EPS": 0.03,
        "Total Revenue": 32,
        "Gross Profit": 32,
        "Operating Income": 32,
        "EBIT": 32,
        "Net Income": 11
    },
    "2010-05-31": {
        "Diluted EPS": 0.01,
        "Total Revenue": 20,
        "Gross Profit": 20,
        "Operating Income": 20,
        "EBIT": 20,
        "Net Income": 3
    },
    "2009-11-30": {
        "Diluted EPS": 0.01,
        "Total Revenue": 16,
        "Gross Profit": 16,
        "Operating Income": 16,
        "EBIT": 16,
        "Net Income": 2
    },
    "2023-08-31": {
        "Tax Effect Of Unusual Items": NaN,
        "Tax Rate For Calcs": NaN,
        "Normalized EBITDA": NaN,
        "Total Unusual Items": NaN,
        "Total Unusual Items Excluding Goodwill": NaN,
        "Net Income From Continuing Operation Net Minority Interest": NaN,
        "Reconciled Cost Of Revenue": NaN,
        "EBITDA": NaN,
        "EBIT": NaN,
        "Net Interest Income": NaN,
        "Interest Income": NaN,
        "Normalized Income": NaN,
        "Net Income From Continuing And Discontinued Operation": NaN,
        "Total Expenses": NaN,
        "Total Operating Income As Reported": NaN,
        "Diluted Average Shares": NaN,
        "Basic Average Shares": NaN,
        "Diluted EPS": NaN,
        "Basic EPS": NaN,
        "Diluted NI Availto Com Stockholders": NaN,
        "Net Income Common Stockholders": NaN,
        "Net Income": NaN,
        "Minority Interests": NaN,
        "Net Income Including Noncontrolling Interests": NaN,
        "Net Income Continuous Operations": NaN,
        "Earnings From Equity Interest Net Of Tax": NaN,
        "Tax Provision": NaN,
        "Pretax Income": NaN,
        "Other Income Expense": NaN,
        "Other Non Operating Income Expenses": NaN,
        "Special Income Charges": NaN,
        "Gain On Sale Of Business": 0.0,
        "Write Off": NaN,
        "Net Non Operating Interest Income Expense": NaN,
        "Interest Income Non Operating": NaN,
        "Operating Income": NaN,
        "Operating Expense": NaN,
        "Other Operating Expenses": NaN,
        "Selling General And Administration": NaN,
        "Selling And Marketing Expense": NaN,
        "General And Administrative Expense": NaN,
        "Other Gand A": NaN,
        "Gross Profit": NaN,
        "Cost Of Revenue": NaN,
        "Total Revenue": NaN,
        "Operating Revenue": NaN
    },
    "2023-11-30": {
        "Tax Effect Of Unusual Items": NaN,
        "Tax Rate For Calcs": NaN,
        "Normalized EBITDA": NaN,
        "Total Unusual Items": NaN,
        "Total Unusual Items Excluding Goodwill": NaN,
        "Net Income From Continuing Operation Net Minority Interest": NaN,
        "Reconciled Cost Of Revenue": NaN,
        "EBITDA": NaN,
        "EBIT": NaN,
        "Net Interest Income": NaN,
        "Interest Income": NaN,
        "Normalized Income": NaN,
        "Net Income From Continuing And Discontinued Operation": NaN,
        "Total Expenses": NaN,
        "Total Operating Income As Reported": NaN,
        "Diluted Average Shares": NaN,
        "Basic Average Shares": NaN,
        "Diluted EPS": NaN,
        "Basic EPS": NaN,
        "Diluted NI Availto Com Stockholders": NaN,
        "Net Income Common Stockholders": NaN,
        "Net Income": NaN,
        "Minority Interests": NaN,
        "Net Income Including Noncontrolling Interests": NaN,
        "Net Income Continuous Operations": NaN,
        "Earnings From Equity Interest Net Of Tax": NaN,
        "Tax Provision": NaN,
        "Pretax Income": NaN,
        "Other Income Expense": NaN,
        "Other Non Operating Income Expenses": NaN,
        "Special Income Charges": NaN,
        "Gain On Sale Of Business": 0.0,
        "Write Off": NaN,
        "Net Non Operating Interest Income Expense": NaN,
        "Interest Income Non Operating": NaN,
        "Operating Income": NaN,
        "Operating Expense": NaN,
        "Other Operating Expenses": NaN,
        "Selling General And Administration": NaN,
        "Selling And Marketing Expense": NaN,
        "General And Administrative Expense": NaN,
        "Other Gand A": NaN,
        "Gross Profit": NaN,
        "Cost Of Revenue": NaN,
        "Total Revenue": NaN,
        "Operating Revenue": NaN
    },
    "2024-02-29": {
        "Tax Effect Of Unusual Items": NaN,
        "Tax Rate For Calcs": NaN,
        "Normalized EBITDA": NaN,
        "Total Unusual Items": NaN,
        "Total Unusual Items Excluding Goodwill": NaN,
        "Net Income From Continuing Operation Net Minority Interest": NaN,
        "Reconciled Cost Of Revenue": NaN,
        "EBITDA": NaN,
        "EBIT": NaN,
        "Net Interest Income": NaN,
        "Interest Income": NaN,
        "Normalized Income": NaN,
        "Net Income From Continuing And Discontinued Operation": NaN,
        "Total Expenses": NaN,
        "Total Operating Income As Reported": NaN,
        "Diluted Average Shares": NaN,
        "Basic Average Shares": NaN,
        "Diluted EPS": NaN,
        "Basic EPS": NaN,
        "Diluted NI Availto Com Stockholders": NaN,
        "Net Income Common Stockholders": NaN,
        "Net Income": NaN,
        "Minority Interests": NaN,
        "Net Income Including Noncontrolling Interests": NaN,
        "Net Income Continuous Operations": NaN,
        "Earnings From Equity Interest Net Of Tax": NaN,
        "Tax Provision": NaN,
        "Pretax Income": NaN,
        "Other Income Expense": NaN,
        "Other Non Operating Income Expenses": NaN,
        "Special Income Charges": NaN,
        "Gain On Sale Of Business": 0.0,
        "Write Off": NaN,
        "Net Non Operating Interest Income Expense": NaN,
        "Interest Income Non Operating": NaN,
        "Operating Income": NaN,
        "Operating Expense": NaN,
        "Other Operating Expenses": NaN,
        "Selling General And Administration": NaN,
        "Selling And Marketing Expense": NaN,
        "General And Administrative Expense": NaN,
        "Other Gand A": NaN,
        "Gross Profit": NaN,
        "Cost Of Revenue": NaN,
        "Total Revenue": NaN,
        "Operating Revenue": NaN
    },
    "2024-05-31": {
        "Tax Effect Of Unusual Items": -593116.424259,
        "Tax Rate For Calcs": 0.157451,
        "Normalized EBITDA": -13563000.0,
        "Total Unusual Items": -3767000.0,
        "Total Unusual Items Excluding Goodwill": -3767000.0,
        "Net Income From Continuing Operation Net Minority Interest": 11402000.0,
        "Reconciled Cost Of Revenue": 200008000.0,
        "EBITDA": -17330000.0,
        "EBIT": -17330000.0,
        "Net Interest Income": 22522000.0,
        "Interest Income": 22522000.0,
        "Normalized Income": 14575883.575741,
        "Net Income From Continuing And Discontinued Operation": 11402000.0,
        "Total Expenses": 431517000.0,
        "Total Operating Income As Reported": -17330000.0,
        "Diluted Average Shares": 616208950.0,
        "Basic Average Shares": 604761872.0,
        "Diluted EPS": 0.019998,
        "Basic EPS": 0.019998,
        "Diluted NI Availto Com Stockholders": 11402000.0,
        "Net Income Common Stockholders": 11402000.0,
        "Net Income": 11402000.0,
        "Minority Interests": 106000.0,
        "Net Income Including Noncontrolling Interests": 11296000.0,
        "Net Income Continuous Operations": 11296000.0,
        "Earnings From Equity Interest Net Of Tax": -985000.0,
        "Tax Provision": 2295000.0,
        "Pretax Income": 14576000.0,
        "Other Income Expense": 9384000.0,
        "Other Non Operating Income Expenses": 13151000.0,
        "Special Income Charges": -3767000.0,
        "Gain On Sale Of Business": NaN,
        "Write Off": 3767000.0,
        "Net Non Operating Interest Income Expense": 22522000.0,
        "Interest Income Non Operating": 22522000.0,
        "Operating Income": -17330000.0,
        "Operating Expense": 231509000.0,
        "Other Operating Expenses": -601000.0,
        "Selling General And Administration": 232110000.0,
        "Selling And Marketing Expense": 122428000.0,
        "General And Administrative Expense": 109682000.0,
        "Other Gand A": 109682000.0,
        "Gross Profit": 214179000.0,
        "Cost Of Revenue": 200008000.0,
        "Total Revenue": 414187000.0,
        "Operating Revenue": 414187000.0
    },
    "2024-08-31": {
        "Tax Effect Of Unusual Items": -1510918.800862,
        "Tax Rate For Calcs": 0.306786,
        "Normalized EBITDA": 52547000.0,
        "Total Unusual Items": -4925000.0,
        "Total Unusual Items Excluding Goodwill": -4925000.0,
        "Net Income From Continuing Operation Net Minority Interest": 57431000.0,
        "Reconciled Cost Of Revenue": 270632000.0,
        "EBITDA": 47622000.0,
        "EBIT": 47622000.0,
        "Net Interest Income": 20397000.0,
        "Interest Income": 20397000.0,
        "Normalized Income": 60845081.199138,
        "Net Income From Continuing And Discontinued Operation": 57431000.0,
        "Total Expenses": 571739000.0,
        "Total Operating Income As Reported": 47622000.0,
        "Diluted Average Shares": 614911008.0,
        "Basic Average Shares": 605367285.0,
        "Diluted EPS": 0.093324,
        "Basic EPS": 0.093324,
        "Diluted NI Availto Com Stockholders": 57431000.0,
        "Net Income Common Stockholders": 57431000.0,
        "Net Income": 57431000.0,
        "Minority Interests": 93000.0,
        "Net Income Including Noncontrolling Interests": 57338000.0,
        "Net Income Continuous Operations": 57338000.0,
        "Earnings From Equity Interest Net Of Tax": -587000.0,
        "Tax Provision": 25635000.0,
        "Pretax Income": 83560000.0,
        "Other Income Expense": 15541000.0,
        "Other Non Operating Income Expenses": 20466000.0,
        "Special Income Charges": -4925000.0,
        "Gain On Sale Of Business": NaN,
        "Write Off": 4925000.0,
        "Net Non Operating Interest Income Expense": 20397000.0,
        "Interest Income Non Operating": 20397000.0,
        "Operating Income": 47622000.0,
        "Operating Expense": 301107000.0,
        "Other Operating Expenses": -292000.0,
        "Selling General And Administration": 301399000.0,
        "Selling And Marketing Expense": 181900000.0,
        "General And Administrative Expense": 119499000.0,
        "Other Gand A": 119499000.0,
        "Gross Profit": 348729000.0,
        "Cost Of Revenue": 270632000.0,
        "Total Revenue": 619361000.0,
        "Operating Revenue": 619361000.0
    },
    "2024-11-30": {
        "Tax Effect Of Unusual Items": 0.0,
        "Tax Rate For Calcs": 0.25,
        "Normalized EBITDA": -17432000.0,
        "Total Unusual Items": 0.0,
        "Total Unusual Items Excluding Goodwill": 0.0,
        "Net Income From Continuing Operation Net Minority Interest": 23069000.0,
        "Reconciled Cost Of Revenue": 286689000.0,
        "EBITDA": -17432000.0,
        "EBIT": -17432000.0,
        "Net Interest Income": 21491000.0,
        "Interest Income": 21491000.0,
        "Normalized Income": 23069000.0,
        "Net Income From Continuing And Discontinued Operation": 23069000.0,
        "Total Expenses": 623878000.0,
        "Total Operating Income As Reported": -17432000.0,
        "Diluted Average Shares": 614910327.0,
        "Basic Average Shares": 605777036.0,
        "Diluted EPS": 0.036663,
        "Basic EPS": 0.036663,
        "Diluted NI Availto Com Stockholders": 23069000.0,
        "Net Income Common Stockholders": 23069000.0,
        "Net Income": 23069000.0,
        "Minority Interests": 43000.0,
        "Net Income Including Noncontrolling Interests": 23026000.0,
        "Net Income Continuous Operations": 23026000.0,
        "Earnings From Equity Interest Net Of Tax": -2765000.0,
        "Tax Provision": -3582000.0,
        "Pretax Income": 22209000.0,
        "Other Income Expense": 18150000.0,
        "Other Non Operating Income Expenses": 18150000.0,
        "Special Income Charges": 0.0,
        "Gain On Sale Of Business": NaN,
        "Write Off": 0.0,
        "Net Non Operating Interest Income Expense": 21491000.0,
        "Interest Income Non Operating": 21491000.0,
        "Operating Income": -17432000.0,
        "Operating Expense": 337189000.0,
        "Other Operating Expenses": -789000.0,
        "Selling General And Administration": 337978000.0,
        "Selling And Marketing Expense": 226441000.0,
        "General And Administrative Expense": 111537000.0,
        "Other Gand A": 111537000.0,
        "Gross Profit": 319757000.0,
        "Cost Of Revenue": 286689000.0,
        "Total Revenue": 606446000.0,
        "Operating Revenue": 606446000.0
    },
    "2025-02-28": {
        "Tax Effect Of Unusual Items": -1060250.0,
        "Tax Rate For Calcs": 0.25,
        "Normalized EBITDA": -11774000.0,
        "Total Unusual Items": -4241000.0,
        "Total Unusual Items Excluding Goodwill": -4241000.0,
        "Net Income From Continuing Operation Net Minority Interest": -7311000.0,
        "Reconciled Cost Of Revenue": 292646000.0,
        "EBITDA": -16015000.0,
        "EBIT": -16015000.0,
        "Net Interest Income": 19072000.0,
        "Interest Income": 19072000.0,
        "Normalized Income": -4130250.0,
        "Net Income From Continuing And Discontinued Operation": -7311000.0,
        "Total Expenses": 626254000.0,
        "Total Operating Income As Reported": -16015000.0,
        "Diluted Average Shares": 607943456.0,
        "Basic Average Shares": 607943456.0,
        "Diluted EPS": -0.013332,
        "Basic EPS": -0.013332,
        "Diluted NI Availto Com Stockholders": -7311000.0,
        "Net Income Common Stockholders": -7311000.0,
        "Net Income": -7311000.0,
        "Minority Interests": 89000.0,
        "Net Income Including Noncontrolling Interests": -7400000.0,
        "Net Income Continuous Operations": -7400000.0,
        "Earnings From Equity Interest Net Of Tax": -5194000.0,
        "Tax Provision": 13972000.0,
        "Pretax Income": 11766000.0,
        "Other Income Expense": 8709000.0,
        "Other Non Operating Income Expenses": 12950000.0,
        "Special Income Charges": -4241000.0,
        "Gain On Sale Of Business": NaN,
        "Write Off": 4241000.0,
        "Net Non Operating Interest Income Expense": 19072000.0,
        "Interest Income Non Operating": 19072000.0,
        "Operating Income": -16015000.0,
        "Operating Expense": 333608000.0,
        "Other Operating Expenses": -2550000.0,
        "Selling General And Administration": 336158000.0,
        "Selling And Marketing Expense": 217981000.0,
        "General And Administrative Expense": 118177000.0,
        "Other Gand A": 118177000.0,
        "Gross Profit": 317593000.0,
        "Cost Of Revenue": 292646000.0,
        "Total Revenue": 610239000.0,
        "Operating Revenue": 610239000.0
    },
    "2025-05-31": {
        "Tax Effect Of Unusual Items": 0.0,
        "Tax Rate For Calcs": 0.260414,
        "Normalized EBITDA": 14346000.0,
        "Total Unusual Items": 0.0,
        "Total Unusual Items Excluding Goodwill": 0.0,
        "Net Income From Continuing Operation Net Minority Interest": 31282000.0,
        "Reconciled Cost Of Revenue": 259571000.0,
        "EBITDA": 14346000.0,
        "EBIT": 14346000.0,
        "Net Interest Income": 18722000.0,
        "Interest Income": 18722000.0,
        "Normalized Income": 31282000.0,
        "Net Income From Continuing And Discontinued Operation": 31282000.0,
        "Total Expenses": 560653000.0,
        "Total Operating Income As Reported": 14346000.0,
        "Diluted Average Shares": 614703534.0,
        "Basic Average Shares": 606002625.0,
        "Diluted EPS": 0.049995,
        "Basic EPS": 0.049995,
        "Diluted NI Availto Com Stockholders": 31282000.0,
        "Net Income Common Stockholders": 31282000.0,
        "Net Income": 31282000.0,
        "Minority Interests": 75000.0,
        "Net Income Including Noncontrolling Interests": 31207000.0,
        "Net Income Continuous Operations": 31207000.0,
        "Earnings From Equity Interest Net Of Tax": -255000.0,
        "Tax Provision": 11078000.0,
        "Pretax Income": 42540000.0,
        "Other Income Expense": 9472000.0,
        "Other Non Operating Income Expenses": 9472000.0,
        "Special Income Charges": 0.0,
        "Gain On Sale Of Business": NaN,
        "Write Off": 0.0,
        "Net Non Operating Interest Income Expense": 18722000.0,
        "Interest Income Non Operating": 18722000.0,
        "Operating Income": 14346000.0,
        "Operating Expense": 301082000.0,
        "Other Operating Expenses": -810000.0,
        "Selling General And Administration": 301892000.0,
        "Selling And Marketing Expense": 180773000.0,
        "General And Administrative Expense": 121119000.0,
        "Other Gand A": 121119000.0,
        "Gross Profit": 315428000.0,
        "Cost Of Revenue": 259571000.0,
        "Total Revenue": 574999000.0,
        "Operating Revenue": 574999000.0
    }
}