{
    "2023-06-30": {
        "Tax Effect Of Unusual Items": NaN,
        "Tax Rate For Calcs": NaN,
        "Normalized EBITDA": NaN,
        "Net Income From Continuing Operation Net Minority Interest": NaN,
        "Reconciled Depreciation": NaN,
        "Reconciled Cost Of Revenue": NaN,
        "EBITDA": NaN,
        "EBIT": NaN,
        "Net Interest Income": NaN,
        "Interest Income": 1712000.0,
        "Normalized Income": NaN,
        "Net Income From Continuing And Discontinued Operation": NaN,
        "Total Expenses": NaN,
        "Total Operating Income As Reported": NaN,
        "Diluted Average Shares": NaN,
        "Basic Average Shares": NaN,
        "Diluted EPS": NaN,
        "Basic EPS": NaN,
        "Diluted NI Availto Com Stockholders": NaN,
        "Net Income Common Stockholders": NaN,
        "Net Income": NaN,
        "Net Income Including Noncontrolling Interests": NaN,
        "Net Income Continuous Operations": NaN,
        "Tax Provision": NaN,
        "Pretax Income": NaN,
        "Net Non Operating Interest Income Expense": NaN,
        "Total Other Finance Cost": -1712000.0,
        "Interest Income Non Operating": 1712000.0,
        "Operating Income": NaN,
        "Operating Expense": NaN,
        "Other Operating Expenses": NaN,
        "Research And Development": NaN,
        "Selling General And Administration": NaN,
        "Selling And Marketing Expense": NaN,
        "General And Administrative Expense": NaN,
        "Other Gand A": NaN,
        "Gross Profit": NaN,
        "Cost Of Revenue": NaN,
        "Total Revenue": NaN,
        "Operating Revenue": NaN
    },
    "2023-03-31": {
        "Tax Effect Of Unusual Items": NaN,
        "Tax Rate For Calcs": NaN,
        "Normalized EBITDA": NaN,
        "Net Income From Continuing Operation Net Minority Interest": NaN,
        "Reconciled Depreciation": NaN,
        "Reconciled Cost Of Revenue": NaN,
        "EBITDA": NaN,
        "EBIT": NaN,
        "Net Interest Income": NaN,
        "Interest Income": 424000.0,
        "Normalized Income": NaN,
        "Net Income From Continuing And Discontinued Operation": NaN,
        "Total Expenses": NaN,
        "Total Operating Income As Reported": NaN,
        "Diluted Average Shares": NaN,
        "Basic Average Shares": NaN,
        "Diluted EPS": NaN,
        "Basic EPS": NaN,
        "Diluted NI Availto Com Stockholders": NaN,
        "Net Income Common Stockholders": NaN,
        "Net Income": NaN,
        "Net Income Including Noncontrolling Interests": NaN,
        "Net Income Continuous Operations": NaN,
        "Tax Provision": NaN,
        "Pretax Income": NaN,
        "Net Non Operating Interest Income Expense": NaN,
        "Total Other Finance Cost": -424000.0,
        "Interest Income Non Operating": 424000.0,
        "Operating Income": NaN,
        "Operating Expense": NaN,
        "Other Operating Expenses": NaN,
        "Research And Development": NaN,
        "Selling General And Administration": NaN,
        "Selling And Marketing Expense": NaN,
        "General And Administrative Expense": NaN,
        "Other Gand A": NaN,
        "Gross Profit": NaN,
        "Cost Of Revenue": NaN,
        "Total Revenue": NaN,
        "Operating Revenue": NaN
    },
    "2022-12-31": {
        "Tax Effect Of Unusual Items": NaN,
        "Tax Rate For Calcs": NaN,
        "Normalized EBITDA": NaN,
        "Net Income From Continuing Operation Net Minority Interest": NaN,
        "Reconciled Depreciation": NaN,
        "Reconciled Cost Of Revenue": NaN,
        "EBITDA": NaN,
        "EBIT": NaN,
        "Net Interest Income": NaN,
        "Interest Income": NaN,
        "Normalized Income": NaN,
        "Net Income From Continuing And Discontinued Operation": NaN,
        "Total Expenses": NaN,
        "Total Operating Income As Reported": NaN,
        "Diluted Average Shares": NaN,
        "Basic Average Shares": NaN,
        "Diluted EPS": NaN,
        "Basic EPS": NaN,
        "Diluted NI Availto Com Stockholders": NaN,
        "Net Income Common Stockholders": NaN,
        "Net Income": NaN,
        "Net Income Including Noncontrolling Interests": NaN,
        "Net Income Continuous Operations": NaN,
        "Tax Provision": NaN,
        "Pretax Income": NaN,
        "Net Non Operating Interest Income Expense": NaN,
        "Total Other Finance Cost": -2851000.0,
        "Interest Income Non Operating": NaN,
        "Operating Income": NaN,
        "Operating Expense": NaN,
        "Other Operating Expenses": NaN,
        "Research And Development": NaN,
        "Selling General And Administration": NaN,
        "Selling And Marketing Expense": NaN,
        "General And Administrative Expense": NaN,
        "Other Gand A": NaN,
        "Gross Profit": NaN,
        "Cost Of Revenue": NaN,
        "Total Revenue": NaN,
        "Operating Revenue": NaN
    },
    "2022-09-30": {
        "Tax Effect Of Unusual Items": NaN,
        "Tax Rate For Calcs": NaN,
        "Normalized EBITDA": NaN,
        "Net Income From Continuing Operation Net Minority Interest": NaN,
        "Reconciled Depreciation": NaN,
        "Reconciled Cost Of Revenue": NaN,
        "EBITDA": NaN,
        "EBIT": NaN,
        "Net Interest Income": NaN,
        "Interest Income": 1885000.0,
        "Normalized Income": NaN,
        "Net Income From Continuing And Discontinued Operation": NaN,
        "Total Expenses": NaN,
        "Total Operating Income As Reported": NaN,
        "Diluted Average Shares": NaN,
        "Basic Average Shares": NaN,
        "Diluted EPS": NaN,
        "Basic EPS": NaN,
        "Diluted NI Availto Com Stockholders": NaN,
        "Net Income Common Stockholders": NaN,
        "Net Income": NaN,
        "Net Income Including Noncontrolling Interests": NaN,
        "Net Income Continuous Operations": NaN,
        "Tax Provision": NaN,
        "Pretax Income": NaN,
        "Net Non Operating Interest Income Expense": NaN,
        "Total Other Finance Cost": -1885000.0,
        "Interest Income Non Operating": 1885000.0,
        "Operating Income": NaN,
        "Operating Expense": NaN,
        "Other Operating Expenses": NaN,
        "Research And Development": NaN,
        "Selling General And Administration": NaN,
        "Selling And Marketing Expense": NaN,
        "General And Administrative Expense": NaN,
        "Other Gand A": NaN,
        "Gross Profit": NaN,
        "Cost Of Revenue": NaN,
        "Total Revenue": NaN,
        "Operating Revenue": NaN
    },
    "2022-06-30": {
        "Tax Effect Of Unusual Items": 0.0,
        "Tax Rate For Calcs": 0.4,
        "Normalized EBITDA": -20800000.0,
        "Total Unusual Items": NaN,
        "Total Unusual Items Excluding Goodwill": NaN,
        "Net Income From Continuing Operation Net Minority Interest": -23022000.0,
        "Reconciled Depreciation": 268000.0,
        "Reconciled Cost Of Revenue": 15297000.0,
        "EBITDA": -20800000.0,
        "EBIT": -21068000.0,
        "Net Interest Income": -1865000.0,
        "Interest Expense": 1865000.0,
        "Interest Income": NaN,
        "Normalized Income": -23022000.0,
        "Net Income From Continuing And Discontinued Operation": -23022000.0,
        "Total Expenses": 50912000.0,
        "Total Operating Income As Reported": -21068000.0,
        "Diluted Average Shares": 155709901.0,
        "Basic Average Shares": 155709901.0,
        "Diluted EPS": -0.15,
        "Basic EPS": -0.15,
        "Diluted NI Availto Com Stockholders": -23022000.0,
        "Net Income Common Stockholders": -23022000.0,
        "Net Income": -23022000.0,
        "Net Income Including Noncontrolling Interests": -23022000.0,
        "Net Income Continuous Operations": -23022000.0,
        "Tax Provision": 89000.0,
        "Pretax Income": -22933000.0,
        "Other Income Expense": NaN,
        "Special Income Charges": NaN,
        "Impairment Of Capital Assets": NaN,
        "Net Non Operating Interest Income Expense": -1865000.0,
        "Total Other Finance Cost": NaN,
        "Interest Expense Non Operating": 1865000.0,
        "Interest Income Non Operating": NaN,
        "Operating Income": -21068000.0,
        "Operating Expense": 35615000.0,
        "Other Operating Expenses": 2316000.0,
        "Research And Development": 5576000.0,
        "Selling General And Administration": 27723000.0,
        "Selling And Marketing Expense": 18931000.0,
        "General And Administrative Expense": 8792000.0,
        "Other Gand A": 8792000.0,
        "Gross Profit": 14547000.0,
        "Cost Of Revenue": 15297000.0,
        "Total Revenue": 29844000.0,
        "Operating Revenue": 29844000.0
    },
    "2022-03-31": {
        "Diluted EPS": -0.13,
        "Total Revenue": 30,
        "Gross Profit": 15,
        "Operating Income": -21,
        "EBIT": -21,
        "Net Income": -20
    },
    "2021-12-31": {
        "Diluted EPS": 1.35,
        "Total Revenue": 29,
        "Gross Profit": 16,
        "Operating Income": -29,
        "EBIT": -28,
        "Net Income": -21
    },
    "2021-09-30": {
        "Diluted EPS": 0.01,
        "Total Revenue": 26,
        "Gross Profit": 14,
        "Operating Income": -25,
        "EBIT": -25,
        "Net Income": 2
    },
    "2021-06-30": {
        "Diluted EPS": -1.15,
        "Total Revenue": 31,
        "Gross Profit": 19,
        "Operating Income": -28,
        "EBIT": -27,
        "Net Income": -30
    },
    "2021-03-31": {
        "Diluted EPS": -0.93,
        "Total Revenue": 27,
        "Gross Profit": 17,
        "Operating Income": -13,
        "EBIT": -12,
        "Net Income": -13
    },
    "2020-12-31": {
        "Diluted EPS": -1.42,
        "Total Revenue": 37,
        "Gross Profit": 22,
        "Operating Income": -19,
        "EBIT": -19,
        "Net Income": -19
    },
    "2020-09-30": {
        "Diluted EPS": -0.2,
        "Total Revenue": 22,
        "Gross Profit": 15,
        "Operating Income": -2,
        "EBIT": -2,
        "Net Income": -3
    },
    "2020-06-30": {
        "Diluted EPS": -0.05,
        "Total Revenue": 18,
        "Gross Profit": 12,
        "Operating Income": -1,
        "EBIT": -1,
        "Net Income": -1
    },
    "2020-03-31": {
        "Diluted EPS": 0.0,
        "Total Revenue": NaN,
        "Gross Profit": NaN,
        "Operating Income": 0,
        "EBIT": 0,
        "Net Income": 0
    },
    "2019-12-31": {
        "Diluted EPS": 0.0,
        "Total Revenue": NaN,
        "Gross Profit": NaN,
        "Operating Income": NaN,
        "EBIT": NaN,
        "Net Income": NaN
    },
    "2019-09-30": {
        "Diluted EPS": -0.01,
        "Total Revenue": NaN,
        "Gross Profit": NaN,
        "Operating Income": 0,
        "EBIT": 0,
        "Net Income": 0
    },
    "2019-06-30": {
        "Diluted EPS": 0.0,
        "Total Revenue": NaN,
        "Gross Profit": NaN,
        "Operating Income": 0,
        "EBIT": 0,
        "Net Income": 0
    },
    "2023-09-30": {
        "Tax Effect Of Unusual Items": NaN,
        "Tax Rate For Calcs": NaN,
        "Normalized EBITDA": NaN,
        "Net Income From Continuing Operation Net Minority Interest": NaN,
        "Reconciled Depreciation": NaN,
        "Reconciled Cost Of Revenue": NaN,
        "EBITDA": NaN,
        "EBIT": NaN,
        "Net Interest Income": NaN,
        "Interest Income": 779000.0,
        "Normalized Income": NaN,
        "Net Income From Continuing And Discontinued Operation": NaN,
        "Total Expenses": NaN,
        "Total Operating Income As Reported": NaN,
        "Diluted Average Shares": NaN,
        "Basic Average Shares": NaN,
        "Diluted EPS": NaN,
        "Basic EPS": NaN,
        "Diluted NI Availto Com Stockholders": NaN,
        "Net Income Common Stockholders": NaN,
        "Net Income": NaN,
        "Net Income Including Noncontrolling Interests": NaN,
        "Net Income Continuous Operations": NaN,
        "Tax Provision": NaN,
        "Pretax Income": NaN,
        "Net Non Operating Interest Income Expense": NaN,
        "Total Other Finance Cost": NaN,
        "Interest Income Non Operating": 779000.0,
        "Operating Income": NaN,
        "Operating Expense": NaN,
        "Other Operating Expenses": NaN,
        "Research And Development": NaN,
        "Selling General And Administration": NaN,
        "Selling And Marketing Expense": NaN,
        "General And Administrative Expense": NaN,
        "Other Gand A": NaN,
        "Gross Profit": NaN,
        "Cost Of Revenue": NaN,
        "Total Revenue": NaN,
        "Operating Revenue": NaN
    },
    "2023-12-31": {
        "Tax Effect Of Unusual Items": 0.0,
        "Tax Rate For Calcs": 0.21,
        "Normalized EBITDA": -2300000.0,
        "Net Income From Continuing Operation Net Minority Interest": -1306000.0,
        "Reconciled Depreciation": 283000.0,
        "Reconciled Cost Of Revenue": 21447000.0,
        "EBITDA": -2300000.0,
        "EBIT": -2583000.0,
        "Net Interest Income": 1330000.0,
        "Interest Income": NaN,
        "Normalized Income": -1306000.0,
        "Net Income From Continuing And Discontinued Operation": -1306000.0,
        "Total Expenses": 45001000.0,
        "Total Operating Income As Reported": -2583000.0,
        "Diluted Average Shares": 167485398.0,
        "Basic Average Shares": 167485398.0,
        "Diluted EPS": -0.01,
        "Basic EPS": -0.01,
        "Diluted NI Availto Com Stockholders": -1306000.0,
        "Net Income Common Stockholders": -1306000.0,
        "Net Income": -1306000.0,
        "Net Income Including Noncontrolling Interests": -1306000.0,
        "Net Income Continuous Operations": -1306000.0,
        "Tax Provision": 53000.0,
        "Pretax Income": -1253000.0,
        "Net Non Operating Interest Income Expense": 1330000.0,
        "Total Other Finance Cost": NaN,
        "Interest Income Non Operating": NaN,
        "Operating Income": -2583000.0,
        "Operating Expense": 23554000.0,
        "Other Operating Expenses": 1478000.0,
        "Research And Development": 3867000.0,
        "Selling General And Administration": 18209000.0,
        "Selling And Marketing Expense": 12846000.0,
        "General And Administrative Expense": 5363000.0,
        "Other Gand A": 5363000.0,
        "Gross Profit": 20971000.0,
        "Cost Of Revenue": 21447000.0,
        "Total Revenue": 42418000.0,
        "Operating Revenue": 42418000.0
    },
    "2024-03-31": {
        "Tax Effect Of Unusual Items": NaN,
        "Tax Rate For Calcs": NaN,
        "Normalized EBITDA": NaN,
        "Net Income From Continuing Operation Net Minority Interest": NaN,
        "Reconciled Depreciation": NaN,
        "Reconciled Cost Of Revenue": NaN,
        "EBITDA": NaN,
        "EBIT": NaN,
        "Net Interest Income": NaN,
        "Interest Income": NaN,
        "Normalized Income": NaN,
        "Net Income From Continuing And Discontinued Operation": NaN,
        "Total Expenses": NaN,
        "Total Operating Income As Reported": NaN,
        "Diluted Average Shares": NaN,
        "Basic Average Shares": NaN,
        "Diluted EPS": NaN,
        "Basic EPS": NaN,
        "Diluted NI Availto Com Stockholders": NaN,
        "Net Income Common Stockholders": NaN,
        "Net Income": NaN,
        "Net Income Including Noncontrolling Interests": NaN,
        "Net Income Continuous Operations": NaN,
        "Tax Provision": NaN,
        "Pretax Income": NaN,
        "Net Non Operating Interest Income Expense": NaN,
        "Total Other Finance Cost": -378000.0,
        "Interest Income Non Operating": NaN,
        "Operating Income": NaN,
        "Operating Expense": NaN,
        "Other Operating Expenses": NaN,
        "Depreciation Amortization Depletion Income Statement": NaN,
        "Depreciation And Amortization In Income Statement": NaN,
        "Research And Development": NaN,
        "Selling General And Administration": NaN,
        "Selling And Marketing Expense": NaN,
        "General And Administrative Expense": NaN,
        "Other Gand A": NaN,
        "Gross Profit": NaN,
        "Cost Of Revenue": NaN,
        "Total Revenue": NaN,
        "Operating Revenue": NaN
    },
    "2024-06-30": {
        "Tax Effect Of Unusual Items": NaN,
        "Tax Rate For Calcs": NaN,
        "Normalized EBITDA": NaN,
        "Net Income From Continuing Operation Net Minority Interest": NaN,
        "Reconciled Depreciation": NaN,
        "Reconciled Cost Of Revenue": NaN,
        "EBITDA": NaN,
        "EBIT": NaN,
        "Net Interest Income": NaN,
        "Interest Income": 3044000.0,
        "Normalized Income": NaN,
        "Net Income From Continuing And Discontinued Operation": NaN,
        "Total Expenses": NaN,
        "Total Operating Income As Reported": NaN,
        "Diluted Average Shares": NaN,
        "Basic Average Shares": NaN,
        "Diluted EPS": NaN,
        "Basic EPS": NaN,
        "Diluted NI Availto Com Stockholders": NaN,
        "Net Income Common Stockholders": NaN,
        "Net Income": NaN,
        "Net Income Including Noncontrolling Interests": NaN,
        "Net Income Continuous Operations": NaN,
        "Tax Provision": NaN,
        "Pretax Income": NaN,
        "Net Non Operating Interest Income Expense": NaN,
        "Total Other Finance Cost": NaN,
        "Interest Income Non Operating": 3044000.0,
        "Operating Income": NaN,
        "Operating Expense": NaN,
        "Other Operating Expenses": NaN,
        "Depreciation Amortization Depletion Income Statement": 220000.0,
        "Depreciation And Amortization In Income Statement": 220000.0,
        "Research And Development": NaN,
        "Selling General And Administration": NaN,
        "Selling And Marketing Expense": NaN,
        "General And Administrative Expense": NaN,
        "Other Gand A": NaN,
        "Gross Profit": NaN,
        "Cost Of Revenue": NaN,
        "Total Revenue": NaN,
        "Operating Revenue": NaN
    },
    "2024-09-30": {
        "Tax Effect Of Unusual Items": 0.0,
        "Tax Rate For Calcs": 0.21,
        "Normalized EBITDA": 330000.0,
        "Net Income From Continuing Operation Net Minority Interest": 1874000.0,
        "Reconciled Depreciation": 231000.0,
        "Reconciled Cost Of Revenue": 25667000.0,
        "EBITDA": 330000.0,
        "EBIT": 99000.0,
        "Net Interest Income": 1701000.0,
        "Interest Income": 1701000.0,
        "Normalized Income": 1874000.0,
        "Net Income From Continuing And Discontinued Operation": 1874000.0,
        "Total Expenses": 47300000.0,
        "Total Operating Income As Reported": 99000.0,
        "Diluted Average Shares": 176227040.0,
        "Basic Average Shares": 168426349.0,
        "Diluted EPS": 0.01,
        "Basic EPS": 0.01,
        "Diluted NI Availto Com Stockholders": 1874000.0,
        "Net Income Common Stockholders": 1874000.0,
        "Net Income": 1874000.0,
        "Net Income Including Noncontrolling Interests": 1874000.0,
        "Net Income Continuous Operations": 1874000.0,
        "Tax Provision": -74000.0,
        "Pretax Income": 1800000.0,
        "Net Non Operating Interest Income Expense": 1701000.0,
        "Total Other Finance Cost": NaN,
        "Interest Income Non Operating": 1701000.0,
        "Operating Income": 99000.0,
        "Operating Expense": 21633000.0,
        "Other Operating Expenses": 1677000.0,
        "Depreciation Amortization Depletion Income Statement": NaN,
        "Depreciation And Amortization In Income Statement": NaN,
        "Research And Development": 2298000.0,
        "Selling General And Administration": 17427000.0,
        "Selling And Marketing Expense": 12295000.0,
        "General And Administrative Expense": 5132000.0,
        "Other Gand A": 5132000.0,
        "Gross Profit": 21732000.0,
        "Cost Of Revenue": 25667000.0,
        "Total Revenue": 47399000.0,
        "Operating Revenue": 47399000.0
    },
    "2024-12-31": {
        "Tax Effect Of Unusual Items": 0.0,
        "Tax Rate For Calcs": 0.21,
        "Normalized EBITDA": 776000.0,
        "Net Income From Continuing Operation Net Minority Interest": 1214000.0,
        "Reconciled Depreciation": 207000.0,
        "Reconciled Cost Of Revenue": 27187000.0,
        "EBITDA": 776000.0,
        "EBIT": 569000.0,
        "Net Interest Income": 616000.0,
        "Interest Income": NaN,
        "Normalized Income": 1214000.0,
        "Net Income From Continuing And Discontinued Operation": 1214000.0,
        "Total Expenses": 48151000.0,
        "Total Operating Income As Reported": 569000.0,
        "Diluted Average Shares": 176711336.0,
        "Basic Average Shares": 169202561.0,
        "Diluted EPS": 0.01,
        "Basic EPS": 0.01,
        "Diluted NI Availto Com Stockholders": 1214000.0,
        "Net Income Common Stockholders": 1214000.0,
        "Net Income": 1214000.0,
        "Net Income Including Noncontrolling Interests": 1214000.0,
        "Net Income Continuous Operations": 1214000.0,
        "Tax Provision": -29000.0,
        "Pretax Income": 1185000.0,
        "Net Non Operating Interest Income Expense": 616000.0,
        "Total Other Finance Cost": NaN,
        "Interest Income Non Operating": NaN,
        "Operating Income": 569000.0,
        "Operating Expense": 20964000.0,
        "Other Operating Expenses": 1740000.0,
        "Depreciation Amortization Depletion Income Statement": NaN,
        "Depreciation And Amortization In Income Statement": NaN,
        "Research And Development": 2256000.0,
        "Selling General And Administration": 16968000.0,
        "Selling And Marketing Expense": 12039000.0,
        "General And Administrative Expense": 4929000.0,
        "Other Gand A": 4929000.0,
        "Gross Profit": 21533000.0,
        "Cost Of Revenue": 27187000.0,
        "Total Revenue": 48720000.0,
        "Operating Revenue": 48720000.0
    },
    "2025-03-31": {
        "Tax Effect Of Unusual Items": 0.0,
        "Tax Rate For Calcs": 0.278912,
        "Normalized EBITDA": -419000.0,
        "Net Income From Continuing Operation Net Minority Interest": 318000.0,
        "Reconciled Depreciation": 666000.0,
        "Reconciled Cost Of Revenue": 28901000.0,
        "EBITDA": -419000.0,
        "EBIT": -1085000.0,
        "Net Interest Income": 1526000.0,
        "Interest Income": 1526000.0,
        "Normalized Income": 318000.0,
        "Net Income From Continuing And Discontinued Operation": 318000.0,
        "Total Expenses": 53267000.0,
        "Total Operating Income As Reported": -1085000.0,
        "Diluted Average Shares": 175545887.0,
        "Basic Average Shares": 168670861.0,
        "Diluted EPS": 0.0,
        "Basic EPS": 0.0,
        "Diluted NI Availto Com Stockholders": 318000.0,
        "Net Income Common Stockholders": 318000.0,
        "Net Income": 318000.0,
        "Net Income Including Noncontrolling Interests": 318000.0,
        "Net Income Continuous Operations": 318000.0,
        "Tax Provision": 123000.0,
        "Pretax Income": 441000.0,
        "Net Non Operating Interest Income Expense": 1526000.0,
        "Total Other Finance Cost": NaN,
        "Interest Income Non Operating": 1526000.0,
        "Operating Income": -1085000.0,
        "Operating Expense": 24366000.0,
        "Other Operating Expenses": 1856000.0,
        "Depreciation Amortization Depletion Income Statement": NaN,
        "Depreciation And Amortization In Income Statement": NaN,
        "Research And Development": 3319000.0,
        "Selling General And Administration": 19191000.0,
        "Selling And Marketing Expense": 13984000.0,
        "General And Administrative Expense": 5207000.0,
        "Other Gand A": 5207000.0,
        "Gross Profit": 23281000.0,
        "Cost Of Revenue": 28901000.0,
        "Total Revenue": 52182000.0,
        "Operating Revenue": 52182000.0
    },
    "2025-06-30": {
        "Tax Effect Of Unusual Items": 0.0,
        "Tax Rate For Calcs": 0.21,
        "Normalized EBITDA": -1072000.0,
        "Net Income From Continuing Operation Net Minority Interest": -541000.0,
        "Reconciled Depreciation": 702000.0,
        "Reconciled Cost Of Revenue": 30933000.0,
        "EBITDA": -1072000.0,
        "EBIT": -1790000.0,
        "Net Interest Income": 1325000.0,
        "Interest Income": 1325000.0,
        "Normalized Income": -541000.0,
        "Net Income From Continuing And Discontinued Operation": -541000.0,
        "Total Expenses": 56100000.0,
        "Total Operating Income As Reported": -1790000.0,
        "Diluted Average Shares": 167532721.0,
        "Basic Average Shares": 167532721.0,
        "Diluted EPS": 0.0,
        "Basic EPS": 0.0,
        "Diluted NI Availto Com Stockholders": -541000.0,
        "Net Income Common Stockholders": -541000.0,
        "Net Income": -541000.0,
        "Net Income Including Noncontrolling Interests": -541000.0,
        "Net Income Continuous Operations": -541000.0,
        "Tax Provision": 76000.0,
        "Pretax Income": -465000.0,
        "Net Non Operating Interest Income Expense": 1325000.0,
        "Total Other Finance Cost": NaN,
        "Interest Income Non Operating": 1325000.0,
        "Operating Income": -1790000.0,
        "Operating Expense": 25183000.0,
        "Other Operating Expenses": 1921000.0,
        "Depreciation Amortization Depletion Income Statement": 718000.0,
        "Depreciation And Amortization In Income Statement": 718000.0,
        "Research And Development": 2563000.0,
        "Selling General And Administration": 19981000.0,
        "Selling And Marketing Expense": 14253000.0,
        "General And Administrative Expense": 5728000.0,
        "Other Gand A": 5728000.0,
        "Gross Profit": 23393000.0,
        "Cost Of Revenue": 30917000.0,
        "Total Revenue": 54310000.0,
        "Operating Revenue": 54310000.0
    },
    "2025-09-30": {
        "Tax Effect Of Unusual Items": 0.0,
        "Tax Rate For Calcs": 0.007631,
        "Normalized EBITDA": 2884000.0,
        "Net Income From Continuing Operation Net Minority Interest": 3251000.0,
        "Reconciled Depreciation": 686000.0,
        "Reconciled Cost Of Revenue": 34741000.0,
        "EBITDA": 2884000.0,
        "EBIT": 2198000.0,
        "Net Interest Income": 1078000.0,
        "Interest Income": 1078000.0,
        "Normalized Income": 3251000.0,
        "Net Income From Continuing And Discontinued Operation": 3251000.0,
        "Total Expenses": 57183000.0,
        "Total Operating Income As Reported": 2198000.0,
        "Diluted Average Shares": 171462202.0,
        "Basic Average Shares": 166190495.0,
        "Diluted EPS": 0.02,
        "Basic EPS": 0.02,
        "Diluted NI Availto Com Stockholders": 3251000.0,
        "Net Income Common Stockholders": 3251000.0,
        "Net Income": 3251000.0,
        "Net Income Including Noncontrolling Interests": 3251000.0,
        "Net Income Continuous Operations": 3251000.0,
        "Tax Provision": 25000.0,
        "Pretax Income": 3276000.0,
        "Net Non Operating Interest Income Expense": 1078000.0,
        "Total Other Finance Cost": NaN,
        "Interest Income Non Operating": 1078000.0,
        "Operating Income": 2198000.0,
        "Operating Expense": 22442000.0,
        "Other Operating Expenses": 1638000.0,
        "Depreciation Amortization Depletion Income Statement": 686000.0,
        "Depreciation And Amortization In Income Statement": 686000.0,
        "Research And Development": 1784000.0,
        "Selling General And Administration": 18334000.0,
        "Selling And Marketing Expense": 13245000.0,
        "General And Administrative Expense": 5089000.0,
        "Other Gand A": 5089000.0,
        "Gross Profit": 24640000.0,
        "Cost Of Revenue": 34741000.0,
        "Total Revenue": 59381000.0,
        "Operating Revenue": 59381000.0
    }
}