{
    "2023-06-30": {
        "Tax Effect Of Unusual Items": 437430.0,
        "Tax Rate For Calcs": 0.21,
        "Normalized EBITDA": -2113000.0,
        "Total Unusual Items": 2083000.0,
        "Total Unusual Items Excluding Goodwill": 2083000.0,
        "Net Income From Continuing Operation Net Minority Interest": 10033000.0,
        "Reconciled Depreciation": 7892000.0,
        "Reconciled Cost Of Revenue": 94810000.0,
        "EBITDA": -30000.0,
        "EBIT": -7922000.0,
        "Net Interest Income": 10890000.0,
        "Interest Income": 10890000.0,
        "Normalized Income": 8387430.0,
        "Net Income From Continuing And Discontinued Operation": 10033000.0,
        "Total Expenses": 166816000.0,
        "Total Operating Income As Reported": -7922000.0,
        "Diluted Average Shares": 37584891.0,
        "Basic Average Shares": 37584891.0,
        "Diluted EPS": 0.27,
        "Basic EPS": 0.27,
        "Diluted NI Availto Com Stockholders": 10033000.0,
        "Net Income Common Stockholders": 10033000.0,
        "Net Income": 10033000.0,
        "Net Income Including Noncontrolling Interests": 10033000.0,
        "Net Income Continuous Operations": 10033000.0,
        "Tax Provision": -4593000.0,
        "Pretax Income": 5440000.0,
        "Other Income Expense": 2473000.0,
        "Other Non Operating Income Expenses": 390000.0,
        "Special Income Charges": NaN,
        "Gain On Sale Of Security": 2083000.0,
        "Net Non Operating Interest Income Expense": 10890000.0,
        "Interest Income Non Operating": 10890000.0,
        "Operating Income": -7922000.0,
        "Operating Expense": 72006000.0,
        "Research And Development": 16145000.0,
        "Selling General And Administration": 55861000.0,
        "Gross Profit": 64084000.0,
        "Cost Of Revenue": 94810000.0,
        "Total Revenue": 158894000.0,
        "Operating Revenue": 158894000.0
    },
    "2023-03-31": {
        "Tax Effect Of Unusual Items": -98490.0,
        "Tax Rate For Calcs": 0.21,
        "Normalized EBITDA": 42302000.0,
        "Total Unusual Items": -469000.0,
        "Total Unusual Items Excluding Goodwill": -469000.0,
        "Net Income From Continuing Operation Net Minority Interest": 6913000.0,
        "Reconciled Depreciation": 10807000.0,
        "Reconciled Cost Of Revenue": 70879000.0,
        "EBITDA": 41833000.0,
        "EBIT": 31026000.0,
        "Net Interest Income": 8036000.0,
        "Interest Income": 9289000.0,
        "Normalized Income": 7283510.0,
        "Net Income From Continuing And Discontinued Operation": 6913000.0,
        "Total Expenses": 137313000.0,
        "Total Operating Income As Reported": 9274000.0,
        "Diluted Average Shares": 37584891.0,
        "Basic Average Shares": 37584891.0,
        "Diluted EPS": 0.18,
        "Basic EPS": 0.18,
        "Diluted NI Availto Com Stockholders": 6913000.0,
        "Net Income Common Stockholders": 6913000.0,
        "Net Income": 6913000.0,
        "Net Income Including Noncontrolling Interests": 6913000.0,
        "Net Income Continuous Operations": 6913000.0,
        "Tax Provision": 10987000.0,
        "Pretax Income": 17900000.0,
        "Other Income Expense": 590000.0,
        "Other Non Operating Income Expenses": 1059000.0,
        "Special Income Charges": NaN,
        "Gain On Sale Of Security": -469000.0,
        "Net Non Operating Interest Income Expense": 8036000.0,
        "Interest Income Non Operating": 9289000.0,
        "Operating Income": 9274000.0,
        "Operating Expense": 66434000.0,
        "Research And Development": 16306000.0,
        "Selling General And Administration": 50128000.0,
        "Gross Profit": 75708000.0,
        "Cost Of Revenue": 70879000.0,
        "Total Revenue": 146587000.0,
        "Operating Revenue": 146587000.0
    },
    "2022-09-30": {
        "Tax Effect Of Unusual Items": NaN,
        "Tax Rate For Calcs": NaN,
        "Normalized EBITDA": NaN,
        "Total Unusual Items": NaN,
        "Total Unusual Items Excluding Goodwill": NaN,
        "Net Income From Continuing Operation Net Minority Interest": NaN,
        "Reconciled Depreciation": NaN,
        "Reconciled Cost Of Revenue": NaN,
        "EBITDA": NaN,
        "EBIT": NaN,
        "Net Interest Income": NaN,
        "Interest Income": NaN,
        "Normalized Income": NaN,
        "Net Income From Continuing And Discontinued Operation": NaN,
        "Total Expenses": NaN,
        "Total Operating Income As Reported": NaN,
        "Diluted Average Shares": NaN,
        "Basic Average Shares": NaN,
        "Diluted EPS": NaN,
        "Basic EPS": NaN,
        "Diluted NI Availto Com Stockholders": NaN,
        "Net Income Common Stockholders": NaN,
        "Net Income": NaN,
        "Net Income Including Noncontrolling Interests": NaN,
        "Net Income Continuous Operations": NaN,
        "Tax Provision": NaN,
        "Pretax Income": NaN,
        "Other Income Expense": NaN,
        "Other Non Operating Income Expenses": NaN,
        "Special Income Charges": 0.0,
        "Gain On Sale Of Security": NaN,
        "Net Non Operating Interest Income Expense": NaN,
        "Interest Income Non Operating": NaN,
        "Operating Income": NaN,
        "Operating Expense": NaN,
        "Research And Development": NaN,
        "Selling General And Administration": NaN,
        "Gross Profit": NaN,
        "Cost Of Revenue": NaN,
        "Total Revenue": NaN,
        "Operating Revenue": NaN
    },
    "2022-06-30": {
        "Tax Effect Of Unusual Items": -36162.0,
        "Tax Rate For Calcs": 0.123,
        "Normalized EBITDA": 21248000.0,
        "Total Unusual Items": -294000.0,
        "Total Unusual Items Excluding Goodwill": -294000.0,
        "Net Income From Continuing Operation Net Minority Interest": 14079000.0,
        "Reconciled Depreciation": 6978000.0,
        "Reconciled Cost Of Revenue": 75059000.0,
        "EBITDA": 20954000.0,
        "EBIT": 13976000.0,
        "Net Interest Income": 1926000.0,
        "Interest Income": 1926000.0,
        "Normalized Income": 14336838.0,
        "Net Income From Continuing And Discontinued Operation": 14079000.0,
        "Total Expenses": 142689000.0,
        "Total Operating Income As Reported": 13976000.0,
        "Diluted Average Shares": 37584891.0,
        "Basic Average Shares": 37584891.0,
        "Diluted EPS": 0.37,
        "Basic EPS": 0.37,
        "Diluted NI Availto Com Stockholders": 14079000.0,
        "Net Income Common Stockholders": 14079000.0,
        "Net Income": 14079000.0,
        "Net Income Including Noncontrolling Interests": 14079000.0,
        "Net Income Continuous Operations": 14079000.0,
        "Tax Provision": 1974000.0,
        "Pretax Income": 16053000.0,
        "Other Income Expense": 151000.0,
        "Other Non Operating Income Expenses": 445000.0,
        "Special Income Charges": 0.0,
        "Gain On Sale Of Security": -294000.0,
        "Net Non Operating Interest Income Expense": 1926000.0,
        "Interest Income Non Operating": 1926000.0,
        "Operating Income": 13976000.0,
        "Operating Expense": 67630000.0,
        "Research And Development": 11508000.0,
        "Selling General And Administration": 56122000.0,
        "Gross Profit": 81606000.0,
        "Cost Of Revenue": 75059000.0,
        "Total Revenue": 156665000.0,
        "Operating Revenue": 156665000.0
    },
    "2022-12-31": {
        "Tax Effect Of Unusual Items": 153441.561273,
        "Tax Rate For Calcs": 0.207915,
        "Normalized EBITDA": 7867000.0,
        "Total Unusual Items": 738000.0,
        "Total Unusual Items Excluding Goodwill": 738000.0,
        "Net Income From Continuing Operation Net Minority Interest": 7265000.0,
        "Reconciled Depreciation": 7326000.0,
        "Reconciled Cost Of Revenue": 75155000.0,
        "EBITDA": 8605000.0,
        "EBIT": 1279000.0,
        "Net Interest Income": 6592000.0,
        "Interest Income": 6592000.0,
        "Normalized Income": 6680441.561273,
        "Net Income From Continuing And Discontinued Operation": 7265000.0,
        "Total Expenses": 137923000.0,
        "Total Operating Income As Reported": 1279000.0,
        "Diluted Average Shares": 37584891.0,
        "Basic Average Shares": 37584891.0,
        "Diluted EPS": 0.19,
        "Basic EPS": 0.19,
        "Diluted NI Availto Com Stockholders": 7265000.0,
        "Net Income Common Stockholders": 7265000.0,
        "Net Income": 7265000.0,
        "Net Income Including Noncontrolling Interests": 7265000.0,
        "Net Income Continuous Operations": 7265000.0,
        "Tax Provision": 1907000.0,
        "Pretax Income": 9172000.0,
        "Other Income Expense": 1301000.0,
        "Other Non Operating Income Expenses": 563000.0,
        "Special Income Charges": NaN,
        "Gain On Sale Of Security": 738000.0,
        "Net Non Operating Interest Income Expense": 6592000.0,
        "Interest Income Non Operating": 6592000.0,
        "Operating Income": 1279000.0,
        "Operating Expense": 62768000.0,
        "Research And Development": 12907000.0,
        "Selling General And Administration": 49861000.0,
        "Gross Profit": 64047000.0,
        "Cost Of Revenue": 75155000.0,
        "Total Revenue": 139202000.0,
        "Operating Revenue": 139202000.0
    },
    "2022-03-31": {
        "Diluted EPS": 0.73,
        "Total Revenue": 143,
        "Gross Profit": 77,
        "Operating Income": 21,
        "EBIT": 34,
        "Net Income": 27
    },
    "2021-12-31": {
        "Diluted EPS": 0.7,
        "Total Revenue": 139,
        "Gross Profit": 76,
        "Operating Income": 37,
        "EBIT": 51,
        "Net Income": 26
    },
    "2021-09-30": {
        "Diluted EPS": 0.62,
        "Total Revenue": 132,
        "Gross Profit": 62,
        "Operating Income": 24,
        "EBIT": 29,
        "Net Income": 23
    },
    "2021-06-30": {
        "Diluted EPS": -0.5,
        "Total Revenue": 147,
        "Gross Profit": 78,
        "Operating Income": -19,
        "EBIT": -11,
        "Net Income": -19
    },
    "2021-03-31": {
        "Diluted EPS": -0.79,
        "Total Revenue": 148,
        "Gross Profit": 77,
        "Operating Income": -42,
        "EBIT": -36,
        "Net Income": -30
    },
    "2020-12-31": {
        "Diluted EPS": 0.86,
        "Total Revenue": 140,
        "Gross Profit": 73,
        "Operating Income": 36,
        "EBIT": 42,
        "Net Income": 33
    },
    "2020-09-30": {
        "Diluted EPS": 1.18,
        "Total Revenue": 143,
        "Gross Profit": 82,
        "Operating Income": 41,
        "EBIT": 47,
        "Net Income": 45
    },
    "2020-06-30": {
        "Diluted EPS": -11.37,
        "Total Revenue": 118,
        "Gross Profit": 65,
        "Operating Income": -449,
        "EBIT": -444,
        "Net Income": -435
    },
    "2020-03-31": {
        "Diluted EPS": 1.41,
        "Total Revenue": 175,
        "Gross Profit": 102,
        "Operating Income": 57,
        "EBIT": 62,
        "Net Income": 54
    },
    "2019-12-31": {
        "Diluted EPS": 1.76,
        "Total Revenue": 148,
        "Gross Profit": 94,
        "Operating Income": 58,
        "EBIT": 64,
        "Net Income": 68
    },
    "2019-09-30": {
        "Diluted EPS": 1.46,
        "Total Revenue": 161,
        "Gross Profit": 102,
        "Operating Income": 63,
        "EBIT": 68,
        "Net Income": 56
    },
    "2019-06-30": {
        "Diluted EPS": 1.72,
        "Total Revenue": 161,
        "Gross Profit": 102,
        "Operating Income": 69,
        "EBIT": 74,
        "Net Income": 66
    },
    "2019-03-31": {
        "Diluted EPS": 1.52,
        "Total Revenue": 180,
        "Gross Profit": 120,
        "Operating Income": 75,
        "EBIT": 80,
        "Net Income": 58
    },
    "2018-12-31": {
        "Diluted EPS": 2.4,
        "Total Revenue": 176,
        "Gross Profit": 118,
        "Operating Income": 79,
        "EBIT": 84,
        "Net Income": 94
    },
    "2018-09-30": {
        "Diluted EPS": 1.6,
        "Total Revenue": 159,
        "Gross Profit": 109,
        "Operating Income": 79,
        "EBIT": 83,
        "Net Income": 63
    },
    "2018-06-30": {
        "Diluted EPS": 1.71,
        "Total Revenue": 155,
        "Gross Profit": 100,
        "Operating Income": 63,
        "EBIT": 67,
        "Net Income": 67
    },
    "2018-03-31": {
        "Diluted EPS": 2.16,
        "Total Revenue": 175,
        "Gross Profit": 119,
        "Operating Income": 75,
        "EBIT": 79,
        "Net Income": 86
    },
    "2017-12-31": {
        "Diluted EPS": 0.45,
        "Total Revenue": 155,
        "Gross Profit": 103,
        "Operating Income": 62,
        "EBIT": 66,
        "Net Income": 18
    },
    "2017-09-30": {
        "Diluted EPS": 1.3,
        "Total Revenue": 170,
        "Gross Profit": 125,
        "Operating Income": 89,
        "EBIT": 93,
        "Net Income": 52
    },
    "2017-06-30": {
        "Diluted EPS": 1.35,
        "Total Revenue": 161,
        "Gross Profit": 117,
        "Operating Income": 78,
        "EBIT": 81,
        "Net Income": 54
    },
    "2017-03-31": {
        "Diluted EPS": 2.04,
        "Total Revenue": 196,
        "Gross Profit": 144,
        "Operating Income": 102,
        "EBIT": 106,
        "Net Income": 83
    },
    "2016-12-31": {
        "Diluted EPS": 3.42,
        "Total Revenue": 220,
        "Gross Profit": 167,
        "Operating Income": 129,
        "EBIT": 133,
        "Net Income": 140
    },
    "2016-09-30": {
        "Diluted EPS": 3.0,
        "Total Revenue": 229,
        "Gross Profit": 177,
        "Operating Income": 142,
        "EBIT": 145,
        "Net Income": 124
    },
    "2016-06-30": {
        "Diluted EPS": 2.59,
        "Total Revenue": 234,
        "Gross Profit": 183,
        "Operating Income": 143,
        "EBIT": 146,
        "Net Income": 110
    },
    "2016-03-31": {
        "Diluted EPS": 2.68,
        "Total Revenue": 265,
        "Gross Profit": 224,
        "Operating Income": 182,
        "EBIT": 185,
        "Net Income": 115
    },
    "2015-12-31": {
        "Diluted EPS": 4.41,
        "Total Revenue": 258,
        "Gross Profit": 214,
        "Operating Income": 173,
        "EBIT": 177,
        "Net Income": 189
    },
    "2015-09-30": {
        "Diluted EPS": 3.11,
        "Total Revenue": 212,
        "Gross Profit": 169,
        "Operating Income": 125,
        "EBIT": 129,
        "Net Income": 133
    },
    "2015-06-30": {
        "Diluted EPS": 2.42,
        "Total Revenue": 215,
        "Gross Profit": 172,
        "Operating Income": 134,
        "EBIT": 138,
        "Net Income": 104
    },
    "2015-03-31": {
        "Diluted EPS": 3.56,
        "Total Revenue": 244,
        "Gross Profit": 200,
        "Operating Income": 160,
        "EBIT": 164,
        "Net Income": 152
    },
    "2014-12-31": {
        "Diluted EPS": 3.33,
        "Total Revenue": 238,
        "Gross Profit": 194,
        "Operating Income": 159,
        "EBIT": 163,
        "Net Income": 142
    },
    "2014-09-30": {
        "Diluted EPS": 3.35,
        "Total Revenue": 251,
        "Gross Profit": 198,
        "Operating Income": 160,
        "EBIT": 164,
        "Net Income": 143
    },
    "2014-06-30": {
        "Diluted EPS": 1.08,
        "Total Revenue": 130,
        "Gross Profit": 85,
        "Operating Income": 48,
        "EBIT": 52,
        "Net Income": 46
    },
    "2014-03-31": {
        "Diluted EPS": 2.1,
        "Total Revenue": 187,
        "Gross Profit": 141,
        "Operating Income": 99,
        "EBIT": 104,
        "Net Income": 90
    },
    "2013-12-31": {
        "Diluted EPS": 2.59,
        "Total Revenue": 214,
        "Gross Profit": 172,
        "Operating Income": 135,
        "EBIT": 139,
        "Net Income": 116
    },
    "2013-09-30": {
        "Diluted EPS": 2.15,
        "Total Revenue": 205,
        "Gross Profit": 159,
        "Operating Income": 122,
        "EBIT": 126,
        "Net Income": 96
    },
    "2013-06-30": {
        "Diluted EPS": 1.32,
        "Total Revenue": 153,
        "Gross Profit": 107,
        "Operating Income": 74,
        "EBIT": 78,
        "Net Income": 59
    },
    "2013-03-31": {
        "Diluted EPS": 1.1,
        "Total Revenue": 165,
        "Gross Profit": 119,
        "Operating Income": 63,
        "EBIT": 67,
        "Net Income": 49
    },
    "2012-12-31": {
        "Diluted EPS": 1.98,
        "Total Revenue": 186,
        "Gross Profit": 140,
        "Operating Income": 104,
        "EBIT": 109,
        "Net Income": 89
    },
    "2012-09-30": {
        "Diluted EPS": 1.46,
        "Total Revenue": 161,
        "Gross Profit": 121,
        "Operating Income": 82,
        "EBIT": 87,
        "Net Income": 65
    },
    "2012-06-30": {
        "Diluted EPS": 1.41,
        "Total Revenue": 159,
        "Gross Profit": 114,
        "Operating Income": 79,
        "EBIT": 84,
        "Net Income": 63
    },
    "2012-03-31": {
        "Diluted EPS": 1.06,
        "Total Revenue": 145,
        "Gross Profit": 99,
        "Operating Income": 66,
        "EBIT": 52,
        "Net Income": 47
    },
    "2011-12-31": {
        "Diluted EPS": 1.4,
        "Total Revenue": 148,
        "Gross Profit": 106,
        "Operating Income": 75,
        "EBIT": 80,
        "Net Income": 62
    },
    "2011-09-30": {
        "Diluted EPS": 1.32,
        "Total Revenue": 138,
        "Gross Profit": 93,
        "Operating Income": 62,
        "EBIT": 67,
        "Net Income": 59
    },
    "2011-06-30": {
        "Diluted EPS": 0.8,
        "Total Revenue": 112,
        "Gross Profit": 67,
        "Operating Income": 34,
        "EBIT": 44,
        "Net Income": 36
    },
    "2011-03-31": {
        "Diluted EPS": 0.58,
        "Total Revenue": 108,
        "Gross Profit": 63,
        "Operating Income": 33,
        "EBIT": 19,
        "Net Income": 26
    },
    "2010-12-31": {
        "Diluted EPS": 0.11,
        "Total Revenue": 102,
        "Gross Profit": 59,
        "Operating Income": 24,
        "EBIT": 24,
        "Net Income": 4
    },
    "2010-09-30": {
        "Diluted EPS": 0.46,
        "Total Revenue": 103,
        "Gross Profit": 61,
        "Operating Income": 24,
        "EBIT": 24,
        "Net Income": 19
    },
    "2010-06-30": {
        "Diluted EPS": 0.46,
        "Total Revenue": 98,
        "Gross Profit": 57,
        "Operating Income": 20,
        "EBIT": 29,
        "Net Income": 19
    },
    "2010-03-31": {
        "Diluted EPS": 0.25,
        "Total Revenue": 89,
        "Gross Profit": 51,
        "Operating Income": 17,
        "EBIT": 3,
        "Net Income": 10
    },
    "2009-12-31": {
        "Diluted EPS": 0.0,
        "Total Revenue": 85,
        "Gross Profit": 50,
        "Operating Income": 15,
        "EBIT": 20,
        "Net Income": 11
    },
    "2009-09-30": {
        "Diluted EPS": 0.24,
        "Total Revenue": 94,
        "Gross Profit": 51,
        "Operating Income": 17,
        "EBIT": 21,
        "Net Income": 10
    },
    "2009-06-30": {
        "Diluted EPS": 0.31,
        "Total Revenue": 97,
        "Gross Profit": 58,
        "Operating Income": 21,
        "EBIT": 30,
        "Net Income": 12
    },
    "2009-03-31": {
        "Diluted EPS": 0.0,
        "Total Revenue": NaN,
        "Gross Profit": NaN,
        "Operating Income": NaN,
        "EBIT": NaN,
        "Net Income": NaN
    },
    "2023-09-30": {
        "Tax Effect Of Unusual Items": -340830.0,
        "Tax Rate For Calcs": 0.21,
        "Normalized EBITDA": 13969000.0,
        "Total Unusual Items": -1623000.0,
        "Total Unusual Items Excluding Goodwill": -1623000.0,
        "Net Income From Continuing Operation Net Minority Interest": 8547000.0,
        "Reconciled Depreciation": 7606000.0,
        "Reconciled Cost Of Revenue": 74600000.0,
        "EBITDA": 12346000.0,
        "EBIT": 4740000.0,
        "Net Interest Income": 13972000.0,
        "Interest Income": 13972000.0,
        "Normalized Income": 9829170.0,
        "Net Income From Continuing And Discontinued Operation": 8547000.0,
        "Total Expenses": 143462000.0,
        "Total Operating Income As Reported": 4740000.0,
        "Diluted Average Shares": 37584891.0,
        "Basic Average Shares": 37584891.0,
        "Diluted EPS": 0.23,
        "Basic EPS": 0.23,
        "Diluted NI Availto Com Stockholders": 8547000.0,
        "Net Income Common Stockholders": 8547000.0,
        "Net Income": 8547000.0,
        "Net Income Including Noncontrolling Interests": 8547000.0,
        "Net Income Continuous Operations": 8547000.0,
        "Tax Provision": 9108000.0,
        "Pretax Income": 17655000.0,
        "Other Income Expense": -1057000.0,
        "Other Non Operating Income Expenses": 566000.0,
        "Special Income Charges": NaN,
        "Gain On Sale Of Security": -1623000.0,
        "Net Non Operating Interest Income Expense": 13972000.0,
        "Interest Income Non Operating": 13972000.0,
        "Operating Income": 4740000.0,
        "Operating Expense": 68862000.0,
        "Research And Development": 14325000.0,
        "Selling General And Administration": 54537000.0,
        "Gross Profit": 73602000.0,
        "Cost Of Revenue": 74600000.0,
        "Total Revenue": 148202000.0,
        "Operating Revenue": 148202000.0
    },
    "2023-12-31": {
        "Tax Effect Of Unusual Items": 54365.642994,
        "Tax Rate For Calcs": 0.393954,
        "Normalized EBITDA": 23119000.0,
        "Total Unusual Items": 138000.0,
        "Total Unusual Items Excluding Goodwill": 138000.0,
        "Net Income From Continuing Operation Net Minority Interest": 20208000.0,
        "Reconciled Depreciation": 7374000.0,
        "Reconciled Cost Of Revenue": 77264000.0,
        "EBITDA": 23257000.0,
        "EBIT": 15883000.0,
        "Net Interest Income": 15496000.0,
        "Interest Income": 15496000.0,
        "Normalized Income": 20124365.642994,
        "Net Income From Continuing And Discontinued Operation": 20208000.0,
        "Total Expenses": 141262000.0,
        "Total Operating Income As Reported": 15883000.0,
        "Diluted Average Shares": 37584891.0,
        "Basic Average Shares": 37584891.0,
        "Diluted EPS": 0.54,
        "Basic EPS": 0.54,
        "Diluted NI Availto Com Stockholders": 20208000.0,
        "Net Income Common Stockholders": 20208000.0,
        "Net Income": 20208000.0,
        "Net Income Including Noncontrolling Interests": 20208000.0,
        "Net Income Continuous Operations": 20208000.0,
        "Tax Provision": 13136000.0,
        "Pretax Income": 33344000.0,
        "Other Income Expense": 1965000.0,
        "Other Non Operating Income Expenses": 1827000.0,
        "Special Income Charges": NaN,
        "Gain On Sale Of Security": 138000.0,
        "Net Non Operating Interest Income Expense": 15496000.0,
        "Interest Income Non Operating": 15496000.0,
        "Operating Income": 15883000.0,
        "Operating Expense": 63998000.0,
        "Research And Development": 13588000.0,
        "Selling General And Administration": 50410000.0,
        "Gross Profit": 79881000.0,
        "Cost Of Revenue": 77264000.0,
        "Total Revenue": 157145000.0,
        "Operating Revenue": 157145000.0
    }
}