{
    "2023-03-31": {
        "Tax Effect Of Unusual Items": -25090.0,
        "Tax Rate For Calcs": 0.386,
        "Normalized EBITDA": 35427000.0,
        "Total Unusual Items": -65000.0,
        "Total Unusual Items Excluding Goodwill": -65000.0,
        "Net Income From Continuing Operation Net Minority Interest": 9509000.0,
        "Reconciled Depreciation": 14785000.0,
        "Reconciled Cost Of Revenue": 137762000.0,
        "EBITDA": 35362000.0,
        "EBIT": 20577000.0,
        "Net Interest Income": -5099000.0,
        "Interest Expense": 5099000.0,
        "Normalized Income": 9548910.0,
        "Net Income From Continuing And Discontinued Operation": 9509000.0,
        "Total Expenses": 216841000.0,
        "Total Operating Income As Reported": 18400000.0,
        "Diluted Average Shares": 100952573.0,
        "Basic Average Shares": 97561650.0,
        "Diluted EPS": 0.09,
        "Basic EPS": 0.1,
        "Diluted NI Availto Com Stockholders": 9509000.0,
        "Net Income Common Stockholders": 9509000.0,
        "Net Income": 9509000.0,
        "Net Income Including Noncontrolling Interests": 9509000.0,
        "Net Income Continuous Operations": 9509000.0,
        "Tax Provision": 5969000.0,
        "Pretax Income": 15478000.0,
        "Other Income Expense": 2112000.0,
        "Other Non Operating Income Expenses": 2177000.0,
        "Special Income Charges": -65000.0,
        "Gain On Sale Of Ppe": -65000.0,
        "Net Non Operating Interest Income Expense": -5099000.0,
        "Interest Expense Non Operating": 5099000.0,
        "Operating Income": 18465000.0,
        "Operating Expense": 79079000.0,
        "Depreciation Amortization Depletion Income Statement": 14785000.0,
        "Depreciation And Amortization In Income Statement": 14785000.0,
        "Amortization": 5124000.0,
        "Amortization Of Intangibles Income Statement": 5124000.0,
        "Depreciation Income Statement": 9661000.0,
        "Selling General And Administration": 64294000.0,
        "General And Administrative Expense": NaN,
        "Other Gand A": NaN,
        "Salaries And Wages": NaN,
        "Gross Profit": 97544000.0,
        "Cost Of Revenue": 137762000.0,
        "Total Revenue": 235306000.0,
        "Operating Revenue": 235306000.0
    },
    "2022-12-31": {
        "Tax Effect Of Unusual Items": -10290.0,
        "Tax Rate For Calcs": 0.21,
        "Normalized EBITDA": 46933000.0,
        "Total Unusual Items": -49000.0,
        "Total Unusual Items Excluding Goodwill": -49000.0,
        "Net Income From Continuing Operation Net Minority Interest": 15742000.0,
        "Reconciled Depreciation": 15046000.0,
        "Reconciled Cost Of Revenue": 139397000.0,
        "EBITDA": 46884000.0,
        "EBIT": 31838000.0,
        "Net Interest Income": -4256000.0,
        "Interest Expense": 4256000.0,
        "Normalized Income": 15780710.0,
        "Net Income From Continuing And Discontinued Operation": 15742000.0,
        "Total Expenses": 218932000.0,
        "Total Operating Income As Reported": 23239000.0,
        "Diluted Average Shares": 101193087.0,
        "Basic Average Shares": 97697881.0,
        "Diluted EPS": 0.16,
        "Basic EPS": 0.16,
        "Diluted NI Availto Com Stockholders": 15742000.0,
        "Net Income Common Stockholders": 15742000.0,
        "Net Income": 15742000.0,
        "Net Income Including Noncontrolling Interests": 15742000.0,
        "Net Income Continuous Operations": 15742000.0,
        "Tax Provision": 11840000.0,
        "Pretax Income": 27582000.0,
        "Other Income Expense": 8550000.0,
        "Other Non Operating Income Expenses": 8599000.0,
        "Special Income Charges": -49000.0,
        "Gain On Sale Of Ppe": -49000.0,
        "Net Non Operating Interest Income Expense": -4256000.0,
        "Interest Expense Non Operating": 4256000.0,
        "Operating Income": 23288000.0,
        "Operating Expense": 79535000.0,
        "Depreciation Amortization Depletion Income Statement": 15046000.0,
        "Depreciation And Amortization In Income Statement": 15046000.0,
        "Amortization": 5117000.0,
        "Amortization Of Intangibles Income Statement": 5117000.0,
        "Depreciation Income Statement": 9929000.0,
        "Selling General And Administration": 64489000.0,
        "General And Administrative Expense": NaN,
        "Other Gand A": NaN,
        "Salaries And Wages": NaN,
        "Gross Profit": 102823000.0,
        "Cost Of Revenue": 139397000.0,
        "Total Revenue": 242220000.0,
        "Operating Revenue": 242220000.0
    },
    "2022-09-30": {
        "Tax Effect Of Unusual Items": 1680.0,
        "Tax Rate For Calcs": 0.21,
        "Normalized EBITDA": 27626000.0,
        "Total Unusual Items": 8000.0,
        "Total Unusual Items Excluding Goodwill": 8000.0,
        "Net Income From Continuing Operation Net Minority Interest": 5365000.0,
        "Reconciled Depreciation": 14515000.0,
        "Reconciled Cost Of Revenue": 134544000.0,
        "EBITDA": 27634000.0,
        "EBIT": 13119000.0,
        "Net Interest Income": -3859000.0,
        "Interest Expense": 3859000.0,
        "Normalized Income": 5358680.0,
        "Net Income From Continuing And Discontinued Operation": 5365000.0,
        "Total Expenses": 211407000.0,
        "Total Operating Income As Reported": 20731000.0,
        "Diluted Average Shares": 101920413.0,
        "Basic Average Shares": 98299612.0,
        "Diluted EPS": 0.05,
        "Basic EPS": 0.05,
        "Diluted NI Availto Com Stockholders": 5365000.0,
        "Net Income Common Stockholders": 5365000.0,
        "Net Income": 5365000.0,
        "Net Income Including Noncontrolling Interests": 5365000.0,
        "Net Income Continuous Operations": 5365000.0,
        "Tax Provision": 3895000.0,
        "Pretax Income": 9260000.0,
        "Other Income Expense": -7604000.0,
        "Other Non Operating Income Expenses": -7612000.0,
        "Special Income Charges": 8000.0,
        "Gain On Sale Of Ppe": 8000.0,
        "Net Non Operating Interest Income Expense": -3859000.0,
        "Interest Expense Non Operating": 3859000.0,
        "Operating Income": 20723000.0,
        "Operating Expense": 76863000.0,
        "Depreciation Amortization Depletion Income Statement": 14515000.0,
        "Depreciation And Amortization In Income Statement": 14515000.0,
        "Amortization": 5087000.0,
        "Amortization Of Intangibles Income Statement": 5087000.0,
        "Depreciation Income Statement": 9428000.0,
        "Selling General And Administration": 62348000.0,
        "General And Administrative Expense": NaN,
        "Other Gand A": NaN,
        "Salaries And Wages": NaN,
        "Gross Profit": 97586000.0,
        "Cost Of Revenue": 134544000.0,
        "Total Revenue": 232130000.0,
        "Operating Revenue": 232130000.0
    },
    "2022-06-30": {
        "Tax Effect Of Unusual Items": -1053.410948,
        "Tax Rate For Calcs": 0.210682,
        "Normalized EBITDA": 26625000.0,
        "Total Unusual Items": -5000.0,
        "Total Unusual Items Excluding Goodwill": -5000.0,
        "Net Income From Continuing Operation Net Minority Interest": 7729000.0,
        "Reconciled Depreciation": 14624000.0,
        "Reconciled Cost Of Revenue": 143538000.0,
        "EBITDA": 26620000.0,
        "EBIT": 11996000.0,
        "Net Interest Income": -2204000.0,
        "Interest Expense": 2204000.0,
        "Normalized Income": 7732946.589052,
        "Net Income From Continuing And Discontinued Operation": 7729000.0,
        "Total Expenses": 227081000.0,
        "Total Operating Income As Reported": 19373000.0,
        "Diluted Average Shares": 103177186.0,
        "Basic Average Shares": 97783809.0,
        "Diluted EPS": 0.07,
        "Basic EPS": 0.08,
        "Diluted NI Availto Com Stockholders": 7729000.0,
        "Net Income Common Stockholders": 7729000.0,
        "Net Income": 7729000.0,
        "Net Income Including Noncontrolling Interests": 7729000.0,
        "Net Income Continuous Operations": 7729000.0,
        "Tax Provision": 2063000.0,
        "Pretax Income": 9792000.0,
        "Other Income Expense": -7382000.0,
        "Other Non Operating Income Expenses": -7377000.0,
        "Special Income Charges": -5000.0,
        "Gain On Sale Of Ppe": -5000.0,
        "Net Non Operating Interest Income Expense": -2204000.0,
        "Interest Expense Non Operating": 2204000.0,
        "Operating Income": 19378000.0,
        "Operating Expense": 83543000.0,
        "Depreciation Amortization Depletion Income Statement": 14624000.0,
        "Depreciation And Amortization In Income Statement": 14624000.0,
        "Amortization": 4967000.0,
        "Amortization Of Intangibles Income Statement": 4967000.0,
        "Depreciation Income Statement": 9657000.0,
        "Selling General And Administration": 68919000.0,
        "General And Administrative Expense": NaN,
        "Other Gand A": NaN,
        "Salaries And Wages": NaN,
        "Gross Profit": 102921000.0,
        "Cost Of Revenue": 143538000.0,
        "Total Revenue": 246459000.0,
        "Operating Revenue": 246459000.0
    },
    "2022-03-31": {
        "Diluted EPS": 0.11,
        "Total Revenue": 240,
        "Gross Profit": 98,
        "Operating Income": 21,
        "EBIT": 34,
        "Net Income": 12
    },
    "2021-12-31": {
        "Diluted EPS": 0.23,
        "Total Revenue": 227,
        "Gross Profit": 99,
        "Operating Income": 20,
        "EBIT": 34,
        "Net Income": 19
    },
    "2021-09-30": {
        "Diluted EPS": 0.11,
        "Total Revenue": 201,
        "Gross Profit": 89,
        "Operating Income": 16,
        "EBIT": 28,
        "Net Income": 12
    },
    "2021-06-30": {
        "Diluted EPS": -1.14,
        "Total Revenue": 180,
        "Gross Profit": 76,
        "Operating Income": -113,
        "EBIT": -101,
        "Net Income": -106
    },
    "2021-03-31": {
        "Diluted EPS": 0.18,
        "Total Revenue": 153,
        "Gross Profit": 65,
        "Operating Income": 22,
        "EBIT": 33,
        "Net Income": 17
    },
    "2020-12-31": {
        "Diluted EPS": 0.0,
        "Total Revenue": NaN,
        "Gross Profit": NaN,
        "Operating Income": NaN,
        "EBIT": NaN,
        "Net Income": NaN
    },
    "2020-09-30": {
        "Diluted EPS": 0.12,
        "Total Revenue": 122,
        "Gross Profit": 57,
        "Operating Income": 16,
        "EBIT": 25,
        "Net Income": 11
    },
    "2020-06-30": {
        "Diluted EPS": 0.09,
        "Total Revenue": 114,
        "Gross Profit": 50,
        "Operating Income": 10,
        "EBIT": 10,
        "Net Income": 8
    },
    "2019-12-31": {
        "Diluted EPS": 0.0,
        "Total Revenue": NaN,
        "Gross Profit": NaN,
        "Operating Income": NaN,
        "EBIT": NaN,
        "Net Income": NaN
    },
    "2023-06-30": {
        "Tax Effect Of Unusual Items": NaN,
        "Tax Rate For Calcs": NaN,
        "Normalized EBITDA": NaN,
        "Total Unusual Items": NaN,
        "Total Unusual Items Excluding Goodwill": NaN,
        "Net Income From Continuing Operation Net Minority Interest": NaN,
        "Reconciled Depreciation": NaN,
        "Reconciled Cost Of Revenue": NaN,
        "EBITDA": NaN,
        "EBIT": NaN,
        "Net Interest Income": NaN,
        "Interest Expense": NaN,
        "Normalized Income": NaN,
        "Net Income From Continuing And Discontinued Operation": NaN,
        "Total Expenses": NaN,
        "Total Operating Income As Reported": NaN,
        "Diluted Average Shares": NaN,
        "Basic Average Shares": NaN,
        "Diluted EPS": NaN,
        "Basic EPS": NaN,
        "Diluted NI Availto Com Stockholders": NaN,
        "Net Income Common Stockholders": NaN,
        "Net Income": NaN,
        "Net Income Including Noncontrolling Interests": NaN,
        "Net Income Continuous Operations": NaN,
        "Tax Provision": NaN,
        "Pretax Income": NaN,
        "Other Income Expense": NaN,
        "Other Non Operating Income Expenses": NaN,
        "Special Income Charges": NaN,
        "Gain On Sale Of Ppe": NaN,
        "Net Non Operating Interest Income Expense": NaN,
        "Interest Expense Non Operating": NaN,
        "Operating Income": NaN,
        "Operating Expense": NaN,
        "Depreciation Amortization Depletion Income Statement": NaN,
        "Depreciation And Amortization In Income Statement": NaN,
        "Amortization": NaN,
        "Amortization Of Intangibles Income Statement": NaN,
        "Depreciation Income Statement": NaN,
        "Selling General And Administration": NaN,
        "General And Administrative Expense": 58175000.0,
        "Other Gand A": 44173000.0,
        "Salaries And Wages": 14002000.0,
        "Gross Profit": NaN,
        "Cost Of Revenue": NaN,
        "Total Revenue": NaN,
        "Operating Revenue": NaN
    },
    "2023-09-30": {
        "Tax Effect Of Unusual Items": NaN,
        "Tax Rate For Calcs": NaN,
        "Normalized EBITDA": NaN,
        "Total Unusual Items": NaN,
        "Total Unusual Items Excluding Goodwill": NaN,
        "Net Income From Continuing Operation Net Minority Interest": NaN,
        "Reconciled Depreciation": NaN,
        "Reconciled Cost Of Revenue": NaN,
        "EBITDA": NaN,
        "EBIT": NaN,
        "Net Interest Income": NaN,
        "Interest Expense": NaN,
        "Normalized Income": NaN,
        "Net Income From Continuing And Discontinued Operation": NaN,
        "Total Expenses": NaN,
        "Total Operating Income As Reported": NaN,
        "Diluted Average Shares": 94035111.0,
        "Basic Average Shares": 92480316.0,
        "Diluted EPS": 0.1,
        "Basic EPS": 0.11,
        "Diluted NI Availto Com Stockholders": NaN,
        "Net Income Common Stockholders": NaN,
        "Net Income": NaN,
        "Net Income Including Noncontrolling Interests": NaN,
        "Net Income Continuous Operations": NaN,
        "Tax Provision": NaN,
        "Pretax Income": NaN,
        "Other Income Expense": NaN,
        "Other Non Operating Income Expenses": NaN,
        "Special Income Charges": NaN,
        "Gain On Sale Of Ppe": NaN,
        "Net Non Operating Interest Income Expense": NaN,
        "Interest Expense Non Operating": NaN,
        "Operating Income": NaN,
        "Operating Expense": NaN,
        "Depreciation Amortization Depletion Income Statement": NaN,
        "Depreciation And Amortization In Income Statement": NaN,
        "Amortization": NaN,
        "Amortization Of Intangibles Income Statement": NaN,
        "Depreciation Income Statement": NaN,
        "Selling General And Administration": NaN,
        "Gross Profit": NaN,
        "Cost Of Revenue": NaN,
        "Total Revenue": NaN,
        "Operating Revenue": NaN
    },
    "2023-12-31": {
        "Tax Effect Of Unusual Items": -115500.0,
        "Tax Rate For Calcs": 0.21,
        "Normalized EBITDA": 49779000.0,
        "Total Unusual Items": -550000.0,
        "Total Unusual Items Excluding Goodwill": -550000.0,
        "Net Income From Continuing Operation Net Minority Interest": 16277000.0,
        "Reconciled Depreciation": 15959000.0,
        "Reconciled Cost Of Revenue": 137290000.0,
        "EBITDA": 49229000.0,
        "EBIT": 33270000.0,
        "Net Interest Income": -5576000.0,
        "Interest Expense": 5576000.0,
        "Normalized Income": 16711500.0,
        "Net Income From Continuing And Discontinued Operation": 16277000.0,
        "Total Expenses": 202189000.0,
        "Total Operating Income As Reported": 31525000.0,
        "Diluted Average Shares": 91504594.0,
        "Basic Average Shares": 89189646.0,
        "Diluted EPS": 0.18,
        "Basic EPS": 0.18,
        "Diluted NI Availto Com Stockholders": 16277000.0,
        "Net Income Common Stockholders": 16277000.0,
        "Net Income": 16277000.0,
        "Net Income Including Noncontrolling Interests": 16277000.0,
        "Net Income Continuous Operations": 16277000.0,
        "Tax Provision": 11417000.0,
        "Pretax Income": 27694000.0,
        "Other Income Expense": 1195000.0,
        "Other Non Operating Income Expenses": 1745000.0,
        "Special Income Charges": -550000.0,
        "Gain On Sale Of Ppe": -550000.0,
        "Net Non Operating Interest Income Expense": -5576000.0,
        "Interest Expense Non Operating": 5576000.0,
        "Operating Income": 32075000.0,
        "Operating Expense": 64899000.0,
        "Depreciation Amortization Depletion Income Statement": 15959000.0,
        "Depreciation And Amortization In Income Statement": 15959000.0,
        "Amortization": 5070000.0,
        "Amortization Of Intangibles Income Statement": 5070000.0,
        "Depreciation Income Statement": 10889000.0,
        "Selling General And Administration": 48940000.0,
        "Gross Profit": 96974000.0,
        "Cost Of Revenue": 137290000.0,
        "Total Revenue": 234264000.0,
        "Operating Revenue": 234264000.0
    },
    "2024-03-31": {
        "Tax Effect Of Unusual Items": 63215.673362,
        "Tax Rate For Calcs": 0.357151,
        "Normalized EBITDA": 39357000.0,
        "Total Unusual Items": 177000.0,
        "Total Unusual Items Excluding Goodwill": 177000.0,
        "Net Income From Continuing Operation Net Minority Interest": 11714000.0,
        "Reconciled Depreciation": 15774000.0,
        "Reconciled Cost Of Revenue": 135411000.0,
        "EBITDA": 39534000.0,
        "EBIT": 23760000.0,
        "Net Interest Income": -5538000.0,
        "Interest Expense": 5538000.0,
        "Normalized Income": 11600215.673362,
        "Net Income From Continuing And Discontinued Operation": 11714000.0,
        "Total Expenses": 204089000.0,
        "Total Operating Income As Reported": 23558000.0,
        "Diluted Average Shares": 91849886.0,
        "Basic Average Shares": 88795211.0,
        "Diluted EPS": 0.13,
        "Basic EPS": 0.13,
        "Diluted NI Availto Com Stockholders": 11714000.0,
        "Net Income Common Stockholders": 11714000.0,
        "Net Income": 11714000.0,
        "Net Income Including Noncontrolling Interests": 11714000.0,
        "Net Income Continuous Operations": 11714000.0,
        "Tax Provision": 6508000.0,
        "Pretax Income": 18222000.0,
        "Other Income Expense": 379000.0,
        "Other Non Operating Income Expenses": 202000.0,
        "Special Income Charges": 177000.0,
        "Gain On Sale Of Ppe": 177000.0,
        "Net Non Operating Interest Income Expense": -5538000.0,
        "Interest Expense Non Operating": 5538000.0,
        "Operating Income": 23381000.0,
        "Operating Expense": 68678000.0,
        "Depreciation Amortization Depletion Income Statement": 15774000.0,
        "Depreciation And Amortization In Income Statement": 15774000.0,
        "Amortization": 4985000.0,
        "Amortization Of Intangibles Income Statement": 4985000.0,
        "Depreciation Income Statement": 10789000.0,
        "Selling General And Administration": 52904000.0,
        "Gross Profit": 92059000.0,
        "Cost Of Revenue": 135411000.0,
        "Total Revenue": 227470000.0,
        "Operating Revenue": 227470000.0
    },
    "2024-06-30": {
        "Tax Effect Of Unusual Items": -34592.0,
        "Tax Rate For Calcs": 0.368,
        "Normalized EBITDA": 40479000.0,
        "Total Unusual Items": -94000.0,
        "Total Unusual Items Excluding Goodwill": -94000.0,
        "Net Income From Continuing Operation Net Minority Interest": 12598000.0,
        "Reconciled Depreciation": 14960000.0,
        "Reconciled Cost Of Revenue": 143876000.0,
        "EBITDA": 40385000.0,
        "EBIT": 25425000.0,
        "Net Interest Income": -5490000.0,
        "Interest Expense": 5490000.0,
        "Normalized Income": 12657408.0,
        "Net Income From Continuing And Discontinued Operation": 12598000.0,
        "Total Expenses": 215112000.0,
        "Total Operating Income As Reported": 22722000.0,
        "Diluted Average Shares": 91629930.0,
        "Basic Average Shares": 88331992.0,
        "Diluted EPS": 0.14,
        "Basic EPS": 0.14,
        "Diluted NI Availto Com Stockholders": 12598000.0,
        "Net Income Common Stockholders": 12598000.0,
        "Net Income": 12598000.0,
        "Net Income Including Noncontrolling Interests": 12598000.0,
        "Net Income Continuous Operations": 12598000.0,
        "Tax Provision": 7337000.0,
        "Pretax Income": 19935000.0,
        "Other Income Expense": 2609000.0,
        "Other Non Operating Income Expenses": 2703000.0,
        "Special Income Charges": -94000.0,
        "Gain On Sale Of Ppe": -94000.0,
        "Net Non Operating Interest Income Expense": -5490000.0,
        "Interest Expense Non Operating": 5490000.0,
        "Operating Income": 22816000.0,
        "Operating Expense": 71236000.0,
        "Depreciation Amortization Depletion Income Statement": 14960000.0,
        "Depreciation And Amortization In Income Statement": 14960000.0,
        "Amortization": 4982000.0,
        "Amortization Of Intangibles Income Statement": 4982000.0,
        "Depreciation Income Statement": 9978000.0,
        "Selling General And Administration": 56276000.0,
        "Gross Profit": 94052000.0,
        "Cost Of Revenue": 143876000.0,
        "Total Revenue": 237928000.0,
        "Operating Revenue": 237928000.0
    },
    "2024-09-30": {
        "Tax Effect Of Unusual Items": 2860.0,
        "Tax Rate For Calcs": 0.286,
        "Normalized EBITDA": 38032000.0,
        "Total Unusual Items": 10000.0,
        "Total Unusual Items Excluding Goodwill": 10000.0,
        "Net Income From Continuing Operation Net Minority Interest": 12699000.0,
        "Reconciled Depreciation": 14746000.0,
        "Reconciled Cost Of Revenue": 153765000.0,
        "EBITDA": 38042000.0,
        "EBIT": 23296000.0,
        "Net Interest Income": -5504000.0,
        "Interest Expense": 5504000.0,
        "Normalized Income": 12691860.0,
        "Net Income From Continuing And Discontinued Operation": 12699000.0,
        "Total Expenses": 231161000.0,
        "Total Operating Income As Reported": 24194000.0,
        "Diluted Average Shares": 92579919.0,
        "Basic Average Shares": 88978159.0,
        "Diluted EPS": 0.14,
        "Basic EPS": 0.14,
        "Diluted NI Availto Com Stockholders": 12699000.0,
        "Net Income Common Stockholders": 12699000.0,
        "Net Income": 12699000.0,
        "Net Income Including Noncontrolling Interests": 12699000.0,
        "Net Income Continuous Operations": 12699000.0,
        "Tax Provision": 5093000.0,
        "Pretax Income": 17792000.0,
        "Other Income Expense": -888000.0,
        "Other Non Operating Income Expenses": -898000.0,
        "Special Income Charges": 10000.0,
        "Gain On Sale Of Ppe": 10000.0,
        "Net Non Operating Interest Income Expense": -5504000.0,
        "Interest Expense Non Operating": 5504000.0,
        "Operating Income": 24184000.0,
        "Operating Expense": 77396000.0,
        "Depreciation Amortization Depletion Income Statement": 14746000.0,
        "Depreciation And Amortization In Income Statement": 14746000.0,
        "Amortization": 4988000.0,
        "Amortization Of Intangibles Income Statement": 4988000.0,
        "Depreciation Income Statement": 9758000.0,
        "Selling General And Administration": 62650000.0,
        "Gross Profit": 101580000.0,
        "Cost Of Revenue": 153765000.0,
        "Total Revenue": 255345000.0,
        "Operating Revenue": 255345000.0
    },
    "2024-12-31": {
        "Tax Effect Of Unusual Items": -2730.0,
        "Tax Rate For Calcs": 0.21,
        "Normalized EBITDA": 37940000.0,
        "Total Unusual Items": -13000.0,
        "Total Unusual Items Excluding Goodwill": -13000.0,
        "Net Income From Continuing Operation Net Minority Interest": 8859000.0,
        "Reconciled Depreciation": 14678000.0,
        "Reconciled Cost Of Revenue": 169846000.0,
        "EBITDA": 37927000.0,
        "EBIT": 23249000.0,
        "Net Interest Income": -5017000.0,
        "Interest Expense": 5017000.0,
        "Normalized Income": 8869270.0,
        "Net Income From Continuing And Discontinued Operation": 8859000.0,
        "Total Expenses": 252279000.0,
        "Total Operating Income As Reported": 21950000.0,
        "Diluted Average Shares": 93157346.0,
        "Basic Average Shares": 89545980.0,
        "Diluted EPS": 0.1,
        "Basic EPS": 0.1,
        "Diluted NI Availto Com Stockholders": 8859000.0,
        "Net Income Common Stockholders": 8859000.0,
        "Net Income": 8859000.0,
        "Net Income Including Noncontrolling Interests": 8859000.0,
        "Net Income Continuous Operations": 8859000.0,
        "Tax Provision": 9373000.0,
        "Pretax Income": 18232000.0,
        "Other Income Expense": 1286000.0,
        "Other Non Operating Income Expenses": 1299000.0,
        "Special Income Charges": -13000.0,
        "Gain On Sale Of Ppe": -13000.0,
        "Net Non Operating Interest Income Expense": -5017000.0,
        "Interest Expense Non Operating": 5017000.0,
        "Operating Income": 21963000.0,
        "Operating Expense": 82433000.0,
        "Depreciation Amortization Depletion Income Statement": 14678000.0,
        "Depreciation And Amortization In Income Statement": 14678000.0,
        "Amortization": 4980000.0,
        "Amortization Of Intangibles Income Statement": 4980000.0,
        "Depreciation Income Statement": 9698000.0,
        "Selling General And Administration": 67755000.0,
        "Gross Profit": 104396000.0,
        "Cost Of Revenue": 169846000.0,
        "Total Revenue": 274242000.0,
        "Operating Revenue": 274242000.0
    },
    "2025-03-31": {
        "Tax Effect Of Unusual Items": 8670.0,
        "Tax Rate For Calcs": 0.289,
        "Normalized EBITDA": 49360000.0,
        "Total Unusual Items": 30000.0,
        "Total Unusual Items Excluding Goodwill": 30000.0,
        "Net Income From Continuing Operation Net Minority Interest": 21148000.0,
        "Reconciled Depreciation": 14979000.0,
        "Reconciled Cost Of Revenue": 171181000.0,
        "EBITDA": 49390000.0,
        "EBIT": 34411000.0,
        "Net Interest Income": -4663000.0,
        "Interest Expense": 4663000.0,
        "Normalized Income": 21126670.0,
        "Net Income From Continuing And Discontinued Operation": 21148000.0,
        "Total Expenses": 243584000.0,
        "Total Operating Income As Reported": 34238000.0,
        "Diluted Average Shares": 93655539.0,
        "Basic Average Shares": 90040348.0,
        "Diluted EPS": 0.23,
        "Basic EPS": 0.23,
        "Diluted NI Availto Com Stockholders": 21148000.0,
        "Net Income Common Stockholders": 21148000.0,
        "Net Income": 21148000.0,
        "Net Income Including Noncontrolling Interests": 21148000.0,
        "Net Income Continuous Operations": 21148000.0,
        "Tax Provision": 8600000.0,
        "Pretax Income": 29748000.0,
        "Other Income Expense": 203000.0,
        "Other Non Operating Income Expenses": 173000.0,
        "Special Income Charges": 30000.0,
        "Gain On Sale Of Ppe": 30000.0,
        "Net Non Operating Interest Income Expense": -4663000.0,
        "Interest Expense Non Operating": 4663000.0,
        "Operating Income": 34208000.0,
        "Operating Expense": 72403000.0,
        "Depreciation Amortization Depletion Income Statement": 14979000.0,
        "Depreciation And Amortization In Income Statement": 14979000.0,
        "Amortization": 4976000.0,
        "Amortization Of Intangibles Income Statement": 4976000.0,
        "Depreciation Income Statement": 10003000.0,
        "Selling General And Administration": 57424000.0,
        "Gross Profit": 106611000.0,
        "Cost Of Revenue": 171181000.0,
        "Total Revenue": 277792000.0,
        "Operating Revenue": 277792000.0
    },
    "2025-06-30": {
        "Tax Effect Of Unusual Items": 29526.0,
        "Tax Rate For Calcs": 0.259,
        "Normalized EBITDA": 46439000.0,
        "Total Unusual Items": 114000.0,
        "Total Unusual Items Excluding Goodwill": 114000.0,
        "Net Income From Continuing Operation Net Minority Interest": 20047000.0,
        "Reconciled Depreciation": 14864000.0,
        "Reconciled Cost Of Revenue": 180568000.0,
        "EBITDA": 46553000.0,
        "EBIT": 31689000.0,
        "Net Interest Income": -4635000.0,
        "Interest Expense": 4635000.0,
        "Normalized Income": 19962526.0,
        "Net Income From Continuing And Discontinued Operation": 20047000.0,
        "Total Expenses": 263838000.0,
        "Total Operating Income As Reported": 30362000.0,
        "Diluted Average Shares": 92576805.0,
        "Basic Average Shares": 89493215.0,
        "Diluted EPS": 0.22,
        "Basic EPS": 0.22,
        "Diluted NI Availto Com Stockholders": 20047000.0,
        "Net Income Common Stockholders": 20047000.0,
        "Net Income": 20047000.0,
        "Net Income Including Noncontrolling Interests": 20047000.0,
        "Net Income Continuous Operations": 20047000.0,
        "Tax Provision": 7007000.0,
        "Pretax Income": 27054000.0,
        "Other Income Expense": 1441000.0,
        "Other Non Operating Income Expenses": 1327000.0,
        "Special Income Charges": 114000.0,
        "Gain On Sale Of Ppe": 114000.0,
        "Net Non Operating Interest Income Expense": -4635000.0,
        "Interest Expense Non Operating": 4635000.0,
        "Operating Income": 30248000.0,
        "Operating Expense": 83270000.0,
        "Depreciation Amortization Depletion Income Statement": 14864000.0,
        "Depreciation And Amortization In Income Statement": 14864000.0,
        "Amortization": 4997000.0,
        "Amortization Of Intangibles Income Statement": 4997000.0,
        "Depreciation Income Statement": 9867000.0,
        "Selling General And Administration": 68406000.0,
        "Gross Profit": 113518000.0,
        "Cost Of Revenue": 180568000.0,
        "Total Revenue": 294086000.0,
        "Operating Revenue": 294086000.0
    },
    "2025-09-30": {
        "Tax Effect Of Unusual Items": -23560.0,
        "Tax Rate For Calcs": 0.248,
        "Normalized EBITDA": 62230000.0,
        "Total Unusual Items": -95000.0,
        "Total Unusual Items Excluding Goodwill": -95000.0,
        "Net Income From Continuing Operation Net Minority Interest": 31375000.0,
        "Reconciled Depreciation": 15787000.0,
        "Reconciled Cost Of Revenue": 185191000.0,
        "EBITDA": 62135000.0,
        "EBIT": 46348000.0,
        "Net Interest Income": -4627000.0,
        "Interest Expense": 4627000.0,
        "Normalized Income": 31446440.0,
        "Net Income From Continuing And Discontinued Operation": 31375000.0,
        "Total Expenses": 260677000.0,
        "Total Operating Income As Reported": 37941000.0,
        "Diluted Average Shares": 93057417.0,
        "Basic Average Shares": 90128176.0,
        "Diluted EPS": 0.34,
        "Basic EPS": 0.35,
        "Diluted NI Availto Com Stockholders": 31375000.0,
        "Net Income Common Stockholders": 31375000.0,
        "Net Income": 31375000.0,
        "Net Income Including Noncontrolling Interests": 31375000.0,
        "Net Income Continuous Operations": 31375000.0,
        "Tax Provision": 10346000.0,
        "Pretax Income": 41721000.0,
        "Other Income Expense": 8312000.0,
        "Other Non Operating Income Expenses": 8407000.0,
        "Special Income Charges": -95000.0,
        "Gain On Sale Of Ppe": -95000.0,
        "Net Non Operating Interest Income Expense": -4627000.0,
        "Interest Expense Non Operating": 4627000.0,
        "Operating Income": 38036000.0,
        "Operating Expense": 75257000.0,
        "Depreciation Amortization Depletion Income Statement": 15558000.0,
        "Depreciation And Amortization In Income Statement": 15558000.0,
        "Amortization": 5005000.0,
        "Amortization Of Intangibles Income Statement": 5005000.0,
        "Depreciation Income Statement": 10553000.0,
        "Selling General And Administration": 59699000.0,
        "Gross Profit": 113293000.0,
        "Cost Of Revenue": 185420000.0,
        "Total Revenue": 298713000.0,
        "Operating Revenue": 298713000.0
    }
}