{
    "2023-03-31": {
        "Tax Effect Of Unusual Items": -281400.0,
        "Tax Rate For Calcs": 0.21,
        "Normalized EBITDA": 30297000.0,
        "Total Unusual Items": -1340000.0,
        "Total Unusual Items Excluding Goodwill": -1340000.0,
        "Net Income From Continuing Operation Net Minority Interest": 864000.0,
        "Reconciled Depreciation": 18718000.0,
        "Reconciled Cost Of Revenue": 372733000.0,
        "EBITDA": 28957000.0,
        "EBIT": 10239000.0,
        "Net Interest Income": -8233000.0,
        "Interest Expense": 8233000.0,
        "Normalized Income": 1922600.0,
        "Net Income From Continuing And Discontinued Operation": 864000.0,
        "Total Expenses": 435089000.0,
        "Rent Expense Supplemental": 31834000.0,
        "Total Operating Income As Reported": 10239000.0,
        "Diluted Average Shares": 61420034.0,
        "Basic Average Shares": 51422010.0,
        "Diluted EPS": 0.01,
        "Basic EPS": 0.01,
        "Diluted NI Availto Com Stockholders": 704000.0,
        "Net Income Common Stockholders": 704000.0,
        "Otherunder Preferred Stock Dividend": 129000.0,
        "Preferred Stock Dividends": 31000.0,
        "Net Income": 864000.0,
        "Net Income Including Noncontrolling Interests": 864000.0,
        "Net Income Continuous Operations": 864000.0,
        "Tax Provision": 1142000.0,
        "Pretax Income": 2006000.0,
        "Other Income Expense": 166000.0,
        "Other Non Operating Income Expenses": 1506000.0,
        "Special Income Charges": -1340000.0,
        "Gain On Sale Of Ppe": NaN,
        "Other Special Charges": NaN,
        "Write Off": 1340000.0,
        "Impairment Of Capital Assets": NaN,
        "Net Non Operating Interest Income Expense": -8233000.0,
        "Interest Expense Non Operating": 8233000.0,
        "Operating Income": 10073000.0,
        "Operating Expense": 62356000.0,
        "Other Operating Expenses": 69132000.0,
        "Depreciation Amortization Depletion Income Statement": 18718000.0,
        "Depreciation And Amortization In Income Statement": 18718000.0,
        "Selling General And Administration": 43638000.0,
        "Selling And Marketing Expense": 17898000.0,
        "General And Administrative Expense": 25740000.0,
        "Other Gand A": 25740000.0,
        "Rent And Landing Fees": 31834000.0,
        "Salaries And Wages": NaN,
        "Gross Profit": 72429000.0,
        "Cost Of Revenue": 372733000.0,
        "Total Revenue": 445162000.0,
        "Operating Revenue": 445162000.0
    },
    "2022-12-31": {
        "Tax Effect Of Unusual Items": -421890.0,
        "Tax Rate For Calcs": 0.21,
        "Normalized EBITDA": 23976000.0,
        "Total Unusual Items": -2009000.0,
        "Total Unusual Items Excluding Goodwill": -2009000.0,
        "Net Income From Continuing Operation Net Minority Interest": -19130000.0,
        "Reconciled Depreciation": 19171000.0,
        "Reconciled Cost Of Revenue": 380300000.0,
        "EBITDA": 21967000.0,
        "EBIT": 2796000.0,
        "Net Interest Income": -7873000.0,
        "Interest Expense": 7873000.0,
        "Normalized Income": -17542890.0,
        "Net Income From Continuing And Discontinued Operation": -19130000.0,
        "Total Expenses": 439144000.0,
        "Rent Expense Supplemental": 31994000.0,
        "Total Operating Income As Reported": 2796000.0,
        "Diluted Average Shares": 50807000.0,
        "Basic Average Shares": 50807000.0,
        "Diluted EPS": -0.38,
        "Basic EPS": -0.38,
        "Diluted NI Availto Com Stockholders": -19130000.0,
        "Net Income Common Stockholders": -19130000.0,
        "Otherunder Preferred Stock Dividend": NaN,
        "Preferred Stock Dividends": NaN,
        "Net Income": -19130000.0,
        "Net Income Including Noncontrolling Interests": -19130000.0,
        "Net Income Continuous Operations": -19130000.0,
        "Tax Provision": 14053000.0,
        "Pretax Income": -5077000.0,
        "Other Income Expense": -3118000.0,
        "Other Non Operating Income Expenses": NaN,
        "Special Income Charges": -2009000.0,
        "Gain On Sale Of Ppe": NaN,
        "Other Special Charges": NaN,
        "Write Off": 2009000.0,
        "Impairment Of Capital Assets": NaN,
        "Net Non Operating Interest Income Expense": -7873000.0,
        "Interest Expense Non Operating": 7873000.0,
        "Operating Income": 5914000.0,
        "Operating Expense": 58844000.0,
        "Other Operating Expenses": 68955000.0,
        "Depreciation Amortization Depletion Income Statement": 19171000.0,
        "Depreciation And Amortization In Income Statement": 19171000.0,
        "Selling General And Administration": 40599000.0,
        "Selling And Marketing Expense": 17943000.0,
        "General And Administrative Expense": 22656000.0,
        "Other Gand A": 17754000.0,
        "Rent And Landing Fees": 31994000.0,
        "Salaries And Wages": NaN,
        "Gross Profit": 64758000.0,
        "Cost Of Revenue": 380300000.0,
        "Total Revenue": 445058000.0,
        "Operating Revenue": 445058000.0
    },
    "2022-09-30": {
        "Tax Effect Of Unusual Items": -284297.659742,
        "Tax Rate For Calcs": 0.237707,
        "Normalized EBITDA": 16967000.0,
        "Total Unusual Items": -1196000.0,
        "Total Unusual Items Excluding Goodwill": -1196000.0,
        "Net Income From Continuing Operation Net Minority Interest": -8697000.0,
        "Reconciled Depreciation": 19284000.0,
        "Reconciled Cost Of Revenue": 286850000.0,
        "EBITDA": 15771000.0,
        "EBIT": -3513000.0,
        "Net Interest Income": -7896000.0,
        "Interest Expense": 7896000.0,
        "Normalized Income": -7785297.659742,
        "Net Income From Continuing And Discontinued Operation": -8697000.0,
        "Total Expenses": 448028000.0,
        "Rent Expense Supplemental": 31244000.0,
        "Total Operating Income As Reported": -3513000.0,
        "Diluted Average Shares": 50805000.0,
        "Basic Average Shares": 50805000.0,
        "Diluted EPS": -0.17,
        "Basic EPS": -0.17,
        "Diluted NI Availto Com Stockholders": -8697000.0,
        "Net Income Common Stockholders": -8697000.0,
        "Otherunder Preferred Stock Dividend": NaN,
        "Preferred Stock Dividends": NaN,
        "Net Income": -8697000.0,
        "Net Income Including Noncontrolling Interests": -8697000.0,
        "Net Income Continuous Operations": -8697000.0,
        "Tax Provision": -2712000.0,
        "Pretax Income": -11409000.0,
        "Other Income Expense": 554000.0,
        "Other Non Operating Income Expenses": 1750000.0,
        "Special Income Charges": -1196000.0,
        "Gain On Sale Of Ppe": NaN,
        "Other Special Charges": NaN,
        "Write Off": 1196000.0,
        "Impairment Of Capital Assets": 1196000.0,
        "Net Non Operating Interest Income Expense": -7896000.0,
        "Interest Expense Non Operating": 7896000.0,
        "Operating Income": -4067000.0,
        "Operating Expense": 161178000.0,
        "Other Operating Expenses": 70237000.0,
        "Depreciation Amortization Depletion Income Statement": 19284000.0,
        "Depreciation And Amortization In Income Statement": 19284000.0,
        "Selling General And Administration": 71657000.0,
        "Selling And Marketing Expense": 17841000.0,
        "General And Administrative Expense": 53816000.0,
        "Other Gand A": 22572000.0,
        "Rent And Landing Fees": 31244000.0,
        "Salaries And Wages": NaN,
        "Gross Profit": 157111000.0,
        "Cost Of Revenue": 286850000.0,
        "Total Revenue": 443961000.0,
        "Operating Revenue": 443961000.0
    },
    "2022-06-30": {
        "Tax Effect Of Unusual Items": -3413053.225757,
        "Tax Rate For Calcs": 0.187778,
        "Normalized EBITDA": 13286000.0,
        "Total Unusual Items": -18176000.0,
        "Total Unusual Items Excluding Goodwill": -18176000.0,
        "Net Income From Continuing Operation Net Minority Interest": -26476000.0,
        "Reconciled Depreciation": 20071000.0,
        "Reconciled Cost Of Revenue": 289490000.0,
        "EBITDA": -4890000.0,
        "EBIT": -24961000.0,
        "Net Interest Income": -7636000.0,
        "Interest Expense": 7636000.0,
        "Normalized Income": -11713053.225757,
        "Net Income From Continuing And Discontinued Operation": -26476000.0,
        "Total Expenses": 448291000.0,
        "Rent Expense Supplemental": 31230000.0,
        "Total Operating Income As Reported": -24961000.0,
        "Diluted Average Shares": 50795328.0,
        "Basic Average Shares": 50795328.0,
        "Diluted EPS": -0.52,
        "Basic EPS": -0.52,
        "Diluted NI Availto Com Stockholders": -26476000.0,
        "Net Income Common Stockholders": -26476000.0,
        "Otherunder Preferred Stock Dividend": NaN,
        "Preferred Stock Dividends": NaN,
        "Net Income": -26476000.0,
        "Net Income Including Noncontrolling Interests": -26476000.0,
        "Net Income Continuous Operations": -26476000.0,
        "Tax Provision": -6121000.0,
        "Pretax Income": -32597000.0,
        "Other Income Expense": -18615000.0,
        "Other Non Operating Income Expenses": -439000.0,
        "Special Income Charges": -18176000.0,
        "Gain On Sale Of Ppe": NaN,
        "Other Special Charges": NaN,
        "Write Off": 18176000.0,
        "Impairment Of Capital Assets": 18176000.0,
        "Net Non Operating Interest Income Expense": -7636000.0,
        "Interest Expense Non Operating": 7636000.0,
        "Operating Income": -6346000.0,
        "Operating Expense": 158801000.0,
        "Other Operating Expenses": 69032000.0,
        "Depreciation Amortization Depletion Income Statement": 20071000.0,
        "Depreciation And Amortization In Income Statement": 20071000.0,
        "Selling General And Administration": 69698000.0,
        "Selling And Marketing Expense": 17641000.0,
        "General And Administrative Expense": 52057000.0,
        "Other Gand A": 20827000.0,
        "Rent And Landing Fees": 31230000.0,
        "Salaries And Wages": NaN,
        "Gross Profit": 152455000.0,
        "Cost Of Revenue": 289490000.0,
        "Total Revenue": 441945000.0,
        "Operating Revenue": 441945000.0
    },
    "2022-03-31": {
        "Diluted EPS": -0.42,
        "Total Revenue": 399,
        "Gross Profit": 69,
        "Operating Income": -20,
        "EBIT": 0,
        "Net Income": -21
    },
    "2021-12-31": {
        "Diluted EPS": -0.33,
        "Total Revenue": 416,
        "Gross Profit": 47,
        "Operating Income": -10,
        "EBIT": 10,
        "Net Income": -16
    },
    "2021-09-30": {
        "Diluted EPS": -0.2,
        "Total Revenue": 422,
        "Gross Profit": 83,
        "Operating Income": -4,
        "EBIT": 17,
        "Net Income": -10
    },
    "2021-06-30": {
        "Diluted EPS": -0.19,
        "Total Revenue": 425,
        "Gross Profit": 130,
        "Operating Income": 6,
        "EBIT": 27,
        "Net Income": -10
    },
    "2021-03-31": {
        "Diluted EPS": -0.14,
        "Total Revenue": 390,
        "Gross Profit": 85,
        "Operating Income": -3,
        "EBIT": 18,
        "Net Income": -7
    },
    "2020-12-31": {
        "Diluted EPS": -0.33,
        "Total Revenue": 421,
        "Gross Profit": 98,
        "Operating Income": 2,
        "EBIT": 23,
        "Net Income": -17
    },
    "2020-09-30": {
        "Diluted EPS": 0.06,
        "Total Revenue": 407,
        "Gross Profit": 99,
        "Operating Income": 10,
        "EBIT": 31,
        "Net Income": 4
    },
    "2020-06-30": {
        "Diluted EPS": 0.13,
        "Total Revenue": 368,
        "Gross Profit": 98,
        "Operating Income": 14,
        "EBIT": 35,
        "Net Income": 6
    },
    "2020-03-31": {
        "Diluted EPS": -0.44,
        "Total Revenue": 352,
        "Gross Profit": 66,
        "Operating Income": -22,
        "EBIT": 0,
        "Net Income": -22
    },
    "2019-12-31": {
        "Diluted EPS": -0.18,
        "Total Revenue": 401,
        "Gross Profit": 87,
        "Operating Income": -5,
        "EBIT": 17,
        "Net Income": -10
    },
    "2019-09-30": {
        "Diluted EPS": -0.15,
        "Total Revenue": 402,
        "Gross Profit": 87,
        "Operating Income": -1,
        "EBIT": 21,
        "Net Income": -7
    },
    "2019-06-30": {
        "Diluted EPS": -0.09,
        "Total Revenue": 369,
        "Gross Profit": 82,
        "Operating Income": 2,
        "EBIT": 20,
        "Net Income": -4
    },
    "2019-03-31": {
        "Diluted EPS": -0.32,
        "Total Revenue": 291,
        "Gross Profit": 62,
        "Operating Income": -5,
        "EBIT": 10,
        "Net Income": -11
    },
    "2018-12-31": {
        "Diluted EPS": 0.06,
        "Total Revenue": 308,
        "Gross Profit": 73,
        "Operating Income": 7,
        "EBIT": 22,
        "Net Income": 1
    },
    "2018-09-30": {
        "Diluted EPS": 0.08,
        "Total Revenue": 297,
        "Gross Profit": 74,
        "Operating Income": 10,
        "EBIT": 24,
        "Net Income": 4
    },
    "2018-06-30": {
        "Diluted EPS": 0.17,
        "Total Revenue": 303,
        "Gross Profit": 80,
        "Operating Income": 14,
        "EBIT": 28,
        "Net Income": 6
    },
    "2018-03-31": {
        "Diluted EPS": -0.09,
        "Total Revenue": 272,
        "Gross Profit": 65,
        "Operating Income": 3,
        "EBIT": 17,
        "Net Income": -3
    },
    "2017-12-31": {
        "Diluted EPS": 0.13,
        "Total Revenue": 284,
        "Gross Profit": 72,
        "Operating Income": 10,
        "EBIT": 24,
        "Net Income": 4
    },
    "2017-09-30": {
        "Diluted EPS": 0.06,
        "Total Revenue": 285,
        "Gross Profit": 69,
        "Operating Income": 9,
        "EBIT": 22,
        "Net Income": 2
    },
    "2017-06-30": {
        "Diluted EPS": 0.13,
        "Total Revenue": 279,
        "Gross Profit": 71,
        "Operating Income": 12,
        "EBIT": 26,
        "Net Income": 5
    },
    "2017-03-31": {
        "Diluted EPS": -0.16,
        "Total Revenue": 240,
        "Gross Profit": 55,
        "Operating Income": -1,
        "EBIT": 12,
        "Net Income": -6
    },
    "2016-12-31": {
        "Diluted EPS": 0.65,
        "Total Revenue": 241,
        "Gross Profit": 61,
        "Operating Income": 6,
        "EBIT": 19,
        "Net Income": 23
    },
    "2016-09-30": {
        "Diluted EPS": 0.1,
        "Total Revenue": 239,
        "Gross Profit": 62,
        "Operating Income": 9,
        "EBIT": 21,
        "Net Income": 3
    },
    "2016-06-30": {
        "Diluted EPS": 0.21,
        "Total Revenue": 241,
        "Gross Profit": 68,
        "Operating Income": 14,
        "EBIT": 25,
        "Net Income": 7
    },
    "2016-03-31": {
        "Diluted EPS": 0.05,
        "Total Revenue": 223,
        "Gross Profit": 56,
        "Operating Income": 7,
        "EBIT": 17,
        "Net Income": 2
    },
    "2015-12-31": {
        "Diluted EPS": 0.25,
        "Total Revenue": 229,
        "Gross Profit": 60,
        "Operating Income": 12,
        "EBIT": 22,
        "Net Income": 9
    },
    "2015-09-30": {
        "Diluted EPS": 0.16,
        "Total Revenue": 218,
        "Gross Profit": 56,
        "Operating Income": 12,
        "EBIT": 20,
        "Net Income": 6
    },
    "2015-06-30": {
        "Diluted EPS": -0.14,
        "Total Revenue": 219,
        "Gross Profit": 58,
        "Operating Income": 12,
        "EBIT": 22,
        "Net Income": -5
    },
    "2015-03-31": {
        "Diluted EPS": -0.27,
        "Total Revenue": 193,
        "Gross Profit": 41,
        "Operating Income": -4,
        "EBIT": 5,
        "Net Income": -9
    },
    "2014-12-31": {
        "Diluted EPS": -0.8,
        "Total Revenue": 193,
        "Gross Profit": 41,
        "Operating Income": -3,
        "EBIT": 7,
        "Net Income": -27
    },
    "2014-09-30": {
        "Diluted EPS": -0.05,
        "Total Revenue": 180,
        "Gross Profit": 39,
        "Operating Income": 0,
        "EBIT": 9,
        "Net Income": -2
    },
    "2014-06-30": {
        "Diluted EPS": -0.06,
        "Total Revenue": 169,
        "Gross Profit": 39,
        "Operating Income": 2,
        "EBIT": 10,
        "Net Income": -2
    },
    "2014-03-31": {
        "Diluted EPS": -0.32,
        "Total Revenue": 151,
        "Gross Profit": 31,
        "Operating Income": -6,
        "EBIT": 2,
        "Net Income": -7
    },
    "2013-12-31": {
        "Diluted EPS": -0.09,
        "Total Revenue": 166,
        "Gross Profit": 39,
        "Operating Income": 1,
        "EBIT": 9,
        "Net Income": -2
    },
    "2013-09-30": {
        "Diluted EPS": -0.12,
        "Total Revenue": 168,
        "Gross Profit": 38,
        "Operating Income": 0,
        "EBIT": 9,
        "Net Income": -3
    },
    "2013-06-30": {
        "Diluted EPS": -0.15,
        "Total Revenue": 174,
        "Gross Profit": 39,
        "Operating Income": 0,
        "EBIT": 8,
        "Net Income": -3
    },
    "2013-03-31": {
        "Diluted EPS": -0.23,
        "Total Revenue": 156,
        "Gross Profit": 31,
        "Operating Income": -6,
        "EBIT": 2,
        "Net Income": -5
    },
    "2012-12-31": {
        "Diluted EPS": -0.39,
        "Total Revenue": 163,
        "Gross Profit": 30,
        "Operating Income": -10,
        "EBIT": -2,
        "Net Income": -9
    },
    "2012-09-30": {
        "Diluted EPS": -0.28,
        "Total Revenue": 169,
        "Gross Profit": 33,
        "Operating Income": -4,
        "EBIT": 3,
        "Net Income": -6
    },
    "2012-06-30": {
        "Diluted EPS": 0.0,
        "Total Revenue": 122,
        "Gross Profit": 28,
        "Operating Income": 1,
        "EBIT": 7,
        "Net Income": 0
    },
    "2012-03-31": {
        "Diluted EPS": -0.16,
        "Total Revenue": 85,
        "Gross Profit": 18,
        "Operating Income": -1,
        "EBIT": 3,
        "Net Income": -4
    },
    "2011-12-31": {
        "Diluted EPS": 0.0,
        "Total Revenue": 87,
        "Gross Profit": 20,
        "Operating Income": 0,
        "EBIT": 4,
        "Net Income": 0
    },
    "2011-09-30": {
        "Diluted EPS": 0.16,
        "Total Revenue": 91,
        "Gross Profit": 22,
        "Operating Income": 4,
        "EBIT": 8,
        "Net Income": 3
    },
    "2011-06-30": {
        "Diluted EPS": 0.25,
        "Total Revenue": 89,
        "Gross Profit": 21,
        "Operating Income": 3,
        "EBIT": 3,
        "Net Income": 6
    },
    "2011-03-31": {
        "Diluted EPS": 0.1,
        "Total Revenue": 197,
        "Gross Profit": 50,
        "Operating Income": 8,
        "EBIT": 15,
        "Net Income": 2
    },
    "2010-12-31": {
        "Diluted EPS": 0.12,
        "Total Revenue": 195,
        "Gross Profit": 52,
        "Operating Income": 8,
        "EBIT": -1,
        "Net Income": 3
    },
    "2010-09-30": {
        "Diluted EPS": 0.21,
        "Total Revenue": 202,
        "Gross Profit": 53,
        "Operating Income": 12,
        "EBIT": 20,
        "Net Income": 5
    },
    "2010-06-30": {
        "Diluted EPS": 0.11,
        "Total Revenue": 204,
        "Gross Profit": 53,
        "Operating Income": 8,
        "EBIT": 16,
        "Net Income": 2
    },
    "2010-03-31": {
        "Diluted EPS": 0.11,
        "Total Revenue": 195,
        "Gross Profit": 49,
        "Operating Income": 8,
        "EBIT": 16,
        "Net Income": 2
    },
    "2009-12-31": {
        "Diluted EPS": 0.19,
        "Total Revenue": 210,
        "Gross Profit": 56,
        "Operating Income": 11,
        "EBIT": 19,
        "Net Income": 4
    },
    "2009-09-30": {
        "Diluted EPS": 0.26,
        "Total Revenue": 201,
        "Gross Profit": 55,
        "Operating Income": 14,
        "EBIT": 21,
        "Net Income": 6
    },
    "2009-06-30": {
        "Diluted EPS": 0.32,
        "Total Revenue": 204,
        "Gross Profit": 56,
        "Operating Income": 16,
        "EBIT": 23,
        "Net Income": 7
    },
    "2009-03-31": {
        "Diluted EPS": 0.23,
        "Total Revenue": 201,
        "Gross Profit": 55,
        "Operating Income": 13,
        "EBIT": 20,
        "Net Income": 5
    },
    "2023-06-30": {
        "Tax Effect Of Unusual Items": -71782.748425,
        "Tax Rate For Calcs": 0.038822,
        "Normalized EBITDA": 43633000.0,
        "Total Unusual Items": -1849000.0,
        "Total Unusual Items Excluding Goodwill": -1849000.0,
        "Net Income From Continuing Operation Net Minority Interest": 14954000.0,
        "Reconciled Depreciation": 18559000.0,
        "Reconciled Cost Of Revenue": 397843000.0,
        "EBITDA": 41784000.0,
        "EBIT": 23225000.0,
        "Net Interest Income": -7667000.0,
        "Interest Expense": 7667000.0,
        "Normalized Income": 16731217.251575,
        "Net Income From Continuing And Discontinued Operation": 14954000.0,
        "Total Expenses": 460568000.0,
        "Rent Expense Supplemental": 32180000.0,
        "Total Operating Income As Reported": 23225000.0,
        "Diluted Average Shares": 62123941.0,
        "Basic Average Shares": 51535242.0,
        "Diluted EPS": 0.23,
        "Basic EPS": 0.23,
        "Diluted NI Availto Com Stockholders": 12106000.0,
        "Net Income Common Stockholders": 12106000.0,
        "Otherunder Preferred Stock Dividend": 636000.0,
        "Preferred Stock Dividends": 2212000.0,
        "Net Income": 14954000.0,
        "Net Income Including Noncontrolling Interests": 14954000.0,
        "Net Income Continuous Operations": 14954000.0,
        "Tax Provision": 604000.0,
        "Pretax Income": 15558000.0,
        "Other Income Expense": -1430000.0,
        "Other Non Operating Income Expenses": 419000.0,
        "Special Income Charges": -1849000.0,
        "Gain On Sale Of Ppe": 0.0,
        "Other Special Charges": -900000.0,
        "Write Off": NaN,
        "Impairment Of Capital Assets": 2749000.0,
        "Net Non Operating Interest Income Expense": -7667000.0,
        "Interest Expense Non Operating": 7667000.0,
        "Operating Income": 24655000.0,
        "Operating Expense": 62725000.0,
        "Other Operating Expenses": 73711000.0,
        "Depreciation Amortization Depletion Income Statement": 18559000.0,
        "Depreciation And Amortization In Income Statement": 18559000.0,
        "Selling General And Administration": 44166000.0,
        "Selling And Marketing Expense": 19578000.0,
        "General And Administrative Expense": 24588000.0,
        "Other Gand A": 23586000.0,
        "Rent And Landing Fees": 32180000.0,
        "Salaries And Wages": 1002000.0,
        "Gross Profit": 87380000.0,
        "Cost Of Revenue": 397843000.0,
        "Total Revenue": 485223000.0,
        "Operating Revenue": 485223000.0
    },
    "2023-09-30": {
        "Tax Effect Of Unusual Items": -1183084.789564,
        "Tax Rate For Calcs": 0.223603,
        "Normalized EBITDA": 47023000.0,
        "Total Unusual Items": -5291000.0,
        "Total Unusual Items Excluding Goodwill": -5291000.0,
        "Net Income From Continuing Operation Net Minority Interest": 12618000.0,
        "Reconciled Depreciation": 18291000.0,
        "Reconciled Cost Of Revenue": 390588000.0,
        "EBITDA": 41732000.0,
        "EBIT": 23441000.0,
        "Net Interest Income": -7189000.0,
        "Interest Expense": 7189000.0,
        "Normalized Income": 16725915.210436,
        "Net Income From Continuing And Discontinued Operation": 12618000.0,
        "Total Expenses": 454367000.0,
        "Rent Expense Supplemental": 32207000.0,
        "Total Operating Income As Reported": 23441000.0,
        "Diluted Average Shares": 62827875.0,
        "Basic Average Shares": 51560307.0,
        "Diluted EPS": 0.2,
        "Basic EPS": 0.2,
        "Diluted NI Availto Com Stockholders": 10081000.0,
        "Net Income Common Stockholders": 10081000.0,
        "Otherunder Preferred Stock Dividend": 696000.0,
        "Preferred Stock Dividends": 1841000.0,
        "Net Income": 12618000.0,
        "Net Income Including Noncontrolling Interests": 12618000.0,
        "Net Income Continuous Operations": 12618000.0,
        "Tax Provision": 3634000.0,
        "Pretax Income": 16252000.0,
        "Other Income Expense": -5291000.0,
        "Other Non Operating Income Expenses": NaN,
        "Special Income Charges": -5291000.0,
        "Gain On Sale Of Ppe": 600000.0,
        "Other Special Charges": 4300000.0,
        "Write Off": 1591000.0,
        "Impairment Of Capital Assets": NaN,
        "Net Non Operating Interest Income Expense": -7189000.0,
        "Interest Expense Non Operating": 7189000.0,
        "Operating Income": 21394000.0,
        "Operating Expense": 63779000.0,
        "Other Operating Expenses": 71047000.0,
        "Depreciation Amortization Depletion Income Statement": 18291000.0,
        "Depreciation And Amortization In Income Statement": 18291000.0,
        "Selling General And Administration": 45488000.0,
        "Selling And Marketing Expense": 19323000.0,
        "General And Administrative Expense": 26165000.0,
        "Other Gand A": 26165000.0,
        "Rent And Landing Fees": 32207000.0,
        "Salaries And Wages": NaN,
        "Gross Profit": 85173000.0,
        "Cost Of Revenue": 390588000.0,
        "Total Revenue": 475761000.0,
        "Operating Revenue": 475761000.0
    },
    "2023-12-31": {
        "Tax Effect Of Unusual Items": 996660.0,
        "Tax Rate For Calcs": 0.21,
        "Normalized EBITDA": 24323000.0,
        "Total Unusual Items": 4746000.0,
        "Total Unusual Items Excluding Goodwill": 4746000.0,
        "Net Income From Continuing Operation Net Minority Interest": 5360000.0,
        "Reconciled Depreciation": 18593000.0,
        "Reconciled Cost Of Revenue": 390949000.0,
        "EBITDA": 29069000.0,
        "EBIT": 10476000.0,
        "Net Interest Income": -6023000.0,
        "Interest Expense": 6023000.0,
        "Normalized Income": 1610660.0,
        "Net Income From Continuing And Discontinued Operation": 5360000.0,
        "Total Expenses": 452365000.0,
        "Rent Expense Supplemental": 32583000.0,
        "Total Operating Income As Reported": 9601000.0,
        "Diluted Average Shares": NaN,
        "Basic Average Shares": NaN,
        "Diluted EPS": NaN,
        "Basic EPS": NaN,
        "Diluted NI Availto Com Stockholders": 4284000.0,
        "Net Income Common Stockholders": 4284000.0,
        "Otherunder Preferred Stock Dividend": 294000.0,
        "Preferred Stock Dividends": 782000.0,
        "Net Income": 5360000.0,
        "Net Income Including Noncontrolling Interests": 5360000.0,
        "Net Income Continuous Operations": 5360000.0,
        "Tax Provision": -907000.0,
        "Pretax Income": 4453000.0,
        "Other Income Expense": 5546000.0,
        "Other Non Operating Income Expenses": NaN,
        "Special Income Charges": 4446000.0,
        "Gain On Sale Of Ppe": NaN,
        "Other Special Charges": -7375000.0,
        "Write Off": 1929000.0,
        "Impairment Of Capital Assets": NaN,
        "Net Non Operating Interest Income Expense": -6023000.0,
        "Interest Expense Non Operating": 6023000.0,
        "Operating Income": 17993000.0,
        "Operating Expense": 61416000.0,
        "Other Operating Expenses": NaN,
        "Depreciation Amortization Depletion Income Statement": 18593000.0,
        "Depreciation And Amortization In Income Statement": 18593000.0,
        "Selling General And Administration": 48881000.0,
        "Selling And Marketing Expense": 19444000.0,
        "General And Administrative Expense": 29437000.0,
        "Other Gand A": 23886000.0,
        "Rent And Landing Fees": NaN,
        "Salaries And Wages": NaN,
        "Gross Profit": 79409000.0,
        "Cost Of Revenue": 390949000.0,
        "Total Revenue": 470358000.0,
        "Operating Revenue": 470358000.0
    },
    "2024-03-31": {
        "Tax Effect Of Unusual Items": -542400.0,
        "Tax Rate For Calcs": 0.4,
        "Normalized EBITDA": 29935000.0,
        "Total Unusual Items": -1356000.0,
        "Total Unusual Items Excluding Goodwill": -1356000.0,
        "Net Income From Continuing Operation Net Minority Interest": 3664000.0,
        "Reconciled Depreciation": 18512000.0,
        "Reconciled Cost Of Revenue": 375013000.0,
        "EBITDA": 28579000.0,
        "EBIT": 10067000.0,
        "Net Interest Income": -6413000.0,
        "Interest Expense": 6413000.0,
        "Normalized Income": 4477600.0,
        "Net Income From Continuing And Discontinued Operation": 3664000.0,
        "Total Expenses": 442810000.0,
        "Rent Expense Supplemental": 32025000.0,
        "Total Operating Income As Reported": 10067000.0,
        "Diluted Average Shares": 64221877.0,
        "Basic Average Shares": 52325476.0,
        "Diluted EPS": 0.06,
        "Basic EPS": 0.06,
        "Diluted NI Availto Com Stockholders": 2942000.0,
        "Net Income Common Stockholders": 2942000.0,
        "Otherunder Preferred Stock Dividend": 193000.0,
        "Preferred Stock Dividends": 529000.0,
        "Net Income": 3664000.0,
        "Net Income Including Noncontrolling Interests": 3664000.0,
        "Net Income Continuous Operations": 3664000.0,
        "Tax Provision": -10000.0,
        "Pretax Income": 3654000.0,
        "Other Income Expense": 685000.0,
        "Other Non Operating Income Expenses": 2041000.0,
        "Special Income Charges": -1356000.0,
        "Gain On Sale Of Ppe": NaN,
        "Other Special Charges": NaN,
        "Write Off": 1356000.0,
        "Impairment Of Capital Assets": NaN,
        "Net Non Operating Interest Income Expense": -6413000.0,
        "Interest Expense Non Operating": 6413000.0,
        "Operating Income": 9382000.0,
        "Operating Expense": 67797000.0,
        "Other Operating Expenses": NaN,
        "Depreciation Amortization Depletion Income Statement": 18512000.0,
        "Depreciation And Amortization In Income Statement": 18512000.0,
        "Selling General And Administration": 49285000.0,
        "Selling And Marketing Expense": 18459000.0,
        "General And Administrative Expense": 30826000.0,
        "Other Gand A": 30826000.0,
        "Rent And Landing Fees": NaN,
        "Salaries And Wages": NaN,
        "Gross Profit": 77179000.0,
        "Cost Of Revenue": 375013000.0,
        "Total Revenue": 452192000.0,
        "Operating Revenue": 452192000.0
    }
}