{
    "2023-03-31": {
        "Tax Effect Of Unusual Items": NaN,
        "Tax Rate For Calcs": NaN,
        "Normalized EBITDA": NaN,
        "Total Unusual Items": 0.0,
        "Total Unusual Items Excluding Goodwill": 0.0,
        "Net Income From Continuing Operation Net Minority Interest": NaN,
        "Reconciled Depreciation": NaN,
        "Reconciled Cost Of Revenue": NaN,
        "EBITDA": NaN,
        "EBIT": NaN,
        "Net Interest Income": NaN,
        "Interest Expense": NaN,
        "Interest Income": NaN,
        "Normalized Income": NaN,
        "Net Income From Continuing And Discontinued Operation": NaN,
        "Total Expenses": NaN,
        "Total Operating Income As Reported": NaN,
        "Diluted Average Shares": NaN,
        "Basic Average Shares": NaN,
        "Diluted EPS": NaN,
        "Basic EPS": NaN,
        "Diluted NI Availto Com Stockholders": NaN,
        "Net Income Common Stockholders": NaN,
        "Net Income": NaN,
        "Net Income Including Noncontrolling Interests": NaN,
        "Net Income Discontinuous Operations": 0.0,
        "Net Income Continuous Operations": NaN,
        "Earnings From Equity Interest Net Of Tax": NaN,
        "Tax Provision": NaN,
        "Pretax Income": NaN,
        "Special Income Charges": 0.0,
        "Restructuring And Mergern Acquisition": 0.0,
        "Net Non Operating Interest Income Expense": NaN,
        "Total Other Finance Cost": 19000.0,
        "Interest Expense Non Operating": NaN,
        "Interest Income Non Operating": NaN,
        "Operating Income": NaN,
        "Operating Expense": NaN,
        "Other Operating Expenses": NaN,
        "Research And Development": NaN,
        "Selling General And Administration": NaN,
        "Selling And Marketing Expense": NaN,
        "General And Administrative Expense": NaN,
        "Other Gand A": NaN,
        "Gross Profit": NaN,
        "Cost Of Revenue": NaN,
        "Total Revenue": NaN,
        "Operating Revenue": NaN
    },
    "2022-12-31": {
        "Tax Effect Of Unusual Items": NaN,
        "Tax Rate For Calcs": NaN,
        "Normalized EBITDA": NaN,
        "Total Unusual Items": -42000.0,
        "Total Unusual Items Excluding Goodwill": -42000.0,
        "Net Income From Continuing Operation Net Minority Interest": NaN,
        "Reconciled Depreciation": NaN,
        "Reconciled Cost Of Revenue": NaN,
        "EBITDA": NaN,
        "EBIT": NaN,
        "Net Interest Income": NaN,
        "Interest Expense": NaN,
        "Interest Income": 382000.0,
        "Normalized Income": NaN,
        "Net Income From Continuing And Discontinued Operation": NaN,
        "Total Expenses": NaN,
        "Total Operating Income As Reported": NaN,
        "Diluted Average Shares": NaN,
        "Basic Average Shares": NaN,
        "Diluted EPS": NaN,
        "Basic EPS": NaN,
        "Diluted NI Availto Com Stockholders": NaN,
        "Net Income Common Stockholders": NaN,
        "Net Income": NaN,
        "Net Income Including Noncontrolling Interests": NaN,
        "Net Income Discontinuous Operations": 0.0,
        "Net Income Continuous Operations": NaN,
        "Earnings From Equity Interest Net Of Tax": NaN,
        "Tax Provision": NaN,
        "Pretax Income": NaN,
        "Other Income Expense": -42000.0,
        "Special Income Charges": -42000.0,
        "Restructuring And Mergern Acquisition": 42000.0,
        "Net Non Operating Interest Income Expense": NaN,
        "Total Other Finance Cost": -382000.0,
        "Interest Expense Non Operating": NaN,
        "Interest Income Non Operating": 382000.0,
        "Operating Income": NaN,
        "Operating Expense": NaN,
        "Other Operating Expenses": NaN,
        "Research And Development": NaN,
        "Selling General And Administration": NaN,
        "Selling And Marketing Expense": NaN,
        "General And Administrative Expense": NaN,
        "Other Gand A": NaN,
        "Gross Profit": NaN,
        "Cost Of Revenue": NaN,
        "Total Revenue": NaN,
        "Operating Revenue": NaN
    },
    "2022-09-30": {
        "Tax Effect Of Unusual Items": NaN,
        "Tax Rate For Calcs": NaN,
        "Normalized EBITDA": NaN,
        "Total Unusual Items": NaN,
        "Total Unusual Items Excluding Goodwill": NaN,
        "Net Income From Continuing Operation Net Minority Interest": NaN,
        "Reconciled Depreciation": NaN,
        "Reconciled Cost Of Revenue": NaN,
        "EBITDA": NaN,
        "EBIT": NaN,
        "Net Interest Income": NaN,
        "Interest Expense": NaN,
        "Interest Income": 356000.0,
        "Normalized Income": NaN,
        "Net Income From Continuing And Discontinued Operation": NaN,
        "Total Expenses": NaN,
        "Total Operating Income As Reported": NaN,
        "Diluted Average Shares": 9134476.0,
        "Basic Average Shares": 8929332.0,
        "Diluted EPS": -0.04,
        "Basic EPS": -0.04,
        "Diluted NI Availto Com Stockholders": NaN,
        "Net Income Common Stockholders": NaN,
        "Net Income": NaN,
        "Net Income Including Noncontrolling Interests": NaN,
        "Net Income Discontinuous Operations": 0.0,
        "Net Income Continuous Operations": NaN,
        "Earnings From Equity Interest Net Of Tax": NaN,
        "Tax Provision": NaN,
        "Pretax Income": NaN,
        "Other Income Expense": 30000.0,
        "Special Income Charges": NaN,
        "Restructuring And Mergern Acquisition": NaN,
        "Net Non Operating Interest Income Expense": NaN,
        "Total Other Finance Cost": NaN,
        "Interest Expense Non Operating": NaN,
        "Interest Income Non Operating": 356000.0,
        "Operating Income": NaN,
        "Operating Expense": NaN,
        "Other Operating Expenses": NaN,
        "Research And Development": NaN,
        "Selling General And Administration": NaN,
        "Selling And Marketing Expense": NaN,
        "General And Administrative Expense": NaN,
        "Other Gand A": NaN,
        "Gross Profit": NaN,
        "Cost Of Revenue": NaN,
        "Total Revenue": NaN,
        "Operating Revenue": NaN
    },
    "2022-06-30": {
        "Tax Effect Of Unusual Items": -310000.0,
        "Tax Rate For Calcs": 0.4,
        "Normalized EBITDA": 1551000.0,
        "Total Unusual Items": -775000.0,
        "Total Unusual Items Excluding Goodwill": -775000.0,
        "Net Income From Continuing Operation Net Minority Interest": -132000.0,
        "Reconciled Depreciation": 926000.0,
        "Reconciled Cost Of Revenue": 16743000.0,
        "EBITDA": 776000.0,
        "EBIT": -150000.0,
        "Net Interest Income": 508000.0,
        "Interest Expense": NaN,
        "Normalized Income": 333000.0,
        "Net Income From Continuing And Discontinued Operation": -132000.0,
        "Total Expenses": 20925000.0,
        "Total Operating Income As Reported": -925000.0,
        "Diluted Average Shares": 8886546.0,
        "Basic Average Shares": 8886546.0,
        "Diluted EPS": -0.01,
        "Basic EPS": -0.01,
        "Diluted NI Availto Com Stockholders": -132000.0,
        "Net Income Common Stockholders": -132000.0,
        "Net Income": -132000.0,
        "Net Income Including Noncontrolling Interests": -132000.0,
        "Net Income Discontinuous Operations": 0.0,
        "Net Income Continuous Operations": -132000.0,
        "Earnings From Equity Interest Net Of Tax": 115000.0,
        "Tax Provision": -170000.0,
        "Pretax Income": -417000.0,
        "Other Income Expense": -775000.0,
        "Special Income Charges": -775000.0,
        "Restructuring And Mergern Acquisition": 775000.0,
        "Net Non Operating Interest Income Expense": 508000.0,
        "Total Other Finance Cost": -508000.0,
        "Interest Expense Non Operating": NaN,
        "Operating Income": -150000.0,
        "Operating Expense": 4182000.0,
        "Other Operating Expenses": -9000.0,
        "Research And Development": 180000.0,
        "Selling General And Administration": 4011000.0,
        "Selling And Marketing Expense": 1517000.0,
        "General And Administrative Expense": 2494000.0,
        "Other Gand A": 2494000.0,
        "Gross Profit": 4032000.0,
        "Cost Of Revenue": 16743000.0,
        "Total Revenue": 20775000.0,
        "Operating Revenue": 20775000.0
    },
    "2022-03-31": {
        "Diluted EPS": -0.17,
        "Total Revenue": 20,
        "Gross Profit": 3,
        "Operating Income": -1,
        "EBIT": -1,
        "Net Income": -2
    },
    "2021-12-31": {
        "Diluted EPS": -0.08,
        "Total Revenue": 20,
        "Gross Profit": 2,
        "Operating Income": -1,
        "EBIT": 1,
        "Net Income": -1
    },
    "2021-09-30": {
        "Diluted EPS": -0.11,
        "Total Revenue": 18,
        "Gross Profit": 3,
        "Operating Income": -1,
        "EBIT": 1,
        "Net Income": -1
    },
    "2021-06-30": {
        "Diluted EPS": -0.28,
        "Total Revenue": 22,
        "Gross Profit": 3,
        "Operating Income": -3,
        "EBIT": -2,
        "Net Income": -2
    },
    "2021-03-31": {
        "Diluted EPS": 0.07,
        "Total Revenue": 18,
        "Gross Profit": 3,
        "Operating Income": 0,
        "EBIT": 1,
        "Net Income": 1
    },
    "2020-12-31": {
        "Diluted EPS": -0.23,
        "Total Revenue": 17,
        "Gross Profit": 1,
        "Operating Income": -3,
        "EBIT": -2,
        "Net Income": -2
    },
    "2020-09-30": {
        "Diluted EPS": -0.16,
        "Total Revenue": 17,
        "Gross Profit": 1,
        "Operating Income": -1,
        "EBIT": 0,
        "Net Income": -2
    },
    "2020-06-30": {
        "Diluted EPS": -0.26,
        "Total Revenue": 17,
        "Gross Profit": 2,
        "Operating Income": -1,
        "EBIT": 0,
        "Net Income": -2
    },
    "2020-03-31": {
        "Diluted EPS": 0.05,
        "Total Revenue": 25,
        "Gross Profit": 5,
        "Operating Income": 1,
        "EBIT": 2,
        "Net Income": 0
    },
    "2019-12-31": {
        "Diluted EPS": 0.05,
        "Total Revenue": 24,
        "Gross Profit": 4,
        "Operating Income": 1,
        "EBIT": 2,
        "Net Income": 0
    },
    "2019-09-30": {
        "Diluted EPS": 0.02,
        "Total Revenue": 25,
        "Gross Profit": 4,
        "Operating Income": 1,
        "EBIT": 2,
        "Net Income": 0
    },
    "2019-06-30": {
        "Diluted EPS": 0.02,
        "Total Revenue": 25,
        "Gross Profit": 4,
        "Operating Income": 1,
        "EBIT": 2,
        "Net Income": 0
    },
    "2019-03-31": {
        "Diluted EPS": 0.01,
        "Total Revenue": 23,
        "Gross Profit": 3,
        "Operating Income": 0,
        "EBIT": 1,
        "Net Income": 0
    },
    "2018-12-31": {
        "Diluted EPS": -0.2,
        "Total Revenue": 21,
        "Gross Profit": 0,
        "Operating Income": -3,
        "EBIT": 0,
        "Net Income": -2
    },
    "2018-09-30": {
        "Diluted EPS": -0.06,
        "Total Revenue": 23,
        "Gross Profit": 3,
        "Operating Income": 0,
        "EBIT": -2,
        "Net Income": -1
    },
    "2018-06-30": {
        "Diluted EPS": -0.16,
        "Total Revenue": 25,
        "Gross Profit": 3,
        "Operating Income": -1,
        "EBIT": 0,
        "Net Income": -1
    },
    "2018-03-31": {
        "Diluted EPS": -0.08,
        "Total Revenue": 24,
        "Gross Profit": 3,
        "Operating Income": -1,
        "EBIT": 0,
        "Net Income": -1
    },
    "2017-12-31": {
        "Diluted EPS": -0.04,
        "Total Revenue": 26,
        "Gross Profit": 5,
        "Operating Income": 1,
        "EBIT": 2,
        "Net Income": 0
    },
    "2017-09-30": {
        "Diluted EPS": 0.1,
        "Total Revenue": 27,
        "Gross Profit": 5,
        "Operating Income": 1,
        "EBIT": 2,
        "Net Income": 1
    },
    "2017-06-30": {
        "Diluted EPS": 0.07,
        "Total Revenue": 27,
        "Gross Profit": 5,
        "Operating Income": 1,
        "EBIT": 2,
        "Net Income": 1
    },
    "2017-03-31": {
        "Diluted EPS": 0.14,
        "Total Revenue": 27,
        "Gross Profit": 6,
        "Operating Income": 2,
        "EBIT": 3,
        "Net Income": 1
    },
    "2016-12-31": {
        "Diluted EPS": 0.18,
        "Total Revenue": 25,
        "Gross Profit": 6,
        "Operating Income": 2,
        "EBIT": 3,
        "Net Income": 2
    },
    "2016-09-30": {
        "Diluted EPS": 0.1,
        "Total Revenue": 24,
        "Gross Profit": 5,
        "Operating Income": 1,
        "EBIT": 2,
        "Net Income": 1
    },
    "2016-06-30": {
        "Diluted EPS": -0.28,
        "Total Revenue": 24,
        "Gross Profit": 4,
        "Operating Income": 0,
        "EBIT": 1,
        "Net Income": -2
    },
    "2016-03-31": {
        "Diluted EPS": 0.01,
        "Total Revenue": 24,
        "Gross Profit": 4,
        "Operating Income": 0,
        "EBIT": 1,
        "Net Income": 0
    },
    "2015-12-31": {
        "Diluted EPS": 0.34,
        "Total Revenue": 22,
        "Gross Profit": 2,
        "Operating Income": 3,
        "EBIT": 4,
        "Net Income": 3
    },
    "2015-09-30": {
        "Diluted EPS": 0.02,
        "Total Revenue": 22,
        "Gross Profit": 3,
        "Operating Income": 0,
        "EBIT": 1,
        "Net Income": 0
    },
    "2015-06-30": {
        "Diluted EPS": 0.08,
        "Total Revenue": 21,
        "Gross Profit": 4,
        "Operating Income": 1,
        "EBIT": 2,
        "Net Income": 1
    },
    "2015-03-31": {
        "Diluted EPS": 0.22,
        "Total Revenue": 20,
        "Gross Profit": 4,
        "Operating Income": 1,
        "EBIT": 2,
        "Net Income": 2
    },
    "2014-12-31": {
        "Diluted EPS": 0.12,
        "Total Revenue": 21,
        "Gross Profit": 4,
        "Operating Income": 2,
        "EBIT": 4,
        "Net Income": 1
    },
    "2014-09-30": {
        "Diluted EPS": -0.05,
        "Total Revenue": 20,
        "Gross Profit": 4,
        "Operating Income": 1,
        "EBIT": 1,
        "Net Income": 0
    },
    "2014-06-30": {
        "Diluted EPS": 0.04,
        "Total Revenue": 21,
        "Gross Profit": 4,
        "Operating Income": 1,
        "EBIT": 1,
        "Net Income": 0
    },
    "2014-03-31": {
        "Diluted EPS": 0.05,
        "Total Revenue": 18,
        "Gross Profit": 4,
        "Operating Income": 0,
        "EBIT": 0,
        "Net Income": 0
    },
    "2013-12-31": {
        "Diluted EPS": -0.08,
        "Total Revenue": 15,
        "Gross Profit": 3,
        "Operating Income": 2,
        "EBIT": 2,
        "Net Income": 0
    },
    "2013-09-30": {
        "Diluted EPS": 0.09,
        "Total Revenue": 21,
        "Gross Profit": 5,
        "Operating Income": 1,
        "EBIT": 1,
        "Net Income": 1
    },
    "2013-06-30": {
        "Diluted EPS": 0.12,
        "Total Revenue": 22,
        "Gross Profit": 5,
        "Operating Income": 1,
        "EBIT": 1,
        "Net Income": 1
    },
    "2013-03-31": {
        "Diluted EPS": 0.19,
        "Total Revenue": 22,
        "Gross Profit": 5,
        "Operating Income": 1,
        "EBIT": 1,
        "Net Income": 2
    },
    "2012-12-31": {
        "Diluted EPS": 0.04,
        "Total Revenue": 23,
        "Gross Profit": 6,
        "Operating Income": 1,
        "EBIT": 1,
        "Net Income": 0
    },
    "2012-09-30": {
        "Diluted EPS": 0.2,
        "Total Revenue": 22,
        "Gross Profit": 6,
        "Operating Income": 2,
        "EBIT": 2,
        "Net Income": 2
    },
    "2012-06-30": {
        "Diluted EPS": -0.48,
        "Total Revenue": 22,
        "Gross Profit": 6,
        "Operating Income": 2,
        "EBIT": 2,
        "Net Income": -4
    },
    "2012-03-31": {
        "Diluted EPS": 0.06,
        "Total Revenue": 21,
        "Gross Profit": 5,
        "Operating Income": 1,
        "EBIT": 1,
        "Net Income": 1
    },
    "2011-12-31": {
        "Diluted EPS": 0.01,
        "Total Revenue": 23,
        "Gross Profit": 5,
        "Operating Income": 1,
        "EBIT": 1,
        "Net Income": 0
    },
    "2011-09-30": {
        "Diluted EPS": -0.37,
        "Total Revenue": 21,
        "Gross Profit": -1,
        "Operating Income": -5,
        "EBIT": -5,
        "Net Income": -3
    },
    "2011-06-30": {
        "Diluted EPS": 0.07,
        "Total Revenue": 20,
        "Gross Profit": 4,
        "Operating Income": 0,
        "EBIT": 0,
        "Net Income": 1
    },
    "2011-03-31": {
        "Diluted EPS": 0.17,
        "Total Revenue": 21,
        "Gross Profit": 6,
        "Operating Income": 2,
        "EBIT": 2,
        "Net Income": 2
    },
    "2010-12-31": {
        "Diluted EPS": -0.32,
        "Total Revenue": 24,
        "Gross Profit": 7,
        "Operating Income": 1,
        "EBIT": 1,
        "Net Income": -3
    },
    "2010-09-30": {
        "Diluted EPS": -0.58,
        "Total Revenue": 19,
        "Gross Profit": 0,
        "Operating Income": -4,
        "EBIT": -4,
        "Net Income": -5
    },
    "2010-06-30": {
        "Diluted EPS": 0.01,
        "Total Revenue": 19,
        "Gross Profit": 4,
        "Operating Income": 0,
        "EBIT": 0,
        "Net Income": 0
    },
    "2010-03-31": {
        "Diluted EPS": 0.08,
        "Total Revenue": 18,
        "Gross Profit": 4,
        "Operating Income": 1,
        "EBIT": 1,
        "Net Income": 1
    },
    "2009-12-31": {
        "Diluted EPS": -0.12,
        "Total Revenue": 18,
        "Gross Profit": 2,
        "Operating Income": -1,
        "EBIT": -1,
        "Net Income": -1
    },
    "2009-09-30": {
        "Diluted EPS": 0.13,
        "Total Revenue": 19,
        "Gross Profit": 4,
        "Operating Income": 0,
        "EBIT": 0,
        "Net Income": 1
    },
    "2009-06-30": {
        "Diluted EPS": 0.08,
        "Total Revenue": 21,
        "Gross Profit": 4,
        "Operating Income": 0,
        "EBIT": 0,
        "Net Income": 1
    },
    "2009-03-31": {
        "Diluted EPS": 0.16,
        "Total Revenue": 26,
        "Gross Profit": 7,
        "Operating Income": 3,
        "EBIT": 3,
        "Net Income": 1
    },
    "2023-06-30": {
        "Tax Effect Of Unusual Items": NaN,
        "Tax Rate For Calcs": NaN,
        "Normalized EBITDA": NaN,
        "Total Unusual Items": 0.0,
        "Total Unusual Items Excluding Goodwill": 0.0,
        "Net Income From Continuing Operation Net Minority Interest": NaN,
        "Reconciled Depreciation": NaN,
        "Reconciled Cost Of Revenue": NaN,
        "EBITDA": NaN,
        "EBIT": NaN,
        "Net Interest Income": NaN,
        "Interest Expense": NaN,
        "Interest Income": 167000.0,
        "Normalized Income": NaN,
        "Net Income From Continuing And Discontinued Operation": NaN,
        "Total Expenses": NaN,
        "Total Operating Income As Reported": NaN,
        "Diluted Average Shares": 9052163.0,
        "Basic Average Shares": 8942423.0,
        "Diluted EPS": 0.15,
        "Basic EPS": 0.16,
        "Diluted NI Availto Com Stockholders": NaN,
        "Net Income Common Stockholders": NaN,
        "Net Income": NaN,
        "Net Income Including Noncontrolling Interests": NaN,
        "Net Income Continuous Operations": NaN,
        "Earnings From Equity Interest Net Of Tax": NaN,
        "Tax Provision": NaN,
        "Pretax Income": NaN,
        "Special Income Charges": 0.0,
        "Restructuring And Mergern Acquisition": 0.0,
        "Net Non Operating Interest Income Expense": NaN,
        "Total Other Finance Cost": -167000.0,
        "Interest Expense Non Operating": NaN,
        "Interest Income Non Operating": 167000.0,
        "Operating Income": NaN,
        "Operating Expense": NaN,
        "Other Operating Expenses": NaN,
        "Research And Development": NaN,
        "Selling General And Administration": NaN,
        "Selling And Marketing Expense": NaN,
        "General And Administrative Expense": NaN,
        "Other Gand A": NaN,
        "Gross Profit": NaN,
        "Cost Of Revenue": NaN,
        "Total Revenue": NaN,
        "Operating Revenue": NaN
    },
    "2023-09-30": {
        "Tax Effect Of Unusual Items": NaN,
        "Tax Rate For Calcs": NaN,
        "Normalized EBITDA": NaN,
        "Total Unusual Items": 0.0,
        "Total Unusual Items Excluding Goodwill": 0.0,
        "Net Income From Continuing Operation Net Minority Interest": NaN,
        "Reconciled Depreciation": NaN,
        "Reconciled Cost Of Revenue": NaN,
        "EBITDA": NaN,
        "EBIT": NaN,
        "Net Interest Income": NaN,
        "Interest Expense": NaN,
        "Interest Income": 283000.0,
        "Normalized Income": NaN,
        "Net Income From Continuing And Discontinued Operation": NaN,
        "Total Expenses": NaN,
        "Total Operating Income As Reported": NaN,
        "Diluted Average Shares": 9134476.0,
        "Basic Average Shares": 8929332.0,
        "Diluted EPS": 0.24,
        "Basic EPS": 0.24,
        "Diluted NI Availto Com Stockholders": NaN,
        "Net Income Common Stockholders": NaN,
        "Net Income": NaN,
        "Net Income Including Noncontrolling Interests": NaN,
        "Net Income Continuous Operations": NaN,
        "Earnings From Equity Interest Net Of Tax": NaN,
        "Tax Provision": NaN,
        "Pretax Income": NaN,
        "Special Income Charges": 0.0,
        "Restructuring And Mergern Acquisition": 0.0,
        "Net Non Operating Interest Income Expense": NaN,
        "Total Other Finance Cost": -283000.0,
        "Interest Expense Non Operating": NaN,
        "Interest Income Non Operating": 283000.0,
        "Operating Income": NaN,
        "Operating Expense": NaN,
        "Other Operating Expenses": -37000.0,
        "Research And Development": NaN,
        "Selling General And Administration": NaN,
        "Selling And Marketing Expense": NaN,
        "General And Administrative Expense": NaN,
        "Other Gand A": NaN,
        "Gross Profit": NaN,
        "Cost Of Revenue": NaN,
        "Total Revenue": NaN,
        "Operating Revenue": NaN
    },
    "2023-12-31": {
        "Tax Effect Of Unusual Items": NaN,
        "Tax Rate For Calcs": NaN,
        "Normalized EBITDA": NaN,
        "Total Unusual Items": 0.0,
        "Total Unusual Items Excluding Goodwill": 0.0,
        "Net Income From Continuing Operation Net Minority Interest": NaN,
        "Reconciled Depreciation": NaN,
        "Reconciled Cost Of Revenue": NaN,
        "EBITDA": NaN,
        "EBIT": NaN,
        "Net Interest Income": NaN,
        "Interest Expense": NaN,
        "Interest Income": -80000.0,
        "Normalized Income": NaN,
        "Net Income From Continuing And Discontinued Operation": NaN,
        "Total Expenses": NaN,
        "Total Operating Income As Reported": NaN,
        "Diluted Average Shares": NaN,
        "Basic Average Shares": NaN,
        "Diluted EPS": NaN,
        "Basic EPS": NaN,
        "Diluted NI Availto Com Stockholders": NaN,
        "Net Income Common Stockholders": NaN,
        "Net Income": NaN,
        "Net Income Including Noncontrolling Interests": NaN,
        "Net Income Continuous Operations": NaN,
        "Earnings From Equity Interest Net Of Tax": NaN,
        "Tax Provision": NaN,
        "Pretax Income": NaN,
        "Special Income Charges": 0.0,
        "Restructuring And Mergern Acquisition": 0.0,
        "Net Non Operating Interest Income Expense": NaN,
        "Total Other Finance Cost": NaN,
        "Interest Expense Non Operating": NaN,
        "Interest Income Non Operating": -80000.0,
        "Operating Income": NaN,
        "Operating Expense": NaN,
        "Other Operating Expenses": 45000.0,
        "Research And Development": NaN,
        "Selling General And Administration": NaN,
        "Selling And Marketing Expense": NaN,
        "General And Administrative Expense": NaN,
        "Other Gand A": NaN,
        "Gross Profit": NaN,
        "Cost Of Revenue": NaN,
        "Total Revenue": NaN,
        "Operating Revenue": NaN
    },
    "2024-03-31": {
        "Tax Effect Of Unusual Items": NaN,
        "Tax Rate For Calcs": NaN,
        "Normalized EBITDA": NaN,
        "Net Income From Continuing Operation Net Minority Interest": NaN,
        "Reconciled Depreciation": NaN,
        "Reconciled Cost Of Revenue": NaN,
        "EBITDA": NaN,
        "EBIT": NaN,
        "Net Interest Income": NaN,
        "Interest Expense": NaN,
        "Interest Income": NaN,
        "Normalized Income": NaN,
        "Net Income From Continuing And Discontinued Operation": NaN,
        "Total Expenses": NaN,
        "Total Operating Income As Reported": NaN,
        "Diluted Average Shares": NaN,
        "Basic Average Shares": NaN,
        "Diluted EPS": NaN,
        "Basic EPS": NaN,
        "Diluted NI Availto Com Stockholders": NaN,
        "Net Income Common Stockholders": NaN,
        "Net Income": NaN,
        "Net Income Including Noncontrolling Interests": NaN,
        "Net Income Continuous Operations": NaN,
        "Earnings From Equity Interest Net Of Tax": NaN,
        "Tax Provision": NaN,
        "Pretax Income": NaN,
        "Net Non Operating Interest Income Expense": NaN,
        "Total Other Finance Cost": 106000.0,
        "Interest Expense Non Operating": NaN,
        "Interest Income Non Operating": NaN,
        "Operating Income": NaN,
        "Operating Expense": NaN,
        "Other Operating Expenses": -388000.0,
        "Research And Development": NaN,
        "Selling General And Administration": NaN,
        "Selling And Marketing Expense": NaN,
        "General And Administrative Expense": NaN,
        "Other Gand A": NaN,
        "Gross Profit": NaN,
        "Cost Of Revenue": NaN,
        "Total Revenue": NaN,
        "Operating Revenue": NaN
    },
    "2024-06-30": {
        "Tax Effect Of Unusual Items": NaN,
        "Tax Rate For Calcs": NaN,
        "Normalized EBITDA": NaN,
        "Net Income From Continuing Operation Net Minority Interest": NaN,
        "Reconciled Depreciation": NaN,
        "Reconciled Cost Of Revenue": NaN,
        "EBITDA": NaN,
        "EBIT": NaN,
        "Net Interest Income": NaN,
        "Interest Expense": NaN,
        "Interest Income": 106000.0,
        "Normalized Income": NaN,
        "Net Income From Continuing And Discontinued Operation": NaN,
        "Total Expenses": NaN,
        "Total Operating Income As Reported": NaN,
        "Diluted Average Shares": 10561420.0,
        "Basic Average Shares": 10394654.0,
        "Diluted EPS": 0.25,
        "Basic EPS": 0.26,
        "Diluted NI Availto Com Stockholders": NaN,
        "Net Income Common Stockholders": NaN,
        "Net Income": NaN,
        "Net Income Including Noncontrolling Interests": NaN,
        "Net Income Continuous Operations": NaN,
        "Earnings From Equity Interest Net Of Tax": NaN,
        "Tax Provision": NaN,
        "Pretax Income": NaN,
        "Net Non Operating Interest Income Expense": NaN,
        "Total Other Finance Cost": -106000.0,
        "Interest Expense Non Operating": NaN,
        "Interest Income Non Operating": 106000.0,
        "Operating Income": NaN,
        "Operating Expense": NaN,
        "Other Operating Expenses": -2000.0,
        "Research And Development": NaN,
        "Selling General And Administration": NaN,
        "Selling And Marketing Expense": NaN,
        "General And Administrative Expense": NaN,
        "Other Gand A": NaN,
        "Gross Profit": NaN,
        "Cost Of Revenue": NaN,
        "Total Revenue": NaN,
        "Operating Revenue": NaN
    },
    "2024-09-30": {
        "Tax Effect Of Unusual Items": 0.0,
        "Tax Rate For Calcs": 0.01,
        "Normalized EBITDA": 4645000.0,
        "Net Income From Continuing Operation Net Minority Interest": 2865000.0,
        "Reconciled Depreciation": 1514000.0,
        "Reconciled Cost Of Revenue": 31978000.0,
        "EBITDA": 4645000.0,
        "EBIT": 3131000.0,
        "Net Interest Income": -735000.0,
        "Interest Expense": 420000.0,
        "Interest Income": NaN,
        "Normalized Income": 2865000.0,
        "Net Income From Continuing And Discontinued Operation": 2865000.0,
        "Total Expenses": 37013000.0,
        "Total Operating Income As Reported": 3446000.0,
        "Diluted Average Shares": 10829749.0,
        "Basic Average Shares": 10609867.0,
        "Diluted EPS": 0.26,
        "Basic EPS": 0.27,
        "Diluted NI Availto Com Stockholders": 2865000.0,
        "Net Income Common Stockholders": 2865000.0,
        "Net Income": 2865000.0,
        "Net Income Including Noncontrolling Interests": 2865000.0,
        "Net Income Continuous Operations": 2865000.0,
        "Earnings From Equity Interest Net Of Tax": 169000.0,
        "Tax Provision": 15000.0,
        "Pretax Income": 2711000.0,
        "Net Non Operating Interest Income Expense": -735000.0,
        "Total Other Finance Cost": 315000.0,
        "Interest Expense Non Operating": 420000.0,
        "Interest Income Non Operating": NaN,
        "Operating Income": 3446000.0,
        "Operating Expense": 5035000.0,
        "Other Operating Expenses": NaN,
        "Research And Development": 326000.0,
        "Selling General And Administration": 4709000.0,
        "Selling And Marketing Expense": 1994000.0,
        "General And Administrative Expense": 2715000.0,
        "Other Gand A": 2715000.0,
        "Gross Profit": 8481000.0,
        "Cost Of Revenue": 31978000.0,
        "Total Revenue": 40459000.0,
        "Operating Revenue": 40459000.0
    },
    "2024-12-31": {
        "Tax Effect Of Unusual Items": 0.0,
        "Tax Rate For Calcs": 0.079048,
        "Normalized EBITDA": 4773000.0,
        "Net Income From Continuing Operation Net Minority Interest": 3575000.0,
        "Reconciled Depreciation": 1136000.0,
        "Reconciled Cost Of Revenue": 31561000.0,
        "EBITDA": 4773000.0,
        "EBIT": 3637000.0,
        "Net Interest Income": -458000.0,
        "Interest Expense": -19000.0,
        "Interest Income": NaN,
        "Normalized Income": 3575000.0,
        "Net Income From Continuing And Discontinued Operation": 3575000.0,
        "Total Expenses": 36930000.0,
        "Total Operating Income As Reported": 4114000.0,
        "Diluted Average Shares": NaN,
        "Basic Average Shares": NaN,
        "Diluted EPS": NaN,
        "Basic EPS": NaN,
        "Diluted NI Availto Com Stockholders": 3575000.0,
        "Net Income Common Stockholders": 3575000.0,
        "Net Income": 3575000.0,
        "Net Income Including Noncontrolling Interests": 3575000.0,
        "Net Income Continuous Operations": 3575000.0,
        "Earnings From Equity Interest Net Of Tax": 208000.0,
        "Tax Provision": 289000.0,
        "Pretax Income": 3656000.0,
        "Net Non Operating Interest Income Expense": -458000.0,
        "Total Other Finance Cost": NaN,
        "Interest Expense Non Operating": -19000.0,
        "Interest Income Non Operating": NaN,
        "Operating Income": 4114000.0,
        "Operating Expense": 5369000.0,
        "Other Operating Expenses": 7000.0,
        "Research And Development": 302000.0,
        "Selling General And Administration": 5060000.0,
        "Selling And Marketing Expense": 2099000.0,
        "General And Administrative Expense": 2961000.0,
        "Other Gand A": 2961000.0,
        "Gross Profit": 9483000.0,
        "Cost Of Revenue": 31561000.0,
        "Total Revenue": 41044000.0,
        "Operating Revenue": 41044000.0
    },
    "2025-03-31": {
        "Tax Effect Of Unusual Items": 0.0,
        "Tax Rate For Calcs": 0.143969,
        "Normalized EBITDA": 5752000.0,
        "Net Income From Continuing Operation Net Minority Interest": 3813000.0,
        "Reconciled Depreciation": 1305000.0,
        "Reconciled Cost Of Revenue": 32188000.0,
        "EBITDA": 5752000.0,
        "EBIT": 4447000.0,
        "Net Interest Income": -58000.0,
        "Interest Expense": 335000.0,
        "Interest Income": NaN,
        "Normalized Income": 3813000.0,
        "Net Income From Continuing And Discontinued Operation": 3813000.0,
        "Total Expenses": 37972000.0,
        "Total Operating Income As Reported": 4170000.0,
        "Diluted Average Shares": 11211271.0,
        "Basic Average Shares": 10940358.0,
        "Diluted EPS": 0.34,
        "Basic EPS": 0.35,
        "Diluted NI Availto Com Stockholders": 3813000.0,
        "Net Income Common Stockholders": 3813000.0,
        "Net Income": 3813000.0,
        "Net Income Including Noncontrolling Interests": 3813000.0,
        "Net Income Continuous Operations": 3813000.0,
        "Earnings From Equity Interest Net Of Tax": 293000.0,
        "Tax Provision": 592000.0,
        "Pretax Income": 4112000.0,
        "Net Non Operating Interest Income Expense": -58000.0,
        "Total Other Finance Cost": -277000.0,
        "Interest Expense Non Operating": 335000.0,
        "Interest Income Non Operating": NaN,
        "Operating Income": 4170000.0,
        "Operating Expense": 5784000.0,
        "Other Operating Expenses": NaN,
        "Research And Development": 324000.0,
        "Selling General And Administration": 5460000.0,
        "Selling And Marketing Expense": 1928000.0,
        "General And Administrative Expense": 3532000.0,
        "Other Gand A": 3532000.0,
        "Gross Profit": 9954000.0,
        "Cost Of Revenue": 32188000.0,
        "Total Revenue": 42142000.0,
        "Operating Revenue": 42142000.0
    },
    "2025-06-30": {
        "Tax Effect Of Unusual Items": 0.0,
        "Tax Rate For Calcs": 0.063268,
        "Normalized EBITDA": 4867000.0,
        "Net Income From Continuing Operation Net Minority Interest": 3442000.0,
        "Reconciled Depreciation": 1208000.0,
        "Reconciled Cost Of Revenue": 32279000.0,
        "EBITDA": 4867000.0,
        "EBIT": 3659000.0,
        "Net Interest Income": -1100000.0,
        "Interest Expense": 324000.0,
        "Interest Income": NaN,
        "Normalized Income": 3442000.0,
        "Net Income From Continuing And Discontinued Operation": 3442000.0,
        "Total Expenses": 38669000.0,
        "Total Operating Income As Reported": 4435000.0,
        "Diluted Average Shares": 11666309.0,
        "Basic Average Shares": 11447986.0,
        "Diluted EPS": 0.3,
        "Basic EPS": 0.3,
        "Diluted NI Availto Com Stockholders": 3442000.0,
        "Net Income Common Stockholders": 3442000.0,
        "Net Income": 3442000.0,
        "Net Income Including Noncontrolling Interests": 3442000.0,
        "Net Income Continuous Operations": 3442000.0,
        "Earnings From Equity Interest Net Of Tax": 318000.0,
        "Tax Provision": 211000.0,
        "Pretax Income": 3335000.0,
        "Net Non Operating Interest Income Expense": -1100000.0,
        "Total Other Finance Cost": 776000.0,
        "Interest Expense Non Operating": 324000.0,
        "Interest Income Non Operating": NaN,
        "Operating Income": 4435000.0,
        "Operating Expense": 6390000.0,
        "Other Operating Expenses": NaN,
        "Research And Development": 240000.0,
        "Selling General And Administration": 6150000.0,
        "Selling And Marketing Expense": 2185000.0,
        "General And Administrative Expense": 3965000.0,
        "Other Gand A": 3965000.0,
        "Gross Profit": 10825000.0,
        "Cost Of Revenue": 32279000.0,
        "Total Revenue": 43104000.0,
        "Operating Revenue": 43104000.0
    },
    "2025-09-30": {
        "Tax Effect Of Unusual Items": 0.0,
        "Tax Rate For Calcs": 0.14,
        "Normalized EBITDA": 6715000.0,
        "Net Income From Continuing Operation Net Minority Interest": 4841000.0,
        "Reconciled Depreciation": 1249000.0,
        "Reconciled Cost Of Revenue": 34634000.0,
        "EBITDA": 6715000.0,
        "EBIT": 5466000.0,
        "Net Interest Income": 30000.0,
        "Interest Expense": 176000.0,
        "Interest Income": 206000.0,
        "Normalized Income": 4841000.0,
        "Net Income From Continuing And Discontinued Operation": 4841000.0,
        "Total Expenses": 40975000.0,
        "Total Operating Income As Reported": 5260000.0,
        "Diluted Average Shares": 13078467.0,
        "Basic Average Shares": 12911050.0,
        "Diluted EPS": 0.37,
        "Basic EPS": 0.37,
        "Diluted NI Availto Com Stockholders": 4841000.0,
        "Net Income Common Stockholders": 4841000.0,
        "Net Income": 4841000.0,
        "Net Income Including Noncontrolling Interests": 4841000.0,
        "Net Income Continuous Operations": 4841000.0,
        "Earnings From Equity Interest Net Of Tax": 372000.0,
        "Tax Provision": 821000.0,
        "Pretax Income": 5290000.0,
        "Net Non Operating Interest Income Expense": 30000.0,
        "Total Other Finance Cost": NaN,
        "Interest Expense Non Operating": 176000.0,
        "Interest Income Non Operating": 206000.0,
        "Operating Income": 5260000.0,
        "Operating Expense": 6341000.0,
        "Other Operating Expenses": NaN,
        "Research And Development": 323000.0,
        "Selling General And Administration": 6018000.0,
        "Selling And Marketing Expense": 1993000.0,
        "General And Administrative Expense": 4025000.0,
        "Other Gand A": 4025000.0,
        "Gross Profit": 11601000.0,
        "Cost Of Revenue": 34634000.0,
        "Total Revenue": 46235000.0,
        "Operating Revenue": 46235000.0
    }
}