{
    "2024-02-29": {
        "Tax Effect Of Unusual Items": NaN,
        "Tax Rate For Calcs": NaN,
        "Normalized EBITDA": NaN,
        "Net Income From Continuing Operation Net Minority Interest": NaN,
        "Reconciled Depreciation": NaN,
        "Reconciled Cost Of Revenue": NaN,
        "EBITDA": NaN,
        "EBIT": NaN,
        "Normalized Income": NaN,
        "Net Income From Continuing And Discontinued Operation": NaN,
        "Total Expenses": NaN,
        "Total Operating Income As Reported": NaN,
        "Diluted Average Shares": 3288928.0,
        "Basic Average Shares": 3288928.0,
        "Diluted EPS": 0.82,
        "Basic EPS": 0.82,
        "Diluted NI Availto Com Stockholders": NaN,
        "Net Income Common Stockholders": NaN,
        "Net Income": NaN,
        "Net Income Including Noncontrolling Interests": NaN,
        "Net Income Continuous Operations": NaN,
        "Tax Provision": NaN,
        "Pretax Income": NaN,
        "Other Income Expense": NaN,
        "Other Non Operating Income Expenses": NaN,
        "Operating Income": NaN,
        "Operating Expense": NaN,
        "Research And Development": NaN,
        "Selling General And Administration": NaN,
        "Gross Profit": NaN,
        "Cost Of Revenue": NaN,
        "Total Revenue": NaN,
        "Operating Revenue": NaN
    },
    "2023-11-30": {
        "Tax Effect Of Unusual Items": NaN,
        "Tax Rate For Calcs": NaN,
        "Normalized EBITDA": NaN,
        "Net Income From Continuing Operation Net Minority Interest": NaN,
        "Reconciled Depreciation": NaN,
        "Reconciled Cost Of Revenue": NaN,
        "EBITDA": NaN,
        "EBIT": NaN,
        "Normalized Income": NaN,
        "Net Income From Continuing And Discontinued Operation": NaN,
        "Total Expenses": NaN,
        "Total Operating Income As Reported": NaN,
        "Diluted Average Shares": 3538121.0,
        "Basic Average Shares": 3538121.0,
        "Diluted EPS": 0.56,
        "Basic EPS": 0.56,
        "Diluted NI Availto Com Stockholders": NaN,
        "Net Income Common Stockholders": NaN,
        "Net Income": NaN,
        "Net Income Including Noncontrolling Interests": NaN,
        "Net Income Continuous Operations": NaN,
        "Tax Provision": NaN,
        "Pretax Income": NaN,
        "Other Income Expense": NaN,
        "Other Non Operating Income Expenses": NaN,
        "Operating Income": NaN,
        "Operating Expense": NaN,
        "Research And Development": NaN,
        "Selling General And Administration": NaN,
        "Gross Profit": NaN,
        "Cost Of Revenue": NaN,
        "Total Revenue": NaN,
        "Operating Revenue": NaN
    },
    "2023-08-31": {
        "Tax Effect Of Unusual Items": NaN,
        "Tax Rate For Calcs": NaN,
        "Normalized EBITDA": NaN,
        "Net Income From Continuing Operation Net Minority Interest": NaN,
        "Reconciled Depreciation": NaN,
        "Reconciled Cost Of Revenue": NaN,
        "EBITDA": NaN,
        "EBIT": NaN,
        "Normalized Income": NaN,
        "Net Income From Continuing And Discontinued Operation": NaN,
        "Total Expenses": NaN,
        "Total Operating Income As Reported": NaN,
        "Diluted Average Shares": 3553583.0,
        "Basic Average Shares": 3553583.0,
        "Diluted EPS": 0.52,
        "Basic EPS": 0.52,
        "Diluted NI Availto Com Stockholders": NaN,
        "Net Income Common Stockholders": NaN,
        "Net Income": NaN,
        "Net Income Including Noncontrolling Interests": NaN,
        "Net Income Continuous Operations": NaN,
        "Tax Provision": NaN,
        "Pretax Income": NaN,
        "Other Income Expense": NaN,
        "Other Non Operating Income Expenses": NaN,
        "Operating Income": NaN,
        "Operating Expense": NaN,
        "Research And Development": NaN,
        "Selling General And Administration": NaN,
        "Gross Profit": NaN,
        "Cost Of Revenue": NaN,
        "Total Revenue": NaN,
        "Operating Revenue": NaN
    },
    "2023-05-31": {
        "Tax Effect Of Unusual Items": 0.0,
        "Tax Rate For Calcs": 0.114036,
        "Normalized EBITDA": 2537815.0,
        "Net Income From Continuing Operation Net Minority Interest": 2066592.0,
        "Reconciled Depreciation": 468531.0,
        "Reconciled Cost Of Revenue": 6153306.0,
        "EBITDA": 2537815.0,
        "EBIT": 2069284.0,
        "Normalized Income": 2066592.0,
        "Net Income From Continuing And Discontinued Operation": 2066592.0,
        "Total Expenses": 8650733.0,
        "Total Operating Income As Reported": 2069284.0,
        "Diluted Average Shares": NaN,
        "Basic Average Shares": NaN,
        "Diluted EPS": NaN,
        "Basic EPS": NaN,
        "Diluted NI Availto Com Stockholders": 2066592.0,
        "Net Income Common Stockholders": 2066592.0,
        "Net Income": 2066592.0,
        "Net Income Including Noncontrolling Interests": 2066592.0,
        "Net Income Continuous Operations": 2066592.0,
        "Tax Provision": 266000.0,
        "Pretax Income": 2332592.0,
        "Other Income Expense": -435556.0,
        "Other Non Operating Income Expenses": -435556.0,
        "Operating Income": 2069284.0,
        "Operating Expense": 2497427.0,
        "Research And Development": 215472.0,
        "Selling General And Administration": 2281955.0,
        "Gross Profit": 4566711.0,
        "Cost Of Revenue": 6153306.0,
        "Total Revenue": 10720017.0,
        "Operating Revenue": 10720017.0
    },
    "2023-02-28": {
        "Tax Effect Of Unusual Items": NaN,
        "Tax Rate For Calcs": NaN,
        "Normalized EBITDA": NaN,
        "Net Income From Continuing Operation Net Minority Interest": NaN,
        "Reconciled Depreciation": NaN,
        "Reconciled Cost Of Revenue": NaN,
        "EBITDA": NaN,
        "EBIT": NaN,
        "Normalized Income": NaN,
        "Net Income From Continuing And Discontinued Operation": NaN,
        "Total Expenses": NaN,
        "Total Operating Income As Reported": NaN,
        "Diluted Average Shares": 3529547.0,
        "Basic Average Shares": 3529547.0,
        "Diluted EPS": 0.47,
        "Basic EPS": 0.47,
        "Diluted NI Availto Com Stockholders": NaN,
        "Net Income Common Stockholders": NaN,
        "Net Income": NaN,
        "Net Income Including Noncontrolling Interests": NaN,
        "Net Income Continuous Operations": NaN,
        "Tax Provision": NaN,
        "Pretax Income": NaN,
        "Other Income Expense": NaN,
        "Other Non Operating Income Expenses": NaN,
        "Operating Income": NaN,
        "Operating Expense": NaN,
        "Research And Development": NaN,
        "Selling General And Administration": NaN,
        "Gross Profit": NaN,
        "Cost Of Revenue": NaN,
        "Total Revenue": NaN,
        "Operating Revenue": NaN
    },
    "2022-11-30": {
        "Tax Effect Of Unusual Items": NaN,
        "Tax Rate For Calcs": NaN,
        "Normalized EBITDA": NaN,
        "Net Income From Continuing Operation Net Minority Interest": NaN,
        "Reconciled Depreciation": NaN,
        "Reconciled Cost Of Revenue": NaN,
        "EBITDA": NaN,
        "EBIT": NaN,
        "Normalized Income": NaN,
        "Net Income From Continuing And Discontinued Operation": NaN,
        "Total Expenses": NaN,
        "Total Operating Income As Reported": NaN,
        "Diluted Average Shares": 3465573.0,
        "Basic Average Shares": 3465573.0,
        "Diluted EPS": 0.45,
        "Basic EPS": 0.45,
        "Diluted NI Availto Com Stockholders": NaN,
        "Net Income Common Stockholders": NaN,
        "Net Income": NaN,
        "Net Income Including Noncontrolling Interests": NaN,
        "Net Income Continuous Operations": NaN,
        "Tax Provision": NaN,
        "Pretax Income": NaN,
        "Other Income Expense": NaN,
        "Other Non Operating Income Expenses": NaN,
        "Operating Income": NaN,
        "Operating Expense": NaN,
        "Research And Development": NaN,
        "Selling General And Administration": NaN,
        "Gross Profit": NaN,
        "Cost Of Revenue": NaN,
        "Total Revenue": NaN,
        "Operating Revenue": NaN
    },
    "2024-05-31": {
        "Tax Effect Of Unusual Items": 0.0,
        "Tax Rate For Calcs": 0.126782,
        "Normalized EBITDA": 2867359.0,
        "Net Income From Continuing Operation Net Minority Interest": 2472630.0,
        "Reconciled Depreciation": 354359.0,
        "Reconciled Cost Of Revenue": 6174067.0,
        "EBITDA": 2867359.0,
        "EBIT": 2513000.0,
        "Normalized Income": 2472630.0,
        "Net Income From Continuing And Discontinued Operation": 2472630.0,
        "Total Expenses": 9552211.0,
        "Total Operating Income As Reported": 2513000.0,
        "Diluted Average Shares": NaN,
        "Basic Average Shares": NaN,
        "Diluted EPS": NaN,
        "Basic EPS": NaN,
        "Diluted NI Availto Com Stockholders": 2472630.0,
        "Net Income Common Stockholders": 2472630.0,
        "Net Income": 2472630.0,
        "Net Income Including Noncontrolling Interests": 2472630.0,
        "Net Income Continuous Operations": 2472630.0,
        "Tax Provision": 359000.0,
        "Pretax Income": 2831630.0,
        "Other Income Expense": -1107954.0,
        "Other Non Operating Income Expenses": -1107954.0,
        "Operating Income": 2513000.0,
        "Operating Expense": 3378144.0,
        "Research And Development": 66958.0,
        "Selling General And Administration": 3311186.0,
        "Gross Profit": 5891144.0,
        "Cost Of Revenue": 6174067.0,
        "Total Revenue": 12065211.0,
        "Operating Revenue": 12065211.0
    },
    "2024-08-31": {
        "Tax Effect Of Unusual Items": 0.0,
        "Tax Rate For Calcs": 0.187405,
        "Normalized EBITDA": 3290635.0,
        "Net Income From Continuing Operation Net Minority Interest": 2666655.0,
        "Reconciled Depreciation": 385734.0,
        "Reconciled Cost Of Revenue": 6114226.0,
        "EBITDA": 3290635.0,
        "EBIT": 2904901.0,
        "Normalized Income": 2666655.0,
        "Net Income From Continuing And Discontinued Operation": 2666655.0,
        "Total Expenses": 8712955.0,
        "Total Operating Income As Reported": 2904901.0,
        "Diluted Average Shares": 3137241.0,
        "Basic Average Shares": 3137241.0,
        "Diluted EPS": 0.85,
        "Basic EPS": 0.85,
        "Diluted NI Availto Com Stockholders": 2666655.0,
        "Net Income Common Stockholders": 2666655.0,
        "Net Income": 2666655.0,
        "Net Income Including Noncontrolling Interests": 2666655.0,
        "Net Income Continuous Operations": 2666655.0,
        "Tax Provision": 615000.0,
        "Pretax Income": 3281655.0,
        "Other Income Expense": 376754.0,
        "Other Non Operating Income Expenses": 376754.0,
        "Operating Income": 2904901.0,
        "Operating Expense": 2598729.0,
        "Research And Development": 69192.0,
        "Selling General And Administration": 2529537.0,
        "Gross Profit": 5503630.0,
        "Cost Of Revenue": 6114226.0,
        "Total Revenue": 11617856.0,
        "Operating Revenue": 11617856.0
    },
    "2024-11-30": {
        "Tax Effect Of Unusual Items": 0.0,
        "Tax Rate For Calcs": 0.156459,
        "Normalized EBITDA": 1402962.0,
        "Net Income From Continuing Operation Net Minority Interest": 1056160.0,
        "Reconciled Depreciation": 458777.0,
        "Reconciled Cost Of Revenue": 4662781.0,
        "EBITDA": 1402962.0,
        "EBIT": 944185.0,
        "Normalized Income": 1056160.0,
        "Net Income From Continuing And Discontinued Operation": 1056160.0,
        "Total Expenses": 7604696.0,
        "Total Operating Income As Reported": 944185.0,
        "Diluted Average Shares": 3106353.0,
        "Basic Average Shares": 3106353.0,
        "Diluted EPS": 0.34,
        "Basic EPS": 0.34,
        "Diluted NI Availto Com Stockholders": 1056160.0,
        "Net Income Common Stockholders": 1056160.0,
        "Net Income": 1056160.0,
        "Net Income Including Noncontrolling Interests": 1056160.0,
        "Net Income Continuous Operations": 1056160.0,
        "Tax Provision": 195896.0,
        "Pretax Income": 1252056.0,
        "Other Income Expense": 307871.0,
        "Other Non Operating Income Expenses": 307871.0,
        "Operating Income": 944185.0,
        "Operating Expense": 2941915.0,
        "Research And Development": 102922.0,
        "Selling General And Administration": 2838993.0,
        "Gross Profit": 3886100.0,
        "Cost Of Revenue": 4662781.0,
        "Total Revenue": 8548881.0,
        "Operating Revenue": 8548881.0
    },
    "2025-02-28": {
        "Tax Effect Of Unusual Items": 0.0,
        "Tax Rate For Calcs": 0.146253,
        "Normalized EBITDA": 2578379.0,
        "Net Income From Continuing Operation Net Minority Interest": 2002245.0,
        "Reconciled Depreciation": 558777.0,
        "Reconciled Cost Of Revenue": 6035961.0,
        "EBITDA": 2578379.0,
        "EBIT": 2019602.0,
        "Normalized Income": 2002245.0,
        "Net Income From Continuing And Discontinued Operation": 2002245.0,
        "Total Expenses": 8545232.0,
        "Total Operating Income As Reported": 2019602.0,
        "Diluted Average Shares": 3128508.0,
        "Basic Average Shares": 3128508.0,
        "Diluted EPS": 0.64,
        "Basic EPS": 0.64,
        "Diluted NI Availto Com Stockholders": 2002245.0,
        "Net Income Common Stockholders": 2002245.0,
        "Net Income": 2002245.0,
        "Net Income Including Noncontrolling Interests": 2002245.0,
        "Net Income Continuous Operations": 2002245.0,
        "Tax Provision": 343000.0,
        "Pretax Income": 2345245.0,
        "Other Income Expense": 325643.0,
        "Other Non Operating Income Expenses": 325643.0,
        "Operating Income": 2019602.0,
        "Operating Expense": 2509271.0,
        "Research And Development": 146749.0,
        "Selling General And Administration": 2362522.0,
        "Gross Profit": 4528873.0,
        "Cost Of Revenue": 6035961.0,
        "Total Revenue": 10564834.0,
        "Operating Revenue": 10564834.0
    },
    "2025-05-31": {
        "Tax Effect Of Unusual Items": 0.0,
        "Tax Rate For Calcs": 0.112201,
        "Normalized EBITDA": 4086423.0,
        "Net Income From Continuing Operation Net Minority Interest": 3688076.0,
        "Reconciled Depreciation": 327784.0,
        "Reconciled Cost Of Revenue": 8001613.0,
        "EBITDA": 4086423.0,
        "EBIT": 3758639.0,
        "Normalized Income": 3688076.0,
        "Net Income From Continuing And Discontinued Operation": 3688076.0,
        "Total Expenses": 11802515.0,
        "Total Operating Income As Reported": 3758639.0,
        "Diluted Average Shares": NaN,
        "Basic Average Shares": NaN,
        "Diluted EPS": NaN,
        "Basic EPS": NaN,
        "Diluted NI Availto Com Stockholders": 3688076.0,
        "Net Income Common Stockholders": 3688076.0,
        "Net Income": 3688076.0,
        "Net Income Including Noncontrolling Interests": 3688076.0,
        "Net Income Continuous Operations": 3688076.0,
        "Tax Provision": 466104.0,
        "Pretax Income": 4154180.0,
        "Other Income Expense": -1006899.0,
        "Other Non Operating Income Expenses": -1006899.0,
        "Operating Income": 3758639.0,
        "Operating Expense": 3800902.0,
        "Research And Development": 125137.0,
        "Selling General And Administration": 3675765.0,
        "Gross Profit": 7559541.0,
        "Cost Of Revenue": 8001613.0,
        "Total Revenue": 15561154.0,
        "Operating Revenue": 15561154.0
    },
    "2025-08-31": {
        "Tax Effect Of Unusual Items": 0.0,
        "Tax Rate For Calcs": 0.166978,
        "Normalized EBITDA": 2703661.0,
        "Net Income From Continuing Operation Net Minority Interest": 2190084.0,
        "Reconciled Depreciation": 458394.0,
        "Reconciled Cost Of Revenue": 5479606.0,
        "EBITDA": 2703661.0,
        "EBIT": 2245267.0,
        "Normalized Income": 2190084.0,
        "Net Income From Continuing And Discontinued Operation": 2190084.0,
        "Total Expenses": 7673083.0,
        "Total Operating Income As Reported": 2245267.0,
        "Diluted Average Shares": 3128691.0,
        "Basic Average Shares": 3128691.0,
        "Diluted EPS": 0.7,
        "Basic EPS": 0.7,
        "Diluted NI Availto Com Stockholders": 2190084.0,
        "Net Income Common Stockholders": 2190084.0,
        "Net Income": 2190084.0,
        "Net Income Including Noncontrolling Interests": 2190084.0,
        "Net Income Continuous Operations": 2190084.0,
        "Tax Provision": 439000.0,
        "Pretax Income": 2629084.0,
        "Other Income Expense": 383817.0,
        "Other Non Operating Income Expenses": 383817.0,
        "Operating Income": 2245267.0,
        "Operating Expense": 2193477.0,
        "Research And Development": 80817.0,
        "Selling General And Administration": 2112660.0,
        "Gross Profit": 4438744.0,
        "Cost Of Revenue": 5479606.0,
        "Total Revenue": 9918350.0,
        "Operating Revenue": 9918350.0
    }
}