{
    "2023-06-30": {
        "Tax Effect Of Unusual Items": NaN,
        "Tax Rate For Calcs": NaN,
        "Total Unusual Items": NaN,
        "Total Unusual Items Excluding Goodwill": NaN,
        "Net Income From Continuing Operation Net Minority Interest": NaN,
        "Reconciled Depreciation": NaN,
        "Net Interest Income": NaN,
        "Interest Expense": NaN,
        "Interest Income": NaN,
        "Normalized Income": NaN,
        "Net Income From Continuing And Discontinued Operation": NaN,
        "Rent Expense Supplemental": NaN,
        "Diluted Average Shares": NaN,
        "Basic Average Shares": NaN,
        "Diluted EPS": NaN,
        "Basic EPS": NaN,
        "Diluted NI Availto Com Stockholders": NaN,
        "Net Income Common Stockholders": NaN,
        "Net Income": NaN,
        "Net Income Including Noncontrolling Interests": NaN,
        "Net Income Continuous Operations": NaN,
        "Tax Provision": NaN,
        "Pretax Income": NaN,
        "Special Income Charges": NaN,
        "Write Off": NaN,
        "Depreciation Amortization Depletion Income Statement": NaN,
        "Depreciation And Amortization In Income Statement": NaN,
        "Amortization": 100000.0,
        "Amortization Of Intangibles Income Statement": 100000.0,
        "Depreciation Income Statement": NaN,
        "Selling General And Administration": NaN,
        "General And Administrative Expense": NaN,
        "Insurance And Claims": NaN,
        "Rent And Landing Fees": NaN,
        "Salaries And Wages": NaN,
        "Total Revenue": NaN,
        "Operating Revenue": NaN,
        "Occupancy And Equipment": 4317000.0,
        "Professional Expense And Contract Services Expense": NaN,
        "Other Non Interest Expense": NaN
    },
    "2023-03-31": {
        "Tax Effect Of Unusual Items": NaN,
        "Tax Rate For Calcs": NaN,
        "Total Unusual Items": NaN,
        "Total Unusual Items Excluding Goodwill": NaN,
        "Net Income From Continuing Operation Net Minority Interest": NaN,
        "Reconciled Depreciation": NaN,
        "Net Interest Income": NaN,
        "Interest Expense": NaN,
        "Interest Income": NaN,
        "Normalized Income": NaN,
        "Net Income From Continuing And Discontinued Operation": NaN,
        "Rent Expense Supplemental": NaN,
        "Diluted Average Shares": NaN,
        "Basic Average Shares": NaN,
        "Diluted EPS": NaN,
        "Basic EPS": NaN,
        "Diluted NI Availto Com Stockholders": NaN,
        "Net Income Common Stockholders": NaN,
        "Net Income": NaN,
        "Net Income Including Noncontrolling Interests": NaN,
        "Net Income Continuous Operations": NaN,
        "Tax Provision": NaN,
        "Pretax Income": NaN,
        "Special Income Charges": NaN,
        "Write Off": NaN,
        "Depreciation Amortization Depletion Income Statement": NaN,
        "Depreciation And Amortization In Income Statement": NaN,
        "Amortization": NaN,
        "Amortization Of Intangibles Income Statement": NaN,
        "Depreciation Income Statement": NaN,
        "Selling General And Administration": NaN,
        "General And Administrative Expense": NaN,
        "Insurance And Claims": NaN,
        "Rent And Landing Fees": NaN,
        "Salaries And Wages": NaN,
        "Total Revenue": NaN,
        "Operating Revenue": NaN,
        "Occupancy And Equipment": 4237000.0,
        "Professional Expense And Contract Services Expense": NaN,
        "Other Non Interest Expense": NaN
    },
    "2022-12-31": {
        "Tax Effect Of Unusual Items": NaN,
        "Tax Rate For Calcs": NaN,
        "Total Unusual Items": NaN,
        "Total Unusual Items Excluding Goodwill": NaN,
        "Net Income From Continuing Operation Net Minority Interest": NaN,
        "Reconciled Depreciation": NaN,
        "Net Interest Income": NaN,
        "Interest Expense": NaN,
        "Interest Income": NaN,
        "Normalized Income": NaN,
        "Net Income From Continuing And Discontinued Operation": NaN,
        "Rent Expense Supplemental": NaN,
        "Diluted Average Shares": NaN,
        "Basic Average Shares": NaN,
        "Diluted EPS": NaN,
        "Basic EPS": NaN,
        "Diluted NI Availto Com Stockholders": NaN,
        "Net Income Common Stockholders": NaN,
        "Net Income": NaN,
        "Net Income Including Noncontrolling Interests": NaN,
        "Net Income Discontinuous Operations": 0.0,
        "Net Income Continuous Operations": NaN,
        "Tax Provision": NaN,
        "Pretax Income": NaN,
        "Special Income Charges": NaN,
        "Other Special Charges": 0.0,
        "Write Off": NaN,
        "Depreciation Amortization Depletion Income Statement": NaN,
        "Depreciation And Amortization In Income Statement": NaN,
        "Amortization": NaN,
        "Amortization Of Intangibles Income Statement": NaN,
        "Depreciation Income Statement": NaN,
        "Selling General And Administration": NaN,
        "General And Administrative Expense": NaN,
        "Insurance And Claims": NaN,
        "Rent And Landing Fees": NaN,
        "Salaries And Wages": NaN,
        "Total Revenue": NaN,
        "Operating Revenue": NaN,
        "Occupancy And Equipment": 4181000.0,
        "Professional Expense And Contract Services Expense": NaN,
        "Other Non Interest Expense": NaN
    },
    "2022-09-30": {
        "Tax Effect Of Unusual Items": NaN,
        "Tax Rate For Calcs": NaN,
        "Total Unusual Items": NaN,
        "Total Unusual Items Excluding Goodwill": NaN,
        "Net Income From Continuing Operation Net Minority Interest": NaN,
        "Reconciled Depreciation": NaN,
        "Net Interest Income": NaN,
        "Interest Expense": NaN,
        "Interest Income": NaN,
        "Normalized Income": NaN,
        "Net Income From Continuing And Discontinued Operation": NaN,
        "Rent Expense Supplemental": NaN,
        "Diluted Average Shares": NaN,
        "Basic Average Shares": NaN,
        "Diluted EPS": NaN,
        "Basic EPS": NaN,
        "Diluted NI Availto Com Stockholders": NaN,
        "Net Income Common Stockholders": NaN,
        "Net Income": NaN,
        "Net Income Including Noncontrolling Interests": NaN,
        "Net Income Discontinuous Operations": 0.0,
        "Net Income Continuous Operations": NaN,
        "Tax Provision": NaN,
        "Pretax Income": NaN,
        "Special Income Charges": NaN,
        "Other Special Charges": 1750000.0,
        "Write Off": NaN,
        "Depreciation Amortization Depletion Income Statement": NaN,
        "Depreciation And Amortization In Income Statement": NaN,
        "Amortization": NaN,
        "Amortization Of Intangibles Income Statement": NaN,
        "Depreciation Income Statement": NaN,
        "Selling General And Administration": NaN,
        "General And Administrative Expense": NaN,
        "Insurance And Claims": NaN,
        "Rent And Landing Fees": NaN,
        "Salaries And Wages": NaN,
        "Total Revenue": NaN,
        "Operating Revenue": NaN
    },
    "2022-06-30": {
        "Tax Effect Of Unusual Items": -300415.785251,
        "Tax Rate For Calcs": 0.260778,
        "Total Unusual Items": -1152000.0,
        "Total Unusual Items Excluding Goodwill": -1152000.0,
        "Net Income From Continuing Operation Net Minority Interest": 30402000.0,
        "Reconciled Depreciation": 844000.0,
        "Net Interest Income": 54569000.0,
        "Interest Expense": 7061000.0,
        "Interest Income": 61630000.0,
        "Normalized Income": 31253584.214749,
        "Net Income From Continuing And Discontinued Operation": 30402000.0,
        "Rent Expense Supplemental": 1274000.0,
        "Diluted Average Shares": 57453730.0,
        "Basic Average Shares": 56801518.0,
        "Diluted EPS": 0.53,
        "Basic EPS": 0.54,
        "Diluted NI Availto Com Stockholders": 30402000.0,
        "Average Dilution Earnings": 0.0,
        "Net Income Common Stockholders": 30402000.0,
        "Net Income": 30402000.0,
        "Net Income Including Noncontrolling Interests": 30402000.0,
        "Net Income Discontinuous Operations": 0.0,
        "Net Income Continuous Operations": 30402000.0,
        "Tax Provision": 10725000.0,
        "Pretax Income": 41127000.0,
        "Special Income Charges": -1152000.0,
        "Other Special Charges": 1152000.0,
        "Write Off": NaN,
        "Depreciation Amortization Depletion Income Statement": 844000.0,
        "Depreciation And Amortization In Income Statement": 844000.0,
        "Amortization": 100000.0,
        "Amortization Of Intangibles Income Statement": 100000.0,
        "Depreciation Income Statement": 744000.0,
        "Selling General And Administration": 26672000.0,
        "General And Administrative Expense": 26672000.0,
        "Other Gand A": 5411000.0,
        "Insurance And Claims": 673000.0,
        "Rent And Landing Fees": 1274000.0,
        "Salaries And Wages": 25999000.0,
        "Total Revenue": 82522000.0,
        "Operating Revenue": 82522000.0
    },
    "2022-03-31": {
        "Diluted EPS": 0.5,
        "Total Revenue": 81,
        "Gross Profit": 78,
        "Operating Income": 38,
        "EBIT": NaN,
        "Net Income": 29
    },
    "2021-12-31": {
        "Diluted EPS": 0.46,
        "Total Revenue": 83,
        "Gross Profit": 80,
        "Operating Income": 36,
        "EBIT": NaN,
        "Net Income": 27
    },
    "2021-09-30": {
        "Diluted EPS": 0.48,
        "Total Revenue": 80,
        "Gross Profit": 77,
        "Operating Income": 36,
        "EBIT": NaN,
        "Net Income": 28
    },
    "2021-06-30": {
        "Diluted EPS": 0.5,
        "Total Revenue": 83,
        "Gross Profit": 80,
        "Operating Income": 37,
        "EBIT": NaN,
        "Net Income": 29
    },
    "2021-03-31": {
        "Diluted EPS": 0.44,
        "Total Revenue": 81,
        "Gross Profit": 78,
        "Operating Income": 35,
        "EBIT": NaN,
        "Net Income": 26
    },
    "2020-12-31": {
        "Diluted EPS": 0.4,
        "Total Revenue": 78,
        "Gross Profit": 75,
        "Operating Income": 33,
        "EBIT": NaN,
        "Net Income": 24
    },
    "2020-09-30": {
        "Diluted EPS": 0.4,
        "Total Revenue": 77,
        "Gross Profit": 74,
        "Operating Income": 31,
        "EBIT": NaN,
        "Net Income": 23
    },
    "2020-06-30": {
        "Diluted EPS": 0.35,
        "Total Revenue": 72,
        "Gross Profit": 71,
        "Operating Income": 27,
        "EBIT": NaN,
        "Net Income": 20
    },
    "2020-03-31": {
        "Diluted EPS": 0.22,
        "Total Revenue": 68,
        "Gross Profit": 60,
        "Operating Income": 18,
        "EBIT": NaN,
        "Net Income": 13
    },
    "2019-12-31": {
        "Diluted EPS": 0.02,
        "Total Revenue": 64,
        "Gross Profit": 56,
        "Operating Income": 7,
        "EBIT": NaN,
        "Net Income": 2
    },
    "2019-09-30": {
        "Diluted EPS": 0.36,
        "Total Revenue": 82,
        "Gross Profit": 71,
        "Operating Income": 28,
        "EBIT": NaN,
        "Net Income": 20
    },
    "2019-06-30": {
        "Diluted EPS": 0.2,
        "Total Revenue": 64,
        "Gross Profit": 54,
        "Operating Income": 14,
        "EBIT": NaN,
        "Net Income": 11
    },
    "2019-03-31": {
        "Diluted EPS": 0.32,
        "Total Revenue": 74,
        "Gross Profit": 64,
        "Operating Income": 23,
        "EBIT": NaN,
        "Net Income": 18
    },
    "2018-12-31": {
        "Diluted EPS": 0.12,
        "Total Revenue": 55,
        "Gross Profit": 47,
        "Operating Income": 9,
        "EBIT": NaN,
        "Net Income": 7
    },
    "2018-09-30": {
        "Diluted EPS": 1.07,
        "Total Revenue": 130,
        "Gross Profit": 122,
        "Operating Income": 83,
        "EBIT": NaN,
        "Net Income": 61
    },
    "2018-06-30": {
        "Diluted EPS": 0.11,
        "Total Revenue": 52,
        "Gross Profit": 47,
        "Operating Income": 8,
        "EBIT": NaN,
        "Net Income": 6
    },
    "2018-03-31": {
        "Diluted EPS": 0.25,
        "Total Revenue": 64,
        "Gross Profit": 59,
        "Operating Income": 19,
        "EBIT": NaN,
        "Net Income": 14
    },
    "2017-12-31": {
        "Diluted EPS": -0.22,
        "Total Revenue": 51,
        "Gross Profit": 47,
        "Operating Income": 10,
        "EBIT": NaN,
        "Net Income": -12
    },
    "2017-09-30": {
        "Diluted EPS": 0.13,
        "Total Revenue": 61,
        "Gross Profit": 57,
        "Operating Income": 12,
        "EBIT": NaN,
        "Net Income": 7
    },
    "2017-06-30": {
        "Diluted EPS": 0.34,
        "Total Revenue": 49,
        "Gross Profit": 45,
        "Operating Income": 8,
        "EBIT": NaN,
        "Net Income": 19
    },
    "2017-03-31": {
        "Diluted EPS": 0.14,
        "Total Revenue": 53,
        "Gross Profit": 49,
        "Operating Income": 10,
        "EBIT": NaN,
        "Net Income": 8
    },
    "2016-12-31": {
        "Diluted EPS": -0.51,
        "Total Revenue": 22,
        "Gross Profit": 19,
        "Operating Income": -24,
        "EBIT": NaN,
        "Net Income": -29
    },
    "2016-09-30": {
        "Diluted EPS": -0.54,
        "Total Revenue": 47,
        "Gross Profit": 43,
        "Operating Income": -1,
        "EBIT": NaN,
        "Net Income": -26
    },
    "2016-06-30": {
        "Diluted EPS": -0.83,
        "Total Revenue": 33,
        "Gross Profit": 30,
        "Operating Income": -28,
        "EBIT": NaN,
        "Net Income": -31
    },
    "2016-03-31": {
        "Diluted EPS": -0.29,
        "Total Revenue": 42,
        "Gross Profit": 39,
        "Operating Income": -16,
        "EBIT": NaN,
        "Net Income": -11
    },
    "2015-12-31": {
        "Diluted EPS": 0.49,
        "Total Revenue": 93,
        "Gross Profit": 89,
        "Operating Income": 30,
        "EBIT": NaN,
        "Net Income": 19
    },
    "2015-09-30": {
        "Diluted EPS": -0.15,
        "Total Revenue": 38,
        "Gross Profit": 35,
        "Operating Income": -13,
        "EBIT": NaN,
        "Net Income": -6
    },
    "2015-06-30": {
        "Diluted EPS": 0.01,
        "Total Revenue": 45,
        "Gross Profit": 42,
        "Operating Income": -5,
        "EBIT": NaN,
        "Net Income": 0
    },
    "2015-03-31": {
        "Diluted EPS": 0.0,
        "Total Revenue": 40,
        "Gross Profit": 37,
        "Operating Income": -4,
        "EBIT": NaN,
        "Net Income": 0
    },
    "2014-12-31": {
        "Diluted EPS": 0.52,
        "Total Revenue": 36,
        "Gross Profit": 33,
        "Operating Income": -3,
        "EBIT": NaN,
        "Net Income": 20
    },
    "2014-09-30": {
        "Diluted EPS": 0.66,
        "Total Revenue": 38,
        "Gross Profit": 36,
        "Operating Income": 2,
        "EBIT": NaN,
        "Net Income": 25
    },
    "2014-06-30": {
        "Diluted EPS": 0.27,
        "Total Revenue": 41,
        "Gross Profit": 38,
        "Operating Income": 3,
        "EBIT": NaN,
        "Net Income": 10
    },
    "2014-03-31": {
        "Diluted EPS": 0.04,
        "Total Revenue": 40,
        "Gross Profit": 37,
        "Operating Income": 5,
        "EBIT": NaN,
        "Net Income": 2
    },
    "2013-12-31": {
        "Diluted EPS": -0.88,
        "Total Revenue": 8,
        "Gross Profit": 5,
        "Operating Income": -5,
        "EBIT": NaN,
        "Net Income": -32
    },
    "2013-09-30": {
        "Diluted EPS": 0.13,
        "Total Revenue": 32,
        "Gross Profit": 30,
        "Operating Income": 3,
        "EBIT": NaN,
        "Net Income": 5
    },
    "2013-06-30": {
        "Diluted EPS": 0.15,
        "Total Revenue": 49,
        "Gross Profit": 46,
        "Operating Income": 9,
        "EBIT": NaN,
        "Net Income": 6
    },
    "2013-03-31": {
        "Diluted EPS": 0.2,
        "Total Revenue": 45,
        "Gross Profit": 42,
        "Operating Income": 12,
        "EBIT": NaN,
        "Net Income": 7
    },
    "2012-12-31": {
        "Diluted EPS": -1.65,
        "Total Revenue": -17,
        "Gross Profit": -20,
        "Operating Income": -30,
        "EBIT": NaN,
        "Net Income": -55
    },
    "2012-09-30": {
        "Diluted EPS": 0.11,
        "Total Revenue": 36,
        "Gross Profit": 33,
        "Operating Income": 5,
        "EBIT": NaN,
        "Net Income": 4
    },
    "2012-06-30": {
        "Diluted EPS": 0.12,
        "Total Revenue": 34,
        "Gross Profit": 31,
        "Operating Income": 6,
        "EBIT": NaN,
        "Net Income": 4
    },
    "2012-03-31": {
        "Diluted EPS": 0.12,
        "Total Revenue": 36,
        "Gross Profit": 33,
        "Operating Income": 6,
        "EBIT": NaN,
        "Net Income": 4
    },
    "2011-12-31": {
        "Diluted EPS": 0.09,
        "Total Revenue": 32,
        "Gross Profit": 29,
        "Operating Income": 5,
        "EBIT": NaN,
        "Net Income": 3
    },
    "2011-09-30": {
        "Diluted EPS": 0.07,
        "Total Revenue": 29,
        "Gross Profit": 26,
        "Operating Income": 3,
        "EBIT": NaN,
        "Net Income": 2
    },
    "2011-06-30": {
        "Diluted EPS": 0.02,
        "Total Revenue": 29,
        "Gross Profit": 26,
        "Operating Income": 1,
        "EBIT": NaN,
        "Net Income": 1
    },
    "2011-03-31": {
        "Diluted EPS": 0.1,
        "Total Revenue": 29,
        "Gross Profit": 26,
        "Operating Income": 4,
        "EBIT": NaN,
        "Net Income": 3
    },
    "2010-12-31": {
        "Diluted EPS": 0.07,
        "Total Revenue": 27,
        "Gross Profit": 24,
        "Operating Income": 3,
        "EBIT": NaN,
        "Net Income": 2
    },
    "2010-09-30": {
        "Diluted EPS": 0.02,
        "Total Revenue": 26,
        "Gross Profit": 22,
        "Operating Income": 1,
        "EBIT": NaN,
        "Net Income": 1
    },
    "2010-06-30": {
        "Diluted EPS": 0.02,
        "Total Revenue": 25,
        "Gross Profit": 22,
        "Operating Income": 1,
        "EBIT": NaN,
        "Net Income": 0
    },
    "2010-03-31": {
        "Diluted EPS": -0.15,
        "Total Revenue": 25,
        "Gross Profit": 22,
        "Operating Income": 3,
        "EBIT": NaN,
        "Net Income": -4
    },
    "2009-12-31": {
        "Diluted EPS": -0.06,
        "Total Revenue": 22,
        "Gross Profit": 18,
        "Operating Income": 0,
        "EBIT": NaN,
        "Net Income": -1
    },
    "2009-09-30": {
        "Diluted EPS": 0.04,
        "Total Revenue": 23,
        "Gross Profit": 19,
        "Operating Income": 3,
        "EBIT": NaN,
        "Net Income": 1
    },
    "2009-06-30": {
        "Diluted EPS": 0.01,
        "Total Revenue": 24,
        "Gross Profit": 20,
        "Operating Income": 2,
        "EBIT": NaN,
        "Net Income": 0
    },
    "2009-03-31": {
        "Diluted EPS": 0.03,
        "Total Revenue": 23,
        "Gross Profit": 18,
        "Operating Income": 2,
        "EBIT": NaN,
        "Net Income": 0
    },
    "2023-09-30": {
        "Tax Effect Of Unusual Items": NaN,
        "Tax Rate For Calcs": NaN,
        "Total Unusual Items": NaN,
        "Total Unusual Items Excluding Goodwill": NaN,
        "Net Income From Continuing Operation Net Minority Interest": NaN,
        "Reconciled Depreciation": NaN,
        "Net Interest Income": NaN,
        "Interest Expense": NaN,
        "Interest Income": NaN,
        "Normalized Income": NaN,
        "Net Income From Continuing And Discontinued Operation": NaN,
        "Rent Expense Supplemental": NaN,
        "Diluted Average Shares": NaN,
        "Basic Average Shares": NaN,
        "Diluted EPS": NaN,
        "Basic EPS": NaN,
        "Diluted NI Availto Com Stockholders": NaN,
        "Net Income Common Stockholders": NaN,
        "Net Income": NaN,
        "Net Income Including Noncontrolling Interests": NaN,
        "Net Income Continuous Operations": NaN,
        "Tax Provision": NaN,
        "Pretax Income": NaN,
        "Special Income Charges": NaN,
        "Write Off": NaN,
        "Gain On Sale Of Security": 31000.0,
        "Depreciation Amortization Depletion Income Statement": NaN,
        "Depreciation And Amortization In Income Statement": NaN,
        "Amortization": 99000.0,
        "Amortization Of Intangibles Income Statement": 99000.0,
        "Depreciation Income Statement": NaN,
        "Selling General And Administration": NaN,
        "General And Administrative Expense": NaN,
        "Insurance And Claims": NaN,
        "Rent And Landing Fees": NaN,
        "Salaries And Wages": NaN,
        "Total Revenue": NaN,
        "Operating Revenue": NaN,
        "Occupancy And Equipment": 4427000.0,
        "Professional Expense And Contract Services Expense": NaN,
        "Other Non Interest Expense": NaN
    },
    "2023-12-31": {
        "Tax Effect Of Unusual Items": NaN,
        "Tax Rate For Calcs": NaN,
        "Total Unusual Items": 0.0,
        "Total Unusual Items Excluding Goodwill": 0.0,
        "Net Income From Continuing Operation Net Minority Interest": NaN,
        "Reconciled Depreciation": NaN,
        "Net Interest Income": NaN,
        "Interest Expense": NaN,
        "Interest Income": NaN,
        "Normalized Income": NaN,
        "Net Income From Continuing And Discontinued Operation": NaN,
        "Rent Expense Supplemental": NaN,
        "Diluted Average Shares": NaN,
        "Basic Average Shares": NaN,
        "Diluted EPS": NaN,
        "Basic EPS": NaN,
        "Diluted NI Availto Com Stockholders": NaN,
        "Net Income Common Stockholders": NaN,
        "Net Income": NaN,
        "Net Income Including Noncontrolling Interests": NaN,
        "Net Income Continuous Operations": NaN,
        "Tax Provision": NaN,
        "Pretax Income": NaN,
        "Special Income Charges": 0.0,
        "Write Off": 0.0,
        "Gain On Sale Of Security": NaN,
        "Depreciation Amortization Depletion Income Statement": NaN,
        "Depreciation And Amortization In Income Statement": NaN,
        "Amortization": 100000.0,
        "Amortization Of Intangibles Income Statement": 100000.0,
        "Depreciation Income Statement": NaN,
        "Selling General And Administration": NaN,
        "General And Administrative Expense": NaN,
        "Insurance And Claims": NaN,
        "Rent And Landing Fees": NaN,
        "Salaries And Wages": NaN,
        "Total Revenue": NaN,
        "Operating Revenue": NaN,
        "Occupancy And Equipment": 4368000.0,
        "Professional Expense And Contract Services Expense": NaN,
        "Other Non Interest Expense": NaN
    },
    "2024-03-31": {
        "Tax Effect Of Unusual Items": 0.0,
        "Tax Rate For Calcs": 0.2468,
        "Total Unusual Items": 0.0,
        "Total Unusual Items Excluding Goodwill": 0.0,
        "Net Income From Continuing Operation Net Minority Interest": 56429000.0,
        "Reconciled Depreciation": 949000.0,
        "Net Interest Income": 94418000.0,
        "Interest Expense": 41391000.0,
        "Interest Income": 135809000.0,
        "Normalized Income": 56429000.0,
        "Net Income From Continuing And Discontinued Operation": 56429000.0,
        "Rent Expense Supplemental": 1640000.0,
        "Diluted Average Shares": 53326588.0,
        "Basic Average Shares": 52747140.0,
        "Diluted EPS": 1.06,
        "Basic EPS": 1.07,
        "Diluted NI Availto Com Stockholders": 56429000.0,
        "Net Income Common Stockholders": 56429000.0,
        "Net Income": 56429000.0,
        "Net Income Including Noncontrolling Interests": 56429000.0,
        "Net Income Continuous Operations": 56429000.0,
        "Tax Provision": 18490000.0,
        "Pretax Income": 74919000.0,
        "Special Income Charges": 0.0,
        "Write Off": 0.0,
        "Gain On Sale Of Security": NaN,
        "Depreciation Amortization Depletion Income Statement": 949000.0,
        "Depreciation And Amortization In Income Statement": 949000.0,
        "Amortization": 99000.0,
        "Amortization Of Intangibles Income Statement": 99000.0,
        "Depreciation Income Statement": 949000.0,
        "Selling General And Administration": 34103000.0,
        "General And Administrative Expense": 34103000.0,
        "Insurance And Claims": 2183000.0,
        "Rent And Landing Fees": 1640000.0,
        "Salaries And Wages": 30280000.0,
        "Total Revenue": 123800000.0,
        "Operating Revenue": 123800000.0,
        "Occupancy And Equipment": NaN,
        "Professional Expense And Contract Services Expense": 1758000.0,
        "Other Non Interest Expense": 9902000.0
    },
    "2024-06-30": {
        "Tax Effect Of Unusual Items": 0.0,
        "Tax Rate For Calcs": 0.252,
        "Total Unusual Items": 0.0,
        "Total Unusual Items Excluding Goodwill": 0.0,
        "Net Income From Continuing Operation Net Minority Interest": 53686000.0,
        "Reconciled Depreciation": 1226000.0,
        "Net Interest Income": 93795000.0,
        "Interest Expense": 43504000.0,
        "Interest Income": 137299000.0,
        "Normalized Income": 53686000.0,
        "Net Income From Continuing And Discontinued Operation": 53686000.0,
        "Rent Expense Supplemental": 1686000.0,
        "Diluted Average Shares": 51337491.0,
        "Basic Average Shares": 50937055.0,
        "Diluted EPS": 1.05,
        "Basic EPS": 1.05,
        "Diluted NI Availto Com Stockholders": 53686000.0,
        "Net Income Common Stockholders": 53686000.0,
        "Net Income": 53686000.0,
        "Net Income Including Noncontrolling Interests": 53686000.0,
        "Net Income Continuous Operations": 53686000.0,
        "Tax Provision": 18133000.0,
        "Pretax Income": 71819000.0,
        "Special Income Charges": 0.0,
        "Write Off": 0.0,
        "Gain On Sale Of Security": 225000.0,
        "Depreciation Amortization Depletion Income Statement": 1127000.0,
        "Depreciation And Amortization In Income Statement": 1127000.0,
        "Amortization": 100000.0,
        "Amortization Of Intangibles Income Statement": 100000.0,
        "Depreciation Income Statement": 1027000.0,
        "Selling General And Administration": 37700000.0,
        "General And Administrative Expense": 37700000.0,
        "Insurance And Claims": 2151000.0,
        "Rent And Landing Fees": 1686000.0,
        "Salaries And Wages": 33863000.0,
        "Total Revenue": 124742000.0,
        "Operating Revenue": 124742000.0,
        "Occupancy And Equipment": NaN,
        "Professional Expense And Contract Services Expense": 1514000.0,
        "Other Non Interest Expense": 11105000.0
    },
    "2024-09-30": {
        "Tax Effect Of Unusual Items": 0.0,
        "Tax Rate For Calcs": 0.254,
        "Total Unusual Items": 0.0,
        "Total Unusual Items Excluding Goodwill": 0.0,
        "Net Income From Continuing Operation Net Minority Interest": 51517000.0,
        "Reconciled Depreciation": 848000.0,
        "Net Interest Income": 93732000.0,
        "Interest Expense": 45948000.0,
        "Interest Income": 139680000.0,
        "Normalized Income": 51517000.0,
        "Net Income From Continuing And Discontinued Operation": 51517000.0,
        "Rent Expense Supplemental": 1734000.0,
        "Diluted Average Shares": 49478236.0,
        "Basic Average Shares": 48759369.0,
        "Diluted EPS": 1.04,
        "Basic EPS": 1.06,
        "Diluted NI Availto Com Stockholders": 51517000.0,
        "Net Income Common Stockholders": 51517000.0,
        "Net Income": 51517000.0,
        "Net Income Including Noncontrolling Interests": 51517000.0,
        "Net Income Continuous Operations": 51517000.0,
        "Tax Provision": 17513000.0,
        "Pretax Income": 69030000.0,
        "Special Income Charges": 0.0,
        "Write Off": 0.0,
        "Gain On Sale Of Security": -79000.0,
        "Depreciation Amortization Depletion Income Statement": 1047000.0,
        "Depreciation And Amortization In Income Statement": 1047000.0,
        "Amortization": NaN,
        "Amortization Of Intangibles Income Statement": NaN,
        "Depreciation Income Statement": 1047000.0,
        "Selling General And Administration": 37705000.0,
        "General And Administrative Expense": 37705000.0,
        "Insurance And Claims": 2150000.0,
        "Rent And Landing Fees": 1734000.0,
        "Salaries And Wages": 33821000.0,
        "Total Revenue": 125761000.0,
        "Operating Revenue": 125761000.0,
        "Occupancy And Equipment": NaN,
        "Professional Expense And Contract Services Expense": 1876000.0,
        "Other Non Interest Expense": 12627000.0
    },
    "2024-12-31": {
        "Tax Effect Of Unusual Items": -76141.802377,
        "Tax Rate For Calcs": 0.268105,
        "Total Unusual Items": -284000.0,
        "Total Unusual Items Excluding Goodwill": -284000.0,
        "Net Income From Continuing Operation Net Minority Interest": 55908000.0,
        "Reconciled Depreciation": 1132000.0,
        "Net Interest Income": 94296000.0,
        "Interest Expense": 44508000.0,
        "Interest Income": 138804000.0,
        "Normalized Income": 56115858.197623,
        "Net Income From Continuing And Discontinued Operation": 55908000.0,
        "Rent Expense Supplemental": 1686000.0,
        "Diluted Average Shares": 48639936.0,
        "Basic Average Shares": 47771547.0,
        "Diluted EPS": 1.15,
        "Basic EPS": 1.17,
        "Diluted NI Availto Com Stockholders": 55908000.0,
        "Net Income Common Stockholders": 55908000.0,
        "Net Income": 55908000.0,
        "Net Income Including Noncontrolling Interests": 55908000.0,
        "Net Income Continuous Operations": 55908000.0,
        "Tax Provision": 20480000.0,
        "Pretax Income": 76388000.0,
        "Special Income Charges": -284000.0,
        "Write Off": 0.0,
        "Gain On Sale Of Security": 660000.0,
        "Depreciation Amortization Depletion Income Statement": 1132000.0,
        "Depreciation And Amortization In Income Statement": 1132000.0,
        "Amortization": NaN,
        "Amortization Of Intangibles Income Statement": NaN,
        "Depreciation Income Statement": 1132000.0,
        "Selling General And Administration": 37609000.0,
        "General And Administrative Expense": 37609000.0,
        "Insurance And Claims": 2290000.0,
        "Rent And Landing Fees": 1686000.0,
        "Salaries And Wages": 33633000.0,
        "Total Revenue": 149226000.0,
        "Operating Revenue": 149226000.0,
        "Occupancy And Equipment": NaN,
        "Professional Expense And Contract Services Expense": 1269000.0,
        "Other Non Interest Expense": 11518000.0
    },
    "2025-03-31": {
        "Tax Effect Of Unusual Items": 0.0,
        "Tax Rate For Calcs": 0.240105,
        "Total Unusual Items": NaN,
        "Total Unusual Items Excluding Goodwill": NaN,
        "Net Income From Continuing Operation Net Minority Interest": 57173000.0,
        "Reconciled Depreciation": 1104000.0,
        "Net Interest Income": 91743000.0,
        "Interest Expense": 48059000.0,
        "Interest Income": 139802000.0,
        "Normalized Income": 57173000.0,
        "Net Income From Continuing And Discontinued Operation": 57173000.0,
        "Rent Expense Supplemental": 1568000.0,
        "Diluted Average Shares": 47959292.0,
        "Basic Average Shares": 47214050.0,
        "Diluted EPS": 1.19,
        "Basic EPS": 1.21,
        "Diluted NI Availto Com Stockholders": 57173000.0,
        "Net Income Common Stockholders": 57173000.0,
        "Net Income": 57173000.0,
        "Net Income Including Noncontrolling Interests": 57173000.0,
        "Net Income Continuous Operations": 57173000.0,
        "Tax Provision": 18065000.0,
        "Pretax Income": 75238000.0,
        "Special Income Charges": NaN,
        "Write Off": NaN,
        "Gain On Sale Of Security": NaN,
        "Depreciation Amortization Depletion Income Statement": 1104000.0,
        "Depreciation And Amortization In Income Statement": 1104000.0,
        "Amortization": NaN,
        "Amortization Of Intangibles Income Statement": NaN,
        "Depreciation Income Statement": 1104000.0,
        "Selling General And Administration": 37547000.0,
        "General And Administrative Expense": 37547000.0,
        "Insurance And Claims": 2310000.0,
        "Rent And Landing Fees": 1568000.0,
        "Salaries And Wages": 33669000.0,
        "Total Revenue": 175385000.0,
        "Operating Revenue": 175385000.0,
        "Occupancy And Equipment": NaN,
        "Professional Expense And Contract Services Expense": 3067000.0,
        "Other Non Interest Expense": 11576000.0
    }
}