{
    "2023-03-31": {
        "Tax Effect Of Unusual Items": 0.0,
        "Tax Rate For Calcs": 0.0,
        "Normalized EBITDA": -13643016.0,
        "Total Unusual Items": 7484960.0,
        "Total Unusual Items Excluding Goodwill": 7484960.0,
        "Net Income From Continuing Operation Net Minority Interest": -8275162.0,
        "Reconciled Depreciation": 1417349.0,
        "Reconciled Cost Of Revenue": 16655439.0,
        "EBITDA": -6158056.0,
        "EBIT": -7575405.0,
        "Net Interest Income": -699757.0,
        "Interest Expense": 699757.0,
        "Normalized Income": -15760122.0,
        "Net Income From Continuing And Discontinued Operation": -8275162.0,
        "Total Expenses": 35273076.0,
        "Total Operating Income As Reported": -15060365.0,
        "Diluted Average Shares": 226465.0,
        "Basic Average Shares": 226465.0,
        "Diluted EPS": -36.4,
        "Basic EPS": -36.4,
        "Diluted NI Availto Com Stockholders": -8275162.0,
        "Net Income Common Stockholders": -8275162.0,
        "Otherunder Preferred Stock Dividend": NaN,
        "Net Income": -8275162.0,
        "Net Income Including Noncontrolling Interests": -8275162.0,
        "Net Income Continuous Operations": -8275162.0,
        "Pretax Income": -8275162.0,
        "Other Income Expense": 7484960.0,
        "Other Non Operating Income Expenses": NaN,
        "Gain On Sale Of Security": 7484960.0,
        "Net Non Operating Interest Income Expense": -699757.0,
        "Interest Expense Non Operating": 699757.0,
        "Operating Income": -15060365.0,
        "Operating Expense": 18617637.0,
        "Research And Development": 3527521.0,
        "Selling General And Administration": 15090116.0,
        "Gross Profit": 3557272.0,
        "Cost Of Revenue": 16655439.0,
        "Total Revenue": 20212711.0,
        "Operating Revenue": 20212711.0
    },
    "2022-12-31": {
        "Tax Effect Of Unusual Items": 0.0,
        "Tax Rate For Calcs": 0.0,
        "Normalized EBITDA": -14118946.0,
        "Total Unusual Items": -6347824.0,
        "Total Unusual Items Excluding Goodwill": -6347824.0,
        "Net Income From Continuing Operation Net Minority Interest": -23061713.0,
        "Reconciled Depreciation": 1321426.0,
        "Reconciled Cost Of Revenue": 20557553.0,
        "EBITDA": -20466770.0,
        "EBIT": -21788196.0,
        "Net Interest Income": -1273517.0,
        "Interest Expense": 1273517.0,
        "Normalized Income": -16713889.0,
        "Net Income From Continuing And Discontinued Operation": -23061713.0,
        "Total Expenses": 44886951.0,
        "Total Operating Income As Reported": -14986835.0,
        "Diluted Average Shares": NaN,
        "Basic Average Shares": NaN,
        "Diluted EPS": NaN,
        "Basic EPS": NaN,
        "Diluted NI Availto Com Stockholders": -23061713.0,
        "Net Income Common Stockholders": -23061713.0,
        "Otherunder Preferred Stock Dividend": 0.0,
        "Net Income": -23061713.0,
        "Net Income Including Noncontrolling Interests": -23061713.0,
        "Net Income Continuous Operations": -23061713.0,
        "Pretax Income": -23061713.0,
        "Other Income Expense": -6801361.0,
        "Other Non Operating Income Expenses": -453537.0,
        "Gain On Sale Of Security": -6347824.0,
        "Net Non Operating Interest Income Expense": -1273517.0,
        "Interest Expense Non Operating": 1273517.0,
        "Operating Income": -14986835.0,
        "Operating Expense": 24329398.0,
        "Research And Development": 3246467.0,
        "Selling General And Administration": 21082931.0,
        "Gross Profit": 9342563.0,
        "Cost Of Revenue": 20557553.0,
        "Total Revenue": 29900116.0,
        "Operating Revenue": 29900116.0
    },
    "2022-09-30": {
        "Tax Effect Of Unusual Items": 4003712.37,
        "Tax Rate For Calcs": 0.21,
        "Normalized EBITDA": -9125045.0,
        "Total Unusual Items": 19065297.0,
        "Total Unusual Items Excluding Goodwill": 19065297.0,
        "Net Income From Continuing Operation Net Minority Interest": 8006430.0,
        "Reconciled Depreciation": 1385400.0,
        "Reconciled Cost Of Revenue": 22328094.0,
        "EBITDA": 9940252.0,
        "EBIT": 8554852.0,
        "Net Interest Income": -548422.0,
        "Interest Expense": 548422.0,
        "Normalized Income": -7055154.63,
        "Net Income From Continuing And Discontinued Operation": 8006430.0,
        "Total Expenses": 39785905.0,
        "Total Operating Income As Reported": -9540654.0,
        "Diluted Average Shares": 303405.0,
        "Basic Average Shares": 167267.0,
        "Diluted EPS": 1.95,
        "Basic EPS": 3.25,
        "Diluted NI Availto Com Stockholders": 539230.0,
        "Net Income Common Stockholders": 539230.0,
        "Otherunder Preferred Stock Dividend": 7467200.0,
        "Net Income": 8006430.0,
        "Net Income Including Noncontrolling Interests": 8006430.0,
        "Net Income Continuous Operations": 8006430.0,
        "Pretax Income": 8006430.0,
        "Other Income Expense": 18095506.0,
        "Other Non Operating Income Expenses": -969791.0,
        "Gain On Sale Of Security": 19065297.0,
        "Net Non Operating Interest Income Expense": -548422.0,
        "Interest Expense Non Operating": 548422.0,
        "Operating Income": -9540654.0,
        "Operating Expense": 17457811.0,
        "Research And Development": 2781676.0,
        "Selling General And Administration": 14676135.0,
        "Gross Profit": 7917157.0,
        "Cost Of Revenue": 22328094.0,
        "Total Revenue": 30245251.0,
        "Operating Revenue": 30245251.0
    },
    "2022-06-30": {
        "Tax Effect Of Unusual Items": 0.0,
        "Tax Rate For Calcs": 0.0,
        "Normalized EBITDA": -11310454.0,
        "Total Unusual Items": 429572.0,
        "Total Unusual Items Excluding Goodwill": 429572.0,
        "Net Income From Continuing Operation Net Minority Interest": -12136051.0,
        "Reconciled Depreciation": 1162731.0,
        "Reconciled Cost Of Revenue": 12939239.0,
        "EBITDA": -10880882.0,
        "EBIT": -12043613.0,
        "Net Interest Income": -92438.0,
        "Interest Expense": 92438.0,
        "Normalized Income": -12565623.0,
        "Net Income From Continuing And Discontinued Operation": -12136051.0,
        "Total Expenses": 30190532.0,
        "Total Operating Income As Reported": -12302877.0,
        "Diluted Average Shares": 1284110.0,
        "Basic Average Shares": 1284110.0,
        "Diluted EPS": -9.45,
        "Basic EPS": -9.45,
        "Diluted NI Availto Com Stockholders": -12136051.0,
        "Net Income Common Stockholders": -12136051.0,
        "Otherunder Preferred Stock Dividend": NaN,
        "Net Income": -12136051.0,
        "Net Income Including Noncontrolling Interests": -12136051.0,
        "Net Income Continuous Operations": -12136051.0,
        "Pretax Income": -12136051.0,
        "Other Income Expense": 259264.0,
        "Other Non Operating Income Expenses": -170308.0,
        "Gain On Sale Of Security": 429572.0,
        "Net Non Operating Interest Income Expense": -92438.0,
        "Interest Expense Non Operating": 92438.0,
        "Operating Income": -12302877.0,
        "Operating Expense": 17251293.0,
        "Research And Development": 2754351.0,
        "Selling General And Administration": 14496942.0,
        "Gross Profit": 4948416.0,
        "Cost Of Revenue": 12939239.0,
        "Total Revenue": 17887655.0,
        "Operating Revenue": 17887655.0
    },
    "2022-03-31": {
        "Diluted EPS": -14.04,
        "Total Revenue": 17,
        "Gross Profit": 3,
        "Operating Income": -15,
        "EBIT": -14,
        "Net Income": -12
    },
    "2021-12-31": {
        "Diluted EPS": -17.83,
        "Total Revenue": 25,
        "Gross Profit": 7,
        "Operating Income": -15,
        "EBIT": -14,
        "Net Income": -15
    },
    "2021-09-30": {
        "Diluted EPS": -11.18,
        "Total Revenue": 17,
        "Gross Profit": 5,
        "Operating Income": -11,
        "EBIT": -11,
        "Net Income": -9
    },
    "2021-06-30": {
        "Diluted EPS": -13.64,
        "Total Revenue": 16,
        "Gross Profit": 3,
        "Operating Income": -7,
        "EBIT": -7,
        "Net Income": -7
    },
    "2021-03-31": {
        "Diluted EPS": -13.43,
        "Total Revenue": 12,
        "Gross Profit": 3,
        "Operating Income": -6,
        "EBIT": -5,
        "Net Income": -6
    },
    "2020-12-31": {
        "Diluted EPS": 1.49,
        "Total Revenue": 12,
        "Gross Profit": 2,
        "Operating Income": -9,
        "EBIT": -8,
        "Net Income": -11
    },
    "2020-09-30": {
        "Diluted EPS": 0.0,
        "Total Revenue": 17,
        "Gross Profit": 7,
        "Operating Income": 0,
        "EBIT": 1,
        "Net Income": 0
    },
    "2020-06-30": {
        "Diluted EPS": -16.42,
        "Total Revenue": 7,
        "Gross Profit": 2,
        "Operating Income": -2,
        "EBIT": -2,
        "Net Income": -3
    },
    "2020-03-31": {
        "Diluted EPS": -86.57,
        "Total Revenue": 4,
        "Gross Profit": 2,
        "Operating Income": -4,
        "EBIT": -3,
        "Net Income": -5
    },
    "2019-12-31": {
        "Diluted EPS": 192.54,
        "Total Revenue": 5,
        "Gross Profit": 1,
        "Operating Income": -2,
        "EBIT": -2,
        "Net Income": -2
    },
    "2019-09-30": {
        "Diluted EPS": -129.85,
        "Total Revenue": 5,
        "Gross Profit": 1,
        "Operating Income": -2,
        "EBIT": -2,
        "Net Income": -3
    },
    "2019-06-30": {
        "Diluted EPS": 0.0,
        "Total Revenue": 5,
        "Gross Profit": 1,
        "Operating Income": -2,
        "EBIT": -2,
        "Net Income": 0
    },
    "2019-03-31": {
        "Diluted EPS": -373.13,
        "Total Revenue": 5,
        "Gross Profit": 1,
        "Operating Income": -2,
        "EBIT": -2,
        "Net Income": -2
    },
    "2018-12-31": {
        "Diluted EPS": NaN,
        "Total Revenue": 3,
        "Gross Profit": 1,
        "Operating Income": -2,
        "EBIT": 2,
        "Net Income": -25
    },
    "2018-09-30": {
        "Diluted EPS": -611.94,
        "Total Revenue": 3,
        "Gross Profit": 1,
        "Operating Income": -2,
        "EBIT": -1,
        "Net Income": -3
    },
    "2018-06-30": {
        "Diluted EPS": NaN,
        "Total Revenue": 5,
        "Gross Profit": 1,
        "Operating Income": -2,
        "EBIT": -2,
        "Net Income": -3
    },
    "2018-03-31": {
        "Diluted EPS": -567.16,
        "Total Revenue": 4,
        "Gross Profit": 1,
        "Operating Income": -1,
        "EBIT": 0,
        "Net Income": -1
    },
    "2017-12-31": {
        "Diluted EPS": 0.0,
        "Total Revenue": NaN,
        "Gross Profit": NaN,
        "Operating Income": NaN,
        "EBIT": NaN,
        "Net Income": NaN
    },
    "2017-09-30": {
        "Diluted EPS": -537.31,
        "Total Revenue": 3,
        "Gross Profit": 1,
        "Operating Income": -1,
        "EBIT": -1,
        "Net Income": -1
    },
    "2016-12-31": {
        "Diluted EPS": 0.0,
        "Total Revenue": NaN,
        "Gross Profit": NaN,
        "Operating Income": NaN,
        "EBIT": NaN,
        "Net Income": NaN
    },
    "2023-06-30": {
        "Tax Effect Of Unusual Items": 0.0,
        "Tax Rate For Calcs": 0.0,
        "Normalized EBITDA": -10465623.0,
        "Total Unusual Items": 7242510.0,
        "Total Unusual Items Excluding Goodwill": 7242510.0,
        "Net Income From Continuing Operation Net Minority Interest": -5725370.0,
        "Reconciled Depreciation": 1925832.0,
        "Reconciled Cost Of Revenue": 13038596.0,
        "EBITDA": -3223113.0,
        "EBIT": -5148945.0,
        "Net Interest Income": -576425.0,
        "Interest Expense": 576425.0,
        "Normalized Income": -12967880.0,
        "Net Income From Continuing And Discontinued Operation": -5725370.0,
        "Total Expenses": 30919256.0,
        "Total Operating Income As Reported": -12039687.0,
        "Diluted Average Shares": 242934.0,
        "Basic Average Shares": 242934.0,
        "Diluted EPS": -23.4,
        "Basic EPS": -23.4,
        "Diluted NI Availto Com Stockholders": -5725370.0,
        "Net Income Common Stockholders": -5725370.0,
        "Otherunder Preferred Stock Dividend": NaN,
        "Net Income": -5725370.0,
        "Net Income Including Noncontrolling Interests": -5725370.0,
        "Net Income Continuous Operations": -5725370.0,
        "Pretax Income": -5725370.0,
        "Other Income Expense": 6890742.0,
        "Other Non Operating Income Expenses": -351768.0,
        "Gain On Sale Of Security": 7242510.0,
        "Net Non Operating Interest Income Expense": -576425.0,
        "Interest Expense Non Operating": 576425.0,
        "Operating Income": -12039687.0,
        "Operating Expense": 17880660.0,
        "Research And Development": 2913403.0,
        "Selling General And Administration": 14967257.0,
        "Gross Profit": 5840973.0,
        "Cost Of Revenue": 13038596.0,
        "Total Revenue": 18879569.0,
        "Operating Revenue": 18879569.0
    },
    "2023-09-30": {
        "Tax Effect Of Unusual Items": 0.0,
        "Tax Rate For Calcs": 0.0,
        "Normalized EBITDA": -15291236.0,
        "Total Unusual Items": 3033537.0,
        "Total Unusual Items Excluding Goodwill": 3033537.0,
        "Net Income From Continuing Operation Net Minority Interest": -14248574.0,
        "Reconciled Depreciation": 1844008.0,
        "Reconciled Cost Of Revenue": 15717233.0,
        "EBITDA": -12257699.0,
        "EBIT": -14101707.0,
        "Net Interest Income": -146867.0,
        "Interest Expense": 146867.0,
        "Normalized Income": -17282111.0,
        "Net Income From Continuing And Discontinued Operation": -14248574.0,
        "Total Expenses": 31205648.0,
        "Total Operating Income As Reported": -10575441.0,
        "Diluted Average Shares": 481508.0,
        "Basic Average Shares": 481508.0,
        "Diluted EPS": -29.9,
        "Basic EPS": -29.9,
        "Diluted NI Availto Com Stockholders": -14248574.0,
        "Net Income Common Stockholders": -14248574.0,
        "Otherunder Preferred Stock Dividend": 0.0,
        "Net Income": -14248574.0,
        "Net Income Including Noncontrolling Interests": -14248574.0,
        "Net Income Continuous Operations": -14248574.0,
        "Pretax Income": -14248574.0,
        "Other Income Expense": -3526266.0,
        "Other Non Operating Income Expenses": -6559803.0,
        "Gain On Sale Of Security": 3033537.0,
        "Net Non Operating Interest Income Expense": -146867.0,
        "Interest Expense Non Operating": 146867.0,
        "Operating Income": -10575441.0,
        "Operating Expense": 15488415.0,
        "Research And Development": 2916349.0,
        "Selling General And Administration": 12572066.0,
        "Gross Profit": 4912974.0,
        "Cost Of Revenue": 15717233.0,
        "Total Revenue": 20630207.0,
        "Operating Revenue": 20630207.0
    }
}