{
    "2023-03-31": {
        "Tax Effect Of Unusual Items": NaN,
        "Tax Rate For Calcs": NaN,
        "Normalized EBITDA": NaN,
        "Total Unusual Items": NaN,
        "Total Unusual Items Excluding Goodwill": NaN,
        "Net Income From Continuing Operation Net Minority Interest": NaN,
        "Reconciled Depreciation": NaN,
        "EBITDA": NaN,
        "EBIT": NaN,
        "Net Interest Income": NaN,
        "Interest Expense": NaN,
        "Interest Income": NaN,
        "Normalized Income": NaN,
        "Net Income From Continuing And Discontinued Operation": NaN,
        "Total Expenses": NaN,
        "Total Operating Income As Reported": NaN,
        "Diluted Average Shares": NaN,
        "Basic Average Shares": NaN,
        "Diluted EPS": NaN,
        "Basic EPS": NaN,
        "Diluted NI Availto Com Stockholders": NaN,
        "Net Income Common Stockholders": NaN,
        "Net Income": NaN,
        "Net Income Including Noncontrolling Interests": NaN,
        "Net Income Discontinuous Operations": 0.0,
        "Net Income Continuous Operations": NaN,
        "Tax Provision": NaN,
        "Pretax Income": NaN,
        "Other Income Expense": -1574000.0,
        "Special Income Charges": NaN,
        "Impairment Of Capital Assets": NaN,
        "Restructuring And Mergern Acquisition": NaN,
        "Net Non Operating Interest Income Expense": NaN,
        "Interest Expense Non Operating": NaN,
        "Interest Income Non Operating": NaN,
        "Operating Income": NaN,
        "Operating Expense": NaN,
        "Research And Development": NaN,
        "Selling General And Administration": NaN,
        "Total Revenue": NaN,
        "Operating Revenue": NaN
    },
    "2022-12-31": {
        "Tax Effect Of Unusual Items": NaN,
        "Tax Rate For Calcs": NaN,
        "Normalized EBITDA": NaN,
        "Total Unusual Items": NaN,
        "Total Unusual Items Excluding Goodwill": NaN,
        "Net Income From Continuing Operation Net Minority Interest": NaN,
        "Reconciled Depreciation": NaN,
        "EBITDA": NaN,
        "EBIT": NaN,
        "Net Interest Income": NaN,
        "Interest Expense": NaN,
        "Interest Income": NaN,
        "Normalized Income": NaN,
        "Net Income From Continuing And Discontinued Operation": NaN,
        "Total Expenses": NaN,
        "Total Operating Income As Reported": NaN,
        "Diluted Average Shares": NaN,
        "Basic Average Shares": NaN,
        "Diluted EPS": NaN,
        "Basic EPS": NaN,
        "Diluted NI Availto Com Stockholders": NaN,
        "Net Income Common Stockholders": NaN,
        "Net Income": NaN,
        "Net Income Including Noncontrolling Interests": NaN,
        "Net Income Discontinuous Operations": 3894000.0,
        "Net Income Continuous Operations": NaN,
        "Tax Provision": NaN,
        "Pretax Income": NaN,
        "Other Income Expense": -1411000.0,
        "Special Income Charges": NaN,
        "Other Special Charges": 0.0,
        "Impairment Of Capital Assets": NaN,
        "Restructuring And Mergern Acquisition": NaN,
        "Net Non Operating Interest Income Expense": NaN,
        "Interest Expense Non Operating": NaN,
        "Interest Income Non Operating": NaN,
        "Operating Income": NaN,
        "Operating Expense": NaN,
        "Research And Development": NaN,
        "Selling General And Administration": NaN,
        "Total Revenue": NaN,
        "Operating Revenue": NaN
    },
    "2022-09-30": {
        "Tax Effect Of Unusual Items": NaN,
        "Tax Rate For Calcs": NaN,
        "Normalized EBITDA": NaN,
        "Total Unusual Items": NaN,
        "Total Unusual Items Excluding Goodwill": NaN,
        "Net Income From Continuing Operation Net Minority Interest": NaN,
        "Reconciled Depreciation": NaN,
        "EBITDA": NaN,
        "EBIT": NaN,
        "Net Interest Income": NaN,
        "Interest Expense": NaN,
        "Interest Income": NaN,
        "Normalized Income": NaN,
        "Net Income From Continuing And Discontinued Operation": NaN,
        "Total Expenses": NaN,
        "Total Operating Income As Reported": NaN,
        "Diluted Average Shares": NaN,
        "Basic Average Shares": NaN,
        "Diluted EPS": NaN,
        "Basic EPS": NaN,
        "Diluted NI Availto Com Stockholders": NaN,
        "Net Income Common Stockholders": NaN,
        "Net Income": NaN,
        "Net Income Including Noncontrolling Interests": NaN,
        "Net Income Discontinuous Operations": NaN,
        "Net Income Continuous Operations": NaN,
        "Tax Provision": NaN,
        "Pretax Income": NaN,
        "Other Income Expense": -3543000.0,
        "Special Income Charges": NaN,
        "Other Special Charges": 3034000.0,
        "Restructuring And Mergern Acquisition": NaN,
        "Net Non Operating Interest Income Expense": NaN,
        "Interest Expense Non Operating": NaN,
        "Interest Income Non Operating": NaN,
        "Operating Income": NaN,
        "Operating Expense": NaN,
        "Research And Development": NaN,
        "Selling General And Administration": NaN,
        "Total Revenue": NaN,
        "Operating Revenue": NaN
    },
    "2022-06-30": {
        "Tax Effect Of Unusual Items": -3277.208394,
        "Tax Rate For Calcs": 0.00061,
        "Normalized EBITDA": 9060000.0,
        "Total Unusual Items": -5372000.0,
        "Total Unusual Items Excluding Goodwill": -5372000.0,
        "Net Income From Continuing Operation Net Minority Interest": -8191000.0,
        "Reconciled Depreciation": 2201000.0,
        "EBITDA": 3688000.0,
        "EBIT": 3688000.0,
        "Net Interest Income": -9444000.0,
        "Interest Expense": 11884000.0,
        "Interest Income": 2440000.0,
        "Normalized Income": -2822277.208394,
        "Net Income From Continuing And Discontinued Operation": -8191000.0,
        "Total Expenses": 32557000.0,
        "Total Operating Income As Reported": -26879000.0,
        "Diluted Average Shares": 76270000.0,
        "Basic Average Shares": 76270000.0,
        "Diluted EPS": -0.11,
        "Basic EPS": -0.11,
        "Diluted NI Availto Com Stockholders": -8191000.0,
        "Net Income Common Stockholders": -8191000.0,
        "Net Income": -8191000.0,
        "Net Income Including Noncontrolling Interests": -8191000.0,
        "Net Income Discontinuous Operations": NaN,
        "Net Income Continuous Operations": -8191000.0,
        "Tax Provision": -5000.0,
        "Pretax Income": -8196000.0,
        "Other Income Expense": 22755000.0,
        "Special Income Charges": -5372000.0,
        "Other Special Charges": NaN,
        "Restructuring And Mergern Acquisition": 5372000.0,
        "Earnings From Equity Interest": 28127000.0,
        "Net Non Operating Interest Income Expense": -9444000.0,
        "Interest Expense Non Operating": 11884000.0,
        "Interest Income Non Operating": 2440000.0,
        "Operating Income": -21507000.0,
        "Operating Expense": 32557000.0,
        "Research And Development": 15571000.0,
        "Selling General And Administration": 16986000.0,
        "Total Revenue": 11050000.0,
        "Operating Revenue": 11050000.0
    },
    "2022-03-31": {
        "Diluted EPS": -0.34,
        "Total Revenue": 13,
        "Gross Profit": 13,
        "Operating Income": -37,
        "EBIT": -36,
        "Net Income": -26
    },
    "2021-12-31": {
        "Diluted EPS": -0.35,
        "Total Revenue": 15,
        "Gross Profit": 15,
        "Operating Income": -56,
        "EBIT": -56,
        "Net Income": -32
    },
    "2021-09-30": {
        "Diluted EPS": -0.48,
        "Total Revenue": 13,
        "Gross Profit": 13,
        "Operating Income": -54,
        "EBIT": -52,
        "Net Income": -35
    },
    "2021-06-30": {
        "Diluted EPS": -0.8,
        "Total Revenue": 13,
        "Gross Profit": 13,
        "Operating Income": -64,
        "EBIT": -63,
        "Net Income": -52
    },
    "2021-03-31": {
        "Diluted EPS": -1.24,
        "Total Revenue": 14,
        "Gross Profit": 14,
        "Operating Income": -84,
        "EBIT": -82,
        "Net Income": -80
    },
    "2020-12-31": {
        "Diluted EPS": -0.9,
        "Total Revenue": 19,
        "Gross Profit": 19,
        "Operating Income": -76,
        "EBIT": -77,
        "Net Income": -58
    },
    "2020-09-30": {
        "Diluted EPS": -1.16,
        "Total Revenue": 18,
        "Gross Profit": 18,
        "Operating Income": -77,
        "EBIT": -75,
        "Net Income": -74
    },
    "2020-06-30": {
        "Diluted EPS": -1.0,
        "Total Revenue": 15,
        "Gross Profit": 15,
        "Operating Income": -72,
        "EBIT": -71,
        "Net Income": -63
    },
    "2020-03-31": {
        "Diluted EPS": -1.4,
        "Total Revenue": 20,
        "Gross Profit": 20,
        "Operating Income": -72,
        "EBIT": -71,
        "Net Income": -83
    },
    "2019-12-31": {
        "Diluted EPS": -1.16,
        "Total Revenue": 29,
        "Gross Profit": 29,
        "Operating Income": -71,
        "EBIT": -70,
        "Net Income": -66
    },
    "2019-09-30": {
        "Diluted EPS": -1.05,
        "Total Revenue": 12,
        "Gross Profit": 12,
        "Operating Income": -65,
        "EBIT": -64,
        "Net Income": -58
    },
    "2019-06-30": {
        "Diluted EPS": -0.72,
        "Total Revenue": 26,
        "Gross Profit": 26,
        "Operating Income": -42,
        "EBIT": -42,
        "Net Income": -40
    },
    "2019-03-31": {
        "Diluted EPS": -1.32,
        "Total Revenue": 5,
        "Gross Profit": 5,
        "Operating Income": -74,
        "EBIT": -73,
        "Net Income": -73
    },
    "2018-12-31": {
        "Diluted EPS": -0.91,
        "Total Revenue": 16,
        "Gross Profit": 15,
        "Operating Income": -63,
        "EBIT": -62,
        "Net Income": -50
    },
    "2018-09-30": {
        "Diluted EPS": -1.1,
        "Total Revenue": 13,
        "Gross Profit": 12,
        "Operating Income": -62,
        "EBIT": -62,
        "Net Income": -59
    },
    "2018-06-30": {
        "Diluted EPS": -0.76,
        "Total Revenue": 23,
        "Gross Profit": 25,
        "Operating Income": -49,
        "EBIT": -48,
        "Net Income": -41
    },
    "2018-03-31": {
        "Diluted EPS": -1.22,
        "Total Revenue": 8,
        "Gross Profit": 7,
        "Operating Income": -65,
        "EBIT": -64,
        "Net Income": -65
    },
    "2017-12-31": {
        "Diluted EPS": -1.64,
        "Total Revenue": 5,
        "Gross Profit": 1,
        "Operating Income": -79,
        "EBIT": -78,
        "Net Income": -87
    },
    "2017-09-30": {
        "Diluted EPS": -1.27,
        "Total Revenue": 4,
        "Gross Profit": 3,
        "Operating Income": -57,
        "EBIT": -56,
        "Net Income": -67
    },
    "2017-06-30": {
        "Diluted EPS": -1.27,
        "Total Revenue": 4,
        "Gross Profit": 2,
        "Operating Income": -65,
        "EBIT": -64,
        "Net Income": -66
    },
    "2017-03-31": {
        "Diluted EPS": -1.27,
        "Total Revenue": 3,
        "Gross Profit": 3,
        "Operating Income": -59,
        "EBIT": -58,
        "Net Income": -65
    },
    "2016-12-31": {
        "Diluted EPS": -1.37,
        "Total Revenue": 6,
        "Gross Profit": 5,
        "Operating Income": -58,
        "EBIT": -57,
        "Net Income": -67
    },
    "2016-09-30": {
        "Diluted EPS": -0.73,
        "Total Revenue": 19,
        "Gross Profit": 19,
        "Operating Income": -33,
        "EBIT": -33,
        "Net Income": -34
    },
    "2016-06-30": {
        "Diluted EPS": -1.06,
        "Total Revenue": 5,
        "Gross Profit": 5,
        "Operating Income": -47,
        "EBIT": -47,
        "Net Income": -47
    },
    "2016-03-31": {
        "Diluted EPS": -1.1,
        "Total Revenue": 18,
        "Gross Profit": 18,
        "Operating Income": -42,
        "EBIT": -41,
        "Net Income": -42
    },
    "2015-12-31": {
        "Diluted EPS": -1.23,
        "Total Revenue": 4,
        "Gross Profit": 1,
        "Operating Income": -56,
        "EBIT": -55,
        "Net Income": -45
    },
    "2015-09-30": {
        "Diluted EPS": -1.4,
        "Total Revenue": 11,
        "Gross Profit": 10,
        "Operating Income": -43,
        "EBIT": -42,
        "Net Income": -47
    },
    "2015-06-30": {
        "Diluted EPS": -1.42,
        "Total Revenue": 7,
        "Gross Profit": 7,
        "Operating Income": -45,
        "EBIT": -45,
        "Net Income": -48
    },
    "2015-03-31": {
        "Diluted EPS": -1.29,
        "Total Revenue": 20,
        "Gross Profit": 20,
        "Operating Income": -38,
        "EBIT": -37,
        "Net Income": -42
    },
    "2014-12-31": {
        "Diluted EPS": -2.02,
        "Total Revenue": 1,
        "Gross Profit": -2,
        "Operating Income": -66,
        "EBIT": -65,
        "Net Income": -64
    },
    "2014-09-30": {
        "Diluted EPS": -1.72,
        "Total Revenue": 6,
        "Gross Profit": 6,
        "Operating Income": -50,
        "EBIT": -49,
        "Net Income": -54
    },
    "2014-06-30": {
        "Diluted EPS": -1.83,
        "Total Revenue": 3,
        "Gross Profit": 3,
        "Operating Income": -57,
        "EBIT": -56,
        "Net Income": -58
    },
    "2014-03-31": {
        "Diluted EPS": -1.89,
        "Total Revenue": 1,
        "Gross Profit": 1,
        "Operating Income": -60,
        "EBIT": -59,
        "Net Income": -60
    },
    "2013-12-31": {
        "Diluted EPS": -1.39,
        "Total Revenue": 0,
        "Gross Profit": 0,
        "Operating Income": -44,
        "EBIT": -43,
        "Net Income": -44
    },
    "2013-09-30": {
        "Diluted EPS": -1.29,
        "Total Revenue": 0,
        "Gross Profit": 0,
        "Operating Income": -41,
        "EBIT": -41,
        "Net Income": -41
    },
    "2013-06-30": {
        "Diluted EPS": -1.23,
        "Total Revenue": 0,
        "Gross Profit": 0,
        "Operating Income": -39,
        "EBIT": -38,
        "Net Income": -39
    },
    "2013-03-31": {
        "Diluted EPS": 0.0,
        "Total Revenue": 0,
        "Gross Profit": 0,
        "Operating Income": -32,
        "EBIT": -31,
        "Net Income": -32
    },
    "2012-12-31": {
        "Diluted EPS": 0.0,
        "Total Revenue": NaN,
        "Gross Profit": NaN,
        "Operating Income": NaN,
        "EBIT": NaN,
        "Net Income": NaN
    },
    "2011-12-31": {
        "Diluted EPS": 0.0,
        "Total Revenue": NaN,
        "Gross Profit": NaN,
        "Operating Income": NaN,
        "EBIT": NaN,
        "Net Income": NaN
    },
    "2023-06-30": {
        "Tax Effect Of Unusual Items": NaN,
        "Tax Rate For Calcs": NaN,
        "Normalized EBITDA": NaN,
        "Total Unusual Items": NaN,
        "Total Unusual Items Excluding Goodwill": NaN,
        "Net Income From Continuing Operation Net Minority Interest": NaN,
        "Reconciled Depreciation": NaN,
        "EBITDA": NaN,
        "EBIT": NaN,
        "Net Interest Income": NaN,
        "Interest Expense": NaN,
        "Interest Income": NaN,
        "Normalized Income": NaN,
        "Net Income From Continuing And Discontinued Operation": NaN,
        "Total Expenses": NaN,
        "Total Operating Income As Reported": NaN,
        "Diluted Average Shares": NaN,
        "Basic Average Shares": NaN,
        "Diluted EPS": NaN,
        "Basic EPS": NaN,
        "Diluted NI Availto Com Stockholders": NaN,
        "Net Income Common Stockholders": NaN,
        "Net Income": NaN,
        "Net Income Including Noncontrolling Interests": NaN,
        "Net Income Discontinuous Operations": 0.0,
        "Net Income Continuous Operations": NaN,
        "Tax Provision": NaN,
        "Pretax Income": NaN,
        "Other Income Expense": -1169000.0,
        "Special Income Charges": NaN,
        "Impairment Of Capital Assets": 0.0,
        "Restructuring And Mergern Acquisition": NaN,
        "Net Non Operating Interest Income Expense": NaN,
        "Interest Expense Non Operating": NaN,
        "Interest Income Non Operating": NaN,
        "Operating Income": NaN,
        "Operating Expense": NaN,
        "Research And Development": NaN,
        "Selling General And Administration": NaN,
        "Total Revenue": NaN,
        "Operating Revenue": NaN
    },
    "2023-09-30": {
        "Tax Effect Of Unusual Items": NaN,
        "Tax Rate For Calcs": NaN,
        "Normalized EBITDA": NaN,
        "Total Unusual Items": NaN,
        "Total Unusual Items Excluding Goodwill": NaN,
        "Net Income From Continuing Operation Net Minority Interest": NaN,
        "Reconciled Depreciation": NaN,
        "EBITDA": NaN,
        "EBIT": NaN,
        "Net Interest Income": NaN,
        "Interest Expense": NaN,
        "Interest Income": NaN,
        "Normalized Income": NaN,
        "Net Income From Continuing And Discontinued Operation": NaN,
        "Total Expenses": NaN,
        "Total Operating Income As Reported": NaN,
        "Diluted Average Shares": NaN,
        "Basic Average Shares": NaN,
        "Diluted EPS": NaN,
        "Basic EPS": NaN,
        "Diluted NI Availto Com Stockholders": NaN,
        "Net Income Common Stockholders": NaN,
        "Net Income": NaN,
        "Net Income Including Noncontrolling Interests": NaN,
        "Net Income Discontinuous Operations": 0.0,
        "Net Income Continuous Operations": NaN,
        "Tax Provision": NaN,
        "Pretax Income": NaN,
        "Other Income Expense": NaN,
        "Special Income Charges": NaN,
        "Impairment Of Capital Assets": 0.0,
        "Restructuring And Mergern Acquisition": NaN,
        "Net Non Operating Interest Income Expense": NaN,
        "Interest Expense Non Operating": NaN,
        "Interest Income Non Operating": NaN,
        "Operating Income": NaN,
        "Operating Expense": NaN,
        "Research And Development": NaN,
        "Selling General And Administration": NaN,
        "Total Revenue": NaN,
        "Operating Revenue": NaN
    },
    "2023-12-31": {
        "Tax Effect Of Unusual Items": NaN,
        "Tax Rate For Calcs": NaN,
        "Normalized EBITDA": NaN,
        "Total Unusual Items": NaN,
        "Total Unusual Items Excluding Goodwill": NaN,
        "Net Income From Continuing Operation Net Minority Interest": NaN,
        "Reconciled Depreciation": NaN,
        "EBITDA": NaN,
        "EBIT": NaN,
        "Net Interest Income": NaN,
        "Interest Expense": NaN,
        "Interest Income": NaN,
        "Normalized Income": NaN,
        "Net Income From Continuing And Discontinued Operation": NaN,
        "Total Expenses": NaN,
        "Total Operating Income As Reported": NaN,
        "Diluted Average Shares": NaN,
        "Basic Average Shares": NaN,
        "Diluted EPS": NaN,
        "Basic EPS": NaN,
        "Diluted NI Availto Com Stockholders": NaN,
        "Net Income Common Stockholders": NaN,
        "Net Income": NaN,
        "Net Income Including Noncontrolling Interests": NaN,
        "Net Income Discontinuous Operations": 0.0,
        "Net Income Continuous Operations": NaN,
        "Tax Provision": NaN,
        "Pretax Income": NaN,
        "Other Income Expense": 0.0,
        "Special Income Charges": NaN,
        "Gain On Sale Of Business": NaN,
        "Impairment Of Capital Assets": NaN,
        "Restructuring And Mergern Acquisition": 0.0,
        "Net Non Operating Interest Income Expense": NaN,
        "Interest Expense Non Operating": NaN,
        "Interest Income Non Operating": NaN,
        "Operating Income": NaN,
        "Operating Expense": NaN,
        "Research And Development": NaN,
        "Selling General And Administration": NaN,
        "Total Revenue": NaN,
        "Operating Revenue": NaN
    },
    "2024-03-31": {
        "Tax Effect Of Unusual Items": NaN,
        "Tax Rate For Calcs": NaN,
        "Normalized EBITDA": NaN,
        "Total Unusual Items": NaN,
        "Total Unusual Items Excluding Goodwill": NaN,
        "Net Income From Continuing Operation Net Minority Interest": NaN,
        "Reconciled Depreciation": NaN,
        "EBITDA": NaN,
        "EBIT": NaN,
        "Net Interest Income": NaN,
        "Interest Expense": NaN,
        "Interest Income": NaN,
        "Normalized Income": NaN,
        "Net Income From Continuing And Discontinued Operation": NaN,
        "Total Expenses": NaN,
        "Total Operating Income As Reported": NaN,
        "Diluted Average Shares": NaN,
        "Basic Average Shares": NaN,
        "Diluted EPS": NaN,
        "Basic EPS": NaN,
        "Diluted NI Availto Com Stockholders": NaN,
        "Net Income Common Stockholders": NaN,
        "Net Income": NaN,
        "Net Income Including Noncontrolling Interests": NaN,
        "Net Income Continuous Operations": NaN,
        "Tax Provision": NaN,
        "Pretax Income": NaN,
        "Other Income Expense": NaN,
        "Special Income Charges": NaN,
        "Gain On Sale Of Ppe": NaN,
        "Gain On Sale Of Business": NaN,
        "Impairment Of Capital Assets": NaN,
        "Restructuring And Mergern Acquisition": 0.0,
        "Net Non Operating Interest Income Expense": NaN,
        "Interest Expense Non Operating": NaN,
        "Interest Income Non Operating": NaN,
        "Operating Income": NaN,
        "Operating Expense": NaN,
        "Research And Development": NaN,
        "Selling General And Administration": NaN,
        "Total Revenue": NaN,
        "Operating Revenue": NaN
    },
    "2024-06-30": {
        "Tax Effect Of Unusual Items": NaN,
        "Tax Rate For Calcs": NaN,
        "Normalized EBITDA": NaN,
        "Total Unusual Items": -2951000.0,
        "Total Unusual Items Excluding Goodwill": -2951000.0,
        "Net Income From Continuing Operation Net Minority Interest": NaN,
        "Reconciled Depreciation": NaN,
        "EBITDA": NaN,
        "EBIT": NaN,
        "Net Interest Income": NaN,
        "Interest Expense": NaN,
        "Interest Income": NaN,
        "Normalized Income": NaN,
        "Net Income From Continuing And Discontinued Operation": NaN,
        "Total Expenses": NaN,
        "Total Operating Income As Reported": NaN,
        "Diluted Average Shares": NaN,
        "Basic Average Shares": NaN,
        "Diluted EPS": NaN,
        "Basic EPS": NaN,
        "Diluted NI Availto Com Stockholders": NaN,
        "Net Income Common Stockholders": NaN,
        "Net Income": NaN,
        "Net Income Including Noncontrolling Interests": NaN,
        "Net Income Continuous Operations": NaN,
        "Tax Provision": NaN,
        "Pretax Income": NaN,
        "Other Income Expense": -2951000.0,
        "Special Income Charges": -2951000.0,
        "Gain On Sale Of Ppe": 0.0,
        "Gain On Sale Of Business": 0.0,
        "Impairment Of Capital Assets": 2951000.0,
        "Restructuring And Mergern Acquisition": 0.0,
        "Net Non Operating Interest Income Expense": NaN,
        "Interest Expense Non Operating": NaN,
        "Interest Income Non Operating": NaN,
        "Operating Income": NaN,
        "Operating Expense": NaN,
        "Research And Development": NaN,
        "Selling General And Administration": NaN,
        "Total Revenue": NaN,
        "Operating Revenue": NaN
    },
    "2024-09-30": {
        "Tax Effect Of Unusual Items": -328020.0,
        "Tax Rate For Calcs": 0.21,
        "Normalized EBITDA": -7098000.0,
        "Total Unusual Items": -1562000.0,
        "Total Unusual Items Excluding Goodwill": -1562000.0,
        "Net Income From Continuing Operation Net Minority Interest": -12698000.0,
        "Reconciled Depreciation": 762000.0,
        "EBITDA": -8660000.0,
        "EBIT": -9422000.0,
        "Net Interest Income": 785000.0,
        "Interest Expense": 630000.0,
        "Interest Income": 1415000.0,
        "Normalized Income": -11464020.0,
        "Net Income From Continuing And Discontinued Operation": -12698000.0,
        "Total Expenses": 26143000.0,
        "Total Operating Income As Reported": -10837000.0,
        "Diluted Average Shares": 49038000.0,
        "Basic Average Shares": 49038000.0,
        "Diluted EPS": -0.26,
        "Basic EPS": -0.26,
        "Diluted NI Availto Com Stockholders": -12698000.0,
        "Net Income Common Stockholders": -12698000.0,
        "Net Income": -12698000.0,
        "Net Income Including Noncontrolling Interests": -12698000.0,
        "Net Income Continuous Operations": -12698000.0,
        "Tax Provision": 2646000.0,
        "Pretax Income": -10052000.0,
        "Other Income Expense": -1562000.0,
        "Special Income Charges": -1562000.0,
        "Gain On Sale Of Ppe": 0.0,
        "Gain On Sale Of Business": NaN,
        "Impairment Of Capital Assets": 1562000.0,
        "Restructuring And Mergern Acquisition": 0.0,
        "Net Non Operating Interest Income Expense": 785000.0,
        "Interest Expense Non Operating": 630000.0,
        "Interest Income Non Operating": 1415000.0,
        "Operating Income": -9275000.0,
        "Operating Expense": 26143000.0,
        "Research And Development": 9268000.0,
        "Selling General And Administration": 16875000.0,
        "Total Revenue": 16868000.0,
        "Operating Revenue": 16868000.0
    },
    "2024-12-31": {
        "Tax Effect Of Unusual Items": 0.0,
        "Tax Rate For Calcs": 0.21,
        "Normalized EBITDA": -7601000.0,
        "Total Unusual Items": 0.0,
        "Total Unusual Items Excluding Goodwill": 0.0,
        "Net Income From Continuing Operation Net Minority Interest": -15527000.0,
        "Reconciled Depreciation": 695000.0,
        "EBITDA": -7601000.0,
        "EBIT": -8296000.0,
        "Net Interest Income": 261000.0,
        "Interest Expense": 643000.0,
        "Interest Income": 904000.0,
        "Normalized Income": -15527000.0,
        "Net Income From Continuing And Discontinued Operation": -15527000.0,
        "Total Expenses": 27954000.0,
        "Total Operating Income As Reported": -9200000.0,
        "Diluted Average Shares": 49306000.0,
        "Basic Average Shares": 49306000.0,
        "Diluted EPS": -0.31,
        "Basic EPS": -0.31,
        "Diluted NI Availto Com Stockholders": -15527000.0,
        "Net Income Common Stockholders": -15527000.0,
        "Net Income": -15527000.0,
        "Net Income Including Noncontrolling Interests": -15527000.0,
        "Net Income Continuous Operations": -15527000.0,
        "Tax Provision": 6588000.0,
        "Pretax Income": -8939000.0,
        "Other Income Expense": 0.0,
        "Special Income Charges": 0.0,
        "Gain On Sale Of Ppe": NaN,
        "Gain On Sale Of Business": NaN,
        "Impairment Of Capital Assets": 0.0,
        "Restructuring And Mergern Acquisition": 0.0,
        "Net Non Operating Interest Income Expense": 261000.0,
        "Interest Expense Non Operating": 643000.0,
        "Interest Income Non Operating": 904000.0,
        "Operating Income": -9200000.0,
        "Operating Expense": 27954000.0,
        "Research And Development": 9453000.0,
        "Selling General And Administration": 18501000.0,
        "Total Revenue": 18754000.0,
        "Operating Revenue": 18754000.0
    },
    "2025-03-31": {
        "Tax Effect Of Unusual Items": 0.0,
        "Tax Rate For Calcs": 0.039539,
        "Normalized EBITDA": -12443000.0,
        "Total Unusual Items": NaN,
        "Total Unusual Items Excluding Goodwill": NaN,
        "Net Income From Continuing Operation Net Minority Interest": -13579000.0,
        "Reconciled Depreciation": 1052000.0,
        "EBITDA": -12443000.0,
        "EBIT": -13495000.0,
        "Net Interest Income": 296000.0,
        "Interest Expense": 643000.0,
        "Interest Income": 939000.0,
        "Normalized Income": -13579000.0,
        "Net Income From Continuing And Discontinued Operation": -13579000.0,
        "Total Expenses": 29822000.0,
        "Total Operating Income As Reported": -14434000.0,
        "Diluted Average Shares": 49706000.0,
        "Basic Average Shares": 49706000.0,
        "Diluted EPS": -0.27,
        "Basic EPS": -0.27,
        "Diluted NI Availto Com Stockholders": -13579000.0,
        "Net Income Common Stockholders": -13579000.0,
        "Net Income": -13579000.0,
        "Net Income Including Noncontrolling Interests": -13579000.0,
        "Net Income Continuous Operations": -13579000.0,
        "Tax Provision": -559000.0,
        "Pretax Income": -14138000.0,
        "Other Income Expense": NaN,
        "Special Income Charges": NaN,
        "Gain On Sale Of Ppe": NaN,
        "Gain On Sale Of Business": NaN,
        "Impairment Of Capital Assets": NaN,
        "Restructuring And Mergern Acquisition": NaN,
        "Net Non Operating Interest Income Expense": 296000.0,
        "Interest Expense Non Operating": 643000.0,
        "Interest Income Non Operating": 939000.0,
        "Operating Income": -14434000.0,
        "Operating Expense": 29822000.0,
        "Research And Development": 11452000.0,
        "Selling General And Administration": 18370000.0,
        "Total Revenue": 15388000.0,
        "Operating Revenue": 15388000.0
    },
    "2025-06-30": {
        "Tax Effect Of Unusual Items": 18855583.244543,
        "Tax Rate For Calcs": 0.250949,
        "Normalized EBITDA": -341000.0,
        "Total Unusual Items": 75137000.0,
        "Total Unusual Items Excluding Goodwill": 75137000.0,
        "Net Income From Continuing Operation Net Minority Interest": 54835000.0,
        "Reconciled Depreciation": 927000.0,
        "EBITDA": 74796000.0,
        "EBIT": 73869000.0,
        "Net Interest Income": 794000.0,
        "Interest Expense": 663000.0,
        "Interest Income": 1457000.0,
        "Normalized Income": -1446416.755457,
        "Net Income From Continuing And Discontinued Operation": 54835000.0,
        "Total Expenses": 28920000.0,
        "Total Operating Income As Reported": -2725000.0,
        "Diluted Average Shares": 50726000.0,
        "Basic Average Shares": 50177000.0,
        "Diluted EPS": 1.08,
        "Basic EPS": 1.09,
        "Diluted NI Availto Com Stockholders": 54835000.0,
        "Net Income Common Stockholders": 54835000.0,
        "Net Income": 54835000.0,
        "Net Income Including Noncontrolling Interests": 54835000.0,
        "Net Income Continuous Operations": 54835000.0,
        "Tax Provision": 18371000.0,
        "Pretax Income": 73206000.0,
        "Other Income Expense": 75137000.0,
        "Special Income Charges": 75137000.0,
        "Gain On Sale Of Ppe": 75137000.0,
        "Gain On Sale Of Business": 75137000.0,
        "Impairment Of Capital Assets": 0.0,
        "Restructuring And Mergern Acquisition": NaN,
        "Net Non Operating Interest Income Expense": 794000.0,
        "Interest Expense Non Operating": 663000.0,
        "Interest Income Non Operating": 1457000.0,
        "Operating Income": -2725000.0,
        "Operating Expense": 28920000.0,
        "Research And Development": 10490000.0,
        "Selling General And Administration": 18430000.0,
        "Total Revenue": 26195000.0,
        "Operating Revenue": 26195000.0
    },
    "2025-09-30": {
        "Tax Effect Of Unusual Items": 0.0,
        "Tax Rate For Calcs": 0.21,
        "Normalized EBITDA": -1680000.0,
        "Total Unusual Items": 0.0,
        "Total Unusual Items Excluding Goodwill": 0.0,
        "Net Income From Continuing Operation Net Minority Interest": 3615000.0,
        "Reconciled Depreciation": 636000.0,
        "EBITDA": -1680000.0,
        "EBIT": -2316000.0,
        "Net Interest Income": 3566000.0,
        "Interest Expense": 573000.0,
        "Interest Income": 4139000.0,
        "Normalized Income": 3615000.0,
        "Net Income From Continuing And Discontinued Operation": 3615000.0,
        "Total Expenses": 26445000.0,
        "Total Operating Income As Reported": -6455000.0,
        "Diluted Average Shares": 51908000.0,
        "Basic Average Shares": 50520000.0,
        "Diluted EPS": 0.07,
        "Basic EPS": 0.07,
        "Diluted NI Availto Com Stockholders": 3615000.0,
        "Net Income Common Stockholders": 3615000.0,
        "Net Income": 3615000.0,
        "Net Income Including Noncontrolling Interests": 3615000.0,
        "Net Income Continuous Operations": 3615000.0,
        "Tax Provision": -6504000.0,
        "Pretax Income": -2889000.0,
        "Other Income Expense": NaN,
        "Special Income Charges": 0.0,
        "Gain On Sale Of Ppe": 0.0,
        "Gain On Sale Of Business": NaN,
        "Impairment Of Capital Assets": 0.0,
        "Restructuring And Mergern Acquisition": NaN,
        "Net Non Operating Interest Income Expense": 3566000.0,
        "Interest Expense Non Operating": 573000.0,
        "Interest Income Non Operating": 4139000.0,
        "Operating Income": -6455000.0,
        "Operating Expense": 26445000.0,
        "Research And Development": 8112000.0,
        "Selling General And Administration": 18333000.0,
        "Total Revenue": 19990000.0,
        "Operating Revenue": 19990000.0
    }
}