{
    "2023-03-31": {
        "Tax Effect Of Unusual Items": 3226.962,
        "Tax Rate For Calcs": 0.267,
        "Total Unusual Items": 12086.0,
        "Total Unusual Items Excluding Goodwill": 12086.0,
        "Net Income From Continuing Operation Net Minority Interest": 332029.0,
        "Reconciled Depreciation": 154491.0,
        "Net Interest Income": 3617025.0,
        "Interest Expense": 1262296.0,
        "Interest Income": 4879321.0,
        "Normalized Income": 323169.962,
        "Net Income From Continuing And Discontinued Operation": 332029.0,
        "Diluted Average Shares": 4974200.0,
        "Basic Average Shares": 4974200.0,
        "Diluted EPS": 0.07,
        "Basic EPS": 0.07,
        "Diluted NI Availto Com Stockholders": 332029.0,
        "Net Income Common Stockholders": 332029.0,
        "Net Income": 332029.0,
        "Net Income Including Noncontrolling Interests": 332029.0,
        "Net Income Continuous Operations": 332029.0,
        "Tax Provision": 120882.0,
        "Pretax Income": 452911.0,
        "Special Income Charges": 12086.0,
        "Other Special Charges": -12086.0,
        "Selling General And Administration": 2062979.0,
        "General And Administrative Expense": 2062979.0,
        "Salaries And Wages": 2062979.0,
        "Total Revenue": 3936717.0,
        "Operating Revenue": 3936717.0,
        "Occupancy And Equipment": 237652.0,
        "Other Non Interest Expense": 1177261.0
    },
    "2022-12-31": {
        "Tax Effect Of Unusual Items": 0.0,
        "Tax Rate For Calcs": 0.21,
        "Total Unusual Items": NaN,
        "Total Unusual Items Excluding Goodwill": NaN,
        "Net Income From Continuing Operation Net Minority Interest": -232994.0,
        "Reconciled Depreciation": 244602.0,
        "Net Interest Income": 3740539.0,
        "Interest Expense": 731375.0,
        "Interest Income": 4471914.0,
        "Normalized Income": -232994.0,
        "Net Income From Continuing And Discontinued Operation": -232994.0,
        "Diluted Average Shares": NaN,
        "Basic Average Shares": NaN,
        "Diluted EPS": NaN,
        "Basic EPS": NaN,
        "Diluted NI Availto Com Stockholders": -232994.0,
        "Net Income Common Stockholders": -232994.0,
        "Net Income": -232994.0,
        "Net Income Including Noncontrolling Interests": -232994.0,
        "Net Income Continuous Operations": -232994.0,
        "Tax Provision": 73124.0,
        "Pretax Income": -159870.0,
        "Special Income Charges": NaN,
        "Other Special Charges": NaN,
        "Selling General And Administration": 2313563.0,
        "General And Administrative Expense": 2313563.0,
        "Salaries And Wages": 2313563.0,
        "Total Revenue": 4101834.0,
        "Operating Revenue": 4101834.0
    },
    "2022-09-30": {
        "Tax Effect Of Unusual Items": NaN,
        "Tax Rate For Calcs": NaN,
        "Total Unusual Items": NaN,
        "Total Unusual Items Excluding Goodwill": NaN,
        "Net Income From Continuing Operation Net Minority Interest": NaN,
        "Reconciled Depreciation": NaN,
        "Net Interest Income": NaN,
        "Interest Expense": NaN,
        "Interest Income": NaN,
        "Normalized Income": NaN,
        "Net Income From Continuing And Discontinued Operation": NaN,
        "Diluted Average Shares": 4870692.0,
        "Basic Average Shares": 4870692.0,
        "Diluted EPS": 0.14,
        "Basic EPS": 0.14,
        "Diluted NI Availto Com Stockholders": NaN,
        "Net Income Common Stockholders": NaN,
        "Net Income": NaN,
        "Net Income Including Noncontrolling Interests": NaN,
        "Net Income Continuous Operations": NaN,
        "Tax Provision": NaN,
        "Pretax Income": NaN,
        "Special Income Charges": NaN,
        "Other Special Charges": NaN,
        "Selling General And Administration": NaN,
        "General And Administrative Expense": NaN,
        "Salaries And Wages": NaN,
        "Total Revenue": NaN,
        "Operating Revenue": NaN
    },
    "2022-06-30": {
        "Tax Effect Of Unusual Items": 0.0,
        "Tax Rate For Calcs": 0.23,
        "Total Unusual Items": NaN,
        "Total Unusual Items Excluding Goodwill": NaN,
        "Net Income From Continuing Operation Net Minority Interest": 594496.0,
        "Reconciled Depreciation": 134723.0,
        "Net Interest Income": 3407507.0,
        "Interest Expense": 176770.0,
        "Interest Income": 3584277.0,
        "Normalized Income": 594496.0,
        "Net Income From Continuing And Discontinued Operation": 594496.0,
        "Diluted Average Shares": 4898350.0,
        "Basic Average Shares": 4898350.0,
        "Diluted EPS": 0.12,
        "Basic EPS": 0.12,
        "Diluted NI Availto Com Stockholders": 594496.0,
        "Net Income Common Stockholders": 594496.0,
        "Net Income": 594496.0,
        "Net Income Including Noncontrolling Interests": 594496.0,
        "Net Income Continuous Operations": 594496.0,
        "Tax Provision": 175942.0,
        "Pretax Income": 770438.0,
        "Special Income Charges": NaN,
        "Other Special Charges": NaN,
        "Selling General And Administration": 1963678.0,
        "General And Administrative Expense": 1963678.0,
        "Salaries And Wages": 1963678.0,
        "Total Revenue": 3954419.0,
        "Operating Revenue": 3954419.0
    },
    "2022-03-31": {
        "Diluted EPS": 0.14,
        "Total Revenue": 4,
        "Gross Profit": 4,
        "Operating Income": 1,
        "EBIT": NaN,
        "Net Income": 1
    },
    "2021-12-31": {
        "Diluted EPS": 0.15,
        "Total Revenue": 4,
        "Gross Profit": 4,
        "Operating Income": 1,
        "EBIT": NaN,
        "Net Income": 1
    },
    "2021-09-30": {
        "Diluted EPS": 0.12,
        "Total Revenue": 4,
        "Gross Profit": 4,
        "Operating Income": 1,
        "EBIT": NaN,
        "Net Income": 1
    },
    "2021-06-30": {
        "Diluted EPS": 0.0,
        "Total Revenue": 4,
        "Gross Profit": 4,
        "Operating Income": 1,
        "EBIT": NaN,
        "Net Income": 1
    },
    "2021-03-31": {
        "Diluted EPS": 0.0,
        "Total Revenue": 4,
        "Gross Profit": 4,
        "Operating Income": 1,
        "EBIT": NaN,
        "Net Income": 1
    },
    "2020-12-31": {
        "Diluted EPS": 0.0,
        "Total Revenue": 4,
        "Gross Profit": 4,
        "Operating Income": -1,
        "EBIT": NaN,
        "Net Income": 0
    },
    "2020-09-30": {
        "Diluted EPS": 0.0,
        "Total Revenue": 4,
        "Gross Profit": 3,
        "Operating Income": 0,
        "EBIT": NaN,
        "Net Income": 0
    },
    "2020-06-30": {
        "Diluted EPS": 0.0,
        "Total Revenue": 4,
        "Gross Profit": 3,
        "Operating Income": 0,
        "EBIT": NaN,
        "Net Income": 0
    },
    "2020-03-31": {
        "Diluted EPS": 0.0,
        "Total Revenue": 4,
        "Gross Profit": 3,
        "Operating Income": 0,
        "EBIT": NaN,
        "Net Income": 0
    },
    "2023-06-30": {
        "Tax Effect Of Unusual Items": 0.0,
        "Tax Rate For Calcs": 0.236,
        "Total Unusual Items": 0.0,
        "Total Unusual Items Excluding Goodwill": 0.0,
        "Net Income From Continuing Operation Net Minority Interest": 146710.0,
        "Reconciled Depreciation": 119326.0,
        "Net Interest Income": 3597608.0,
        "Interest Expense": 1543638.0,
        "Interest Income": 5141246.0,
        "Normalized Income": 146710.0,
        "Net Income From Continuing And Discontinued Operation": 146710.0,
        "Diluted Average Shares": 4868599.0,
        "Basic Average Shares": 4868599.0,
        "Diluted EPS": 0.03,
        "Basic EPS": 0.03,
        "Diluted NI Availto Com Stockholders": 146710.0,
        "Net Income Common Stockholders": 146710.0,
        "Net Income": 146710.0,
        "Net Income Including Noncontrolling Interests": 146710.0,
        "Net Income Continuous Operations": 146710.0,
        "Tax Provision": 45377.0,
        "Pretax Income": 192087.0,
        "Special Income Charges": 0.0,
        "Other Special Charges": NaN,
        "Selling General And Administration": 2188841.0,
        "General And Administrative Expense": 2188841.0,
        "Salaries And Wages": 2188841.0,
        "Total Revenue": 3885905.0,
        "Operating Revenue": 3885905.0,
        "Occupancy And Equipment": 292661.0,
        "Other Non Interest Expense": 1212316.0
    },
    "2023-09-30": {
        "Tax Effect Of Unusual Items": 0.0,
        "Tax Rate For Calcs": 0.238,
        "Total Unusual Items": 0.0,
        "Total Unusual Items Excluding Goodwill": 0.0,
        "Net Income From Continuing Operation Net Minority Interest": -94587.0,
        "Reconciled Depreciation": 206124.0,
        "Net Interest Income": 3334234.0,
        "Interest Expense": 1850494.0,
        "Interest Income": 5184728.0,
        "Normalized Income": -94587.0,
        "Net Income From Continuing And Discontinued Operation": -94587.0,
        "Diluted Average Shares": 4730279.0,
        "Basic Average Shares": 4730279.0,
        "Diluted EPS": -0.02,
        "Basic EPS": -0.02,
        "Diluted NI Availto Com Stockholders": -94587.0,
        "Net Income Common Stockholders": -94587.0,
        "Net Income": -94587.0,
        "Net Income Including Noncontrolling Interests": -94587.0,
        "Net Income Continuous Operations": -94587.0,
        "Tax Provision": -29490.0,
        "Pretax Income": -124077.0,
        "Special Income Charges": 0.0,
        "Other Special Charges": NaN,
        "Selling General And Administration": 2258355.0,
        "General And Administrative Expense": 2258355.0,
        "Salaries And Wages": 2258355.0,
        "Total Revenue": 3617761.0,
        "Operating Revenue": 3617761.0,
        "Occupancy And Equipment": 366036.0,
        "Other Non Interest Expense": 1117447.0
    },
    "2023-12-31": {
        "Tax Effect Of Unusual Items": 0.0,
        "Tax Rate For Calcs": 0.19432,
        "Total Unusual Items": 0.0,
        "Total Unusual Items Excluding Goodwill": 0.0,
        "Net Income From Continuing Operation Net Minority Interest": -118327.0,
        "Reconciled Depreciation": 206407.0,
        "Net Interest Income": 3347181.0,
        "Interest Expense": 2235436.0,
        "Interest Income": 5582617.0,
        "Normalized Income": -118327.0,
        "Net Income From Continuing And Discontinued Operation": -118327.0,
        "Diluted Average Shares": NaN,
        "Basic Average Shares": NaN,
        "Diluted EPS": NaN,
        "Basic EPS": NaN,
        "Diluted NI Availto Com Stockholders": -118327.0,
        "Net Income Common Stockholders": -118327.0,
        "Net Income": -118327.0,
        "Net Income Including Noncontrolling Interests": -118327.0,
        "Net Income Continuous Operations": -118327.0,
        "Tax Provision": -28539.0,
        "Pretax Income": -146866.0,
        "Special Income Charges": 0.0,
        "Other Special Charges": 0.0,
        "Selling General And Administration": 1988001.0,
        "General And Administrative Expense": 1988001.0,
        "Salaries And Wages": 1988001.0,
        "Total Revenue": 3599322.0,
        "Operating Revenue": 3599322.0,
        "Occupancy And Equipment": 398603.0,
        "Other Non Interest Expense": 1202584.0
    },
    "2024-03-31": {
        "Tax Effect Of Unusual Items": 0.0,
        "Tax Rate For Calcs": 0.107,
        "Total Unusual Items": 0.0,
        "Total Unusual Items Excluding Goodwill": 0.0,
        "Net Income From Continuing Operation Net Minority Interest": 22237.0,
        "Reconciled Depreciation": 136970.0,
        "Net Interest Income": 3389459.0,
        "Interest Expense": 2655303.0,
        "Interest Income": 6044762.0,
        "Normalized Income": 22237.0,
        "Net Income From Continuing And Discontinued Operation": 22237.0,
        "Diluted Average Shares": 4361088.0,
        "Basic Average Shares": 4361088.0,
        "Diluted EPS": 0.01,
        "Basic EPS": 0.01,
        "Diluted NI Availto Com Stockholders": 22237.0,
        "Net Income Common Stockholders": 22237.0,
        "Net Income": 22237.0,
        "Net Income Including Noncontrolling Interests": 22237.0,
        "Net Income Continuous Operations": 22237.0,
        "Tax Provision": 2651.0,
        "Pretax Income": 24888.0,
        "Special Income Charges": 0.0,
        "Other Special Charges": NaN,
        "Selling General And Administration": 2094912.0,
        "General And Administrative Expense": 2094912.0,
        "Salaries And Wages": 2094912.0,
        "Total Revenue": 3628145.0,
        "Operating Revenue": 3628145.0,
        "Occupancy And Equipment": 356662.0,
        "Other Non Interest Expense": 1121683.0
    }
}