{
    "2023-06-30": {
        "Tax Effect Of Unusual Items": NaN,
        "Tax Rate For Calcs": NaN,
        "Net Income From Continuing Operation Net Minority Interest": NaN,
        "Reconciled Depreciation": NaN,
        "Net Interest Income": NaN,
        "Interest Expense": NaN,
        "Interest Income": NaN,
        "Normalized Income": NaN,
        "Net Income From Continuing And Discontinued Operation": NaN,
        "Diluted Average Shares": NaN,
        "Basic Average Shares": NaN,
        "Diluted EPS": NaN,
        "Basic EPS": NaN,
        "Diluted NI Availto Com Stockholders": NaN,
        "Net Income Common Stockholders": NaN,
        "Preferred Stock Dividends": NaN,
        "Net Income": NaN,
        "Net Income Including Noncontrolling Interests": NaN,
        "Net Income Continuous Operations": NaN,
        "Tax Provision": NaN,
        "Pretax Income": NaN,
        "Gain On Sale Of Security": 0.0,
        "Selling General And Administration": NaN,
        "Selling And Marketing Expense": NaN,
        "General And Administrative Expense": NaN,
        "Insurance And Claims": NaN,
        "Salaries And Wages": NaN,
        "Total Revenue": NaN,
        "Operating Revenue": NaN,
        "Occupancy And Equipment": NaN,
        "Professional Expense And Contract Services Expense": NaN,
        "Other Non Interest Expense": NaN
    },
    "2023-03-31": {
        "Tax Effect Of Unusual Items": NaN,
        "Tax Rate For Calcs": NaN,
        "Net Income From Continuing Operation Net Minority Interest": NaN,
        "Reconciled Depreciation": NaN,
        "Net Interest Income": NaN,
        "Interest Expense": NaN,
        "Interest Income": NaN,
        "Normalized Income": NaN,
        "Net Income From Continuing And Discontinued Operation": NaN,
        "Diluted Average Shares": NaN,
        "Basic Average Shares": NaN,
        "Diluted EPS": NaN,
        "Basic EPS": NaN,
        "Diluted NI Availto Com Stockholders": NaN,
        "Net Income Common Stockholders": NaN,
        "Preferred Stock Dividends": NaN,
        "Net Income": NaN,
        "Net Income Including Noncontrolling Interests": NaN,
        "Net Income Continuous Operations": NaN,
        "Tax Provision": NaN,
        "Pretax Income": NaN,
        "Gain On Sale Of Security": 0.0,
        "Selling General And Administration": NaN,
        "Selling And Marketing Expense": NaN,
        "General And Administrative Expense": NaN,
        "Insurance And Claims": NaN,
        "Salaries And Wages": NaN,
        "Total Revenue": NaN,
        "Operating Revenue": NaN,
        "Occupancy And Equipment": NaN,
        "Professional Expense And Contract Services Expense": NaN,
        "Other Non Interest Expense": NaN
    },
    "2022-12-31": {
        "Tax Effect Of Unusual Items": 0.0,
        "Tax Rate For Calcs": 0.219033,
        "Net Income From Continuing Operation Net Minority Interest": 217251000.0,
        "Reconciled Depreciation": 9924000.0,
        "Net Interest Income": 247600000.0,
        "Interest Expense": 123687000.0,
        "Interest Income": 371287000.0,
        "Normalized Income": 217251000.0,
        "Net Income From Continuing And Discontinued Operation": 217251000.0,
        "Diluted Average Shares": 50283000.0,
        "Basic Average Shares": 49752103.0,
        "Diluted EPS": 4.23,
        "Basic EPS": 4.28,
        "Diluted NI Availto Com Stockholders": 212939000.0,
        "Net Income Common Stockholders": 212939000.0,
        "Preferred Stock Dividends": 4312000.0,
        "Net Income": 217251000.0,
        "Net Income Including Noncontrolling Interests": 217251000.0,
        "Net Income Continuous Operations": 217251000.0,
        "Tax Provision": 60931000.0,
        "Pretax Income": 278182000.0,
        "Selling General And Administration": 68386000.0,
        "Selling And Marketing Expense": 10623000.0,
        "General And Administrative Expense": 57763000.0,
        "Insurance And Claims": 3092000.0,
        "Salaries And Wages": 103490000.0,
        "Total Revenue": 276746000.0,
        "Operating Revenue": 276746000.0
    },
    "2022-09-30": {
        "Tax Effect Of Unusual Items": NaN,
        "Tax Rate For Calcs": NaN,
        "Net Income From Continuing Operation Net Minority Interest": NaN,
        "Reconciled Depreciation": NaN,
        "Net Interest Income": NaN,
        "Interest Expense": NaN,
        "Interest Income": NaN,
        "Normalized Income": NaN,
        "Net Income From Continuing And Discontinued Operation": NaN,
        "Diluted Average Shares": NaN,
        "Basic Average Shares": NaN,
        "Diluted EPS": NaN,
        "Basic EPS": NaN,
        "Diluted NI Availto Com Stockholders": NaN,
        "Net Income Common Stockholders": NaN,
        "Preferred Stock Dividends": NaN,
        "Net Income": NaN,
        "Net Income Including Noncontrolling Interests": NaN,
        "Net Income Continuous Operations": NaN,
        "Tax Provision": NaN,
        "Pretax Income": NaN,
        "Gain On Sale Of Security": NaN,
        "Selling General And Administration": NaN,
        "Selling And Marketing Expense": NaN,
        "General And Administrative Expense": NaN,
        "Other Gand A": 18470000.0,
        "Insurance And Claims": NaN,
        "Salaries And Wages": NaN,
        "Total Revenue": NaN,
        "Operating Revenue": NaN
    },
    "2022-06-30": {
        "Tax Effect Of Unusual Items": 0.0,
        "Tax Rate For Calcs": 0.248757,
        "Total Unusual Items": NaN,
        "Total Unusual Items Excluding Goodwill": NaN,
        "Net Income From Continuing Operation Net Minority Interest": 34159000.0,
        "Reconciled Depreciation": 13477000.0,
        "Net Interest Income": 205531000.0,
        "Interest Expense": 36818000.0,
        "Interest Income": 242349000.0,
        "Normalized Income": 34159000.0,
        "Net Income From Continuing And Discontinued Operation": 34159000.0,
        "Diluted Average Shares": 50801628.0,
        "Basic Average Shares": 50258681.0,
        "Diluted EPS": 0.59,
        "Basic EPS": 0.59,
        "Diluted NI Availto Com Stockholders": 29847000.0,
        "Net Income Common Stockholders": 29847000.0,
        "Preferred Stock Dividends": 4312000.0,
        "Net Income": 34159000.0,
        "Net Income Including Noncontrolling Interests": 34159000.0,
        "Net Income Continuous Operations": 34159000.0,
        "Tax Provision": 11311000.0,
        "Pretax Income": 45470000.0,
        "Special Income Charges": NaN,
        "Gain On Sale Of Business": NaN,
        "Selling General And Administration": 131358000.0,
        "Selling And Marketing Expense": 8506000.0,
        "General And Administrative Expense": 122852000.0,
        "Other Gand A": 15649000.0,
        "Insurance And Claims": 3318000.0,
        "Salaries And Wages": 103885000.0,
        "Total Revenue": 231773000.0,
        "Operating Revenue": 231773000.0
    },
    "2022-03-31": {
        "Diluted EPS": 0.69,
        "Total Revenue": 229,
        "Gross Profit": 204,
        "Operating Income": 53,
        "EBIT": NaN,
        "Net Income": 35
    },
    "2021-12-31": {
        "Diluted EPS": 1.2,
        "Total Revenue": 251,
        "Gross Profit": 225,
        "Operating Income": 89,
        "EBIT": NaN,
        "Net Income": 61
    },
    "2021-09-30": {
        "Diluted EPS": 0.76,
        "Total Revenue": 241,
        "Gross Profit": 215,
        "Operating Income": 57,
        "EBIT": NaN,
        "Net Income": 39
    },
    "2021-06-30": {
        "Diluted EPS": 1.31,
        "Total Revenue": 255,
        "Gross Profit": 227,
        "Operating Income": 97,
        "EBIT": NaN,
        "Net Income": 67
    },
    "2021-03-31": {
        "Diluted EPS": 1.33,
        "Total Revenue": 268,
        "Gross Profit": 239,
        "Operating Income": 95,
        "EBIT": NaN,
        "Net Income": 68
    },
    "2020-12-31": {
        "Diluted EPS": 1.15,
        "Total Revenue": 298,
        "Gross Profit": 266,
        "Operating Income": 83,
        "EBIT": NaN,
        "Net Income": 58
    },
    "2020-09-30": {
        "Diluted EPS": 1.08,
        "Total Revenue": 304,
        "Gross Profit": 268,
        "Operating Income": 72,
        "EBIT": NaN,
        "Net Income": 55
    },
    "2020-06-30": {
        "Diluted EPS": -0.73,
        "Total Revenue": 322,
        "Gross Profit": 280,
        "Operating Income": -31,
        "EBIT": NaN,
        "Net Income": -37
    },
    "2020-03-31": {
        "Diluted EPS": -0.38,
        "Total Revenue": 318,
        "Gross Profit": 240,
        "Operating Income": -14,
        "EBIT": NaN,
        "Net Income": -19
    },
    "2019-12-31": {
        "Diluted EPS": 1.19,
        "Total Revenue": 355,
        "Gross Profit": 266,
        "Operating Income": 81,
        "EBIT": NaN,
        "Net Income": 61
    },
    "2019-09-30": {
        "Diluted EPS": 1.7,
        "Total Revenue": 375,
        "Gross Profit": 272,
        "Operating Income": 112,
        "EBIT": NaN,
        "Net Income": 86
    },
    "2019-06-30": {
        "Diluted EPS": 1.5,
        "Total Revenue": 371,
        "Gross Profit": 268,
        "Operating Income": 99,
        "EBIT": NaN,
        "Net Income": 75
    },
    "2019-03-31": {
        "Diluted EPS": 1.6,
        "Total Revenue": 356,
        "Gross Profit": 266,
        "Operating Income": 105,
        "EBIT": NaN,
        "Net Income": 80
    },
    "2018-12-31": {
        "Diluted EPS": 1.23,
        "Total Revenue": 337,
        "Gross Profit": 256,
        "Operating Income": 84,
        "EBIT": NaN,
        "Net Income": 62
    },
    "2018-09-30": {
        "Diluted EPS": 1.65,
        "Total Revenue": 327,
        "Gross Profit": 258,
        "Operating Income": 109,
        "EBIT": NaN,
        "Net Income": 83
    },
    "2018-06-30": {
        "Diluted EPS": 1.38,
        "Total Revenue": 304,
        "Gross Profit": 249,
        "Operating Income": 90,
        "EBIT": NaN,
        "Net Income": 69
    },
    "2018-03-31": {
        "Diluted EPS": 1.38,
        "Total Revenue": 274,
        "Gross Profit": 230,
        "Operating Income": 91,
        "EBIT": NaN,
        "Net Income": 70
    },
    "2017-12-31": {
        "Diluted EPS": 0.84,
        "Total Revenue": 269,
        "Gross Profit": 230,
        "Operating Income": 95,
        "EBIT": NaN,
        "Net Income": 42
    },
    "2017-09-30": {
        "Diluted EPS": 1.12,
        "Total Revenue": 257,
        "Gross Profit": 223,
        "Operating Income": 89,
        "EBIT": NaN,
        "Net Income": 56
    },
    "2017-06-30": {
        "Diluted EPS": 0.97,
        "Total Revenue": 227,
        "Gross Profit": 202,
        "Operating Income": 77,
        "EBIT": NaN,
        "Net Income": 49
    },
    "2017-03-31": {
        "Diluted EPS": 0.8,
        "Total Revenue": 201,
        "Gross Profit": 180,
        "Operating Income": 65,
        "EBIT": NaN,
        "Net Income": 40
    },
    "2016-12-31": {
        "Diluted EPS": 0.97,
        "Total Revenue": 208,
        "Gross Profit": 190,
        "Operating Income": 75,
        "EBIT": NaN,
        "Net Income": 46
    },
    "2016-09-30": {
        "Diluted EPS": 0.87,
        "Total Revenue": 199,
        "Gross Profit": 183,
        "Operating Income": 67,
        "EBIT": NaN,
        "Net Income": 40
    },
    "2016-06-30": {
        "Diluted EPS": 0.78,
        "Total Revenue": 186,
        "Gross Profit": 171,
        "Operating Income": 61,
        "EBIT": NaN,
        "Net Income": 36
    },
    "2016-03-31": {
        "Diluted EPS": 0.49,
        "Total Revenue": 171,
        "Gross Profit": 156,
        "Operating Income": 39,
        "EBIT": NaN,
        "Net Income": 23
    },
    "2015-12-31": {
        "Diluted EPS": 0.7,
        "Total Revenue": 166,
        "Gross Profit": 154,
        "Operating Income": 52,
        "EBIT": NaN,
        "Net Income": 32
    },
    "2015-09-30": {
        "Diluted EPS": 0.75,
        "Total Revenue": 165,
        "Gross Profit": 153,
        "Operating Income": 58,
        "EBIT": NaN,
        "Net Income": 35
    },
    "2015-06-30": {
        "Diluted EPS": 0.76,
        "Total Revenue": 166,
        "Gross Profit": 155,
        "Operating Income": 59,
        "EBIT": NaN,
        "Net Income": 36
    },
    "2015-03-31": {
        "Diluted EPS": 0.7,
        "Total Revenue": 153,
        "Gross Profit": 142,
        "Operating Income": 55,
        "EBIT": NaN,
        "Net Income": 33
    },
    "2014-12-31": {
        "Diluted EPS": 0.79,
        "Total Revenue": 149,
        "Gross Profit": 139,
        "Operating Income": 58,
        "EBIT": NaN,
        "Net Income": 35
    },
    "2014-09-30": {
        "Diluted EPS": 0.78,
        "Total Revenue": 146,
        "Gross Profit": 136,
        "Operating Income": 58,
        "EBIT": NaN,
        "Net Income": 34
    },
    "2014-06-30": {
        "Diluted EPS": 0.71,
        "Total Revenue": 135,
        "Gross Profit": 126,
        "Operating Income": 52,
        "EBIT": NaN,
        "Net Income": 31
    },
    "2014-03-31": {
        "Diluted EPS": 0.6,
        "Total Revenue": 127,
        "Gross Profit": 119,
        "Operating Income": 44,
        "EBIT": NaN,
        "Net Income": 26
    },
    "2013-12-31": {
        "Diluted EPS": 0.66,
        "Total Revenue": 129,
        "Gross Profit": 123,
        "Operating Income": 47,
        "EBIT": NaN,
        "Net Income": 28
    },
    "2013-09-30": {
        "Diluted EPS": 0.74,
        "Total Revenue": 126,
        "Gross Profit": 119,
        "Operating Income": 52,
        "EBIT": NaN,
        "Net Income": 31
    },
    "2013-06-30": {
        "Diluted EPS": 0.52,
        "Total Revenue": 118,
        "Gross Profit": 112,
        "Operating Income": 37,
        "EBIT": NaN,
        "Net Income": 22
    },
    "2013-03-31": {
        "Diluted EPS": 0.8,
        "Total Revenue": 115,
        "Gross Profit": 109,
        "Operating Income": 52,
        "EBIT": NaN,
        "Net Income": 33
    },
    "2012-12-31": {
        "Diluted EPS": 0.74,
        "Total Revenue": 121,
        "Gross Profit": 114,
        "Operating Income": 49,
        "EBIT": NaN,
        "Net Income": 31
    },
    "2012-09-30": {
        "Diluted EPS": 0.8,
        "Total Revenue": 113,
        "Gross Profit": 107,
        "Operating Income": 51,
        "EBIT": NaN,
        "Net Income": 33
    },
    "2012-06-30": {
        "Diluted EPS": 0.76,
        "Total Revenue": 106,
        "Gross Profit": 101,
        "Operating Income": 46,
        "EBIT": NaN,
        "Net Income": 30
    },
    "2012-03-31": {
        "Diluted EPS": 0.7,
        "Total Revenue": 102,
        "Gross Profit": 97,
        "Operating Income": 42,
        "EBIT": NaN,
        "Net Income": 27
    },
    "2011-12-31": {
        "Diluted EPS": 0.68,
        "Total Revenue": 102,
        "Gross Profit": 97,
        "Operating Income": 40,
        "EBIT": NaN,
        "Net Income": 26
    },
    "2011-09-30": {
        "Diluted EPS": 0.56,
        "Total Revenue": 91,
        "Gross Profit": 87,
        "Operating Income": 34,
        "EBIT": NaN,
        "Net Income": 22
    },
    "2011-06-30": {
        "Diluted EPS": 0.43,
        "Total Revenue": 83,
        "Gross Profit": 79,
        "Operating Income": 26,
        "EBIT": NaN,
        "Net Income": 17
    },
    "2011-03-31": {
        "Diluted EPS": 0.31,
        "Total Revenue": 78,
        "Gross Profit": 72,
        "Operating Income": 18,
        "EBIT": NaN,
        "Net Income": 12
    },
    "2010-12-31": {
        "Diluted EPS": 0.32,
        "Total Revenue": 85,
        "Gross Profit": 75,
        "Operating Income": 16,
        "EBIT": NaN,
        "Net Income": 12
    },
    "2010-09-30": {
        "Diluted EPS": 0.25,
        "Total Revenue": 81,
        "Gross Profit": 71,
        "Operating Income": 15,
        "EBIT": NaN,
        "Net Income": 10
    },
    "2010-06-30": {
        "Diluted EPS": 0.22,
        "Total Revenue": 76,
        "Gross Profit": 66,
        "Operating Income": 12,
        "EBIT": NaN,
        "Net Income": 8
    },
    "2010-03-31": {
        "Diluted EPS": 0.21,
        "Total Revenue": 71,
        "Gross Profit": 62,
        "Operating Income": 11,
        "EBIT": NaN,
        "Net Income": 8
    },
    "2009-12-31": {
        "Diluted EPS": 0.18,
        "Total Revenue": 73,
        "Gross Profit": 63,
        "Operating Income": 10,
        "EBIT": NaN,
        "Net Income": 5
    },
    "2009-09-30": {
        "Diluted EPS": 0.15,
        "Total Revenue": 69,
        "Gross Profit": 59,
        "Operating Income": 8,
        "EBIT": NaN,
        "Net Income": 5
    },
    "2009-06-30": {
        "Diluted EPS": 0.06,
        "Total Revenue": 67,
        "Gross Profit": 56,
        "Operating Income": 10,
        "EBIT": NaN,
        "Net Income": 2
    },
    "2009-03-31": {
        "Diluted EPS": 0.16,
        "Total Revenue": 63,
        "Gross Profit": 48,
        "Operating Income": 9,
        "EBIT": NaN,
        "Net Income": 6
    },
    "2023-09-30": {
        "Tax Effect Of Unusual Items": NaN,
        "Tax Rate For Calcs": NaN,
        "Net Income From Continuing Operation Net Minority Interest": NaN,
        "Reconciled Depreciation": NaN,
        "Net Interest Income": NaN,
        "Interest Expense": NaN,
        "Interest Income": NaN,
        "Normalized Income": NaN,
        "Net Income From Continuing And Discontinued Operation": NaN,
        "Diluted Average Shares": 48615254.0,
        "Basic Average Shares": 48206723.0,
        "Diluted EPS": 1.18,
        "Basic EPS": 1.19,
        "Diluted NI Availto Com Stockholders": NaN,
        "Net Income Common Stockholders": NaN,
        "Preferred Stock Dividends": NaN,
        "Net Income": NaN,
        "Net Income Including Noncontrolling Interests": NaN,
        "Net Income Continuous Operations": NaN,
        "Tax Provision": NaN,
        "Pretax Income": NaN,
        "Gain On Sale Of Security": 0.0,
        "Selling General And Administration": NaN,
        "Selling And Marketing Expense": NaN,
        "General And Administrative Expense": NaN,
        "Insurance And Claims": NaN,
        "Salaries And Wages": NaN,
        "Total Revenue": NaN,
        "Operating Revenue": NaN,
        "Occupancy And Equipment": NaN,
        "Professional Expense And Contract Services Expense": NaN,
        "Other Non Interest Expense": NaN
    },
    "2023-12-31": {
        "Tax Effect Of Unusual Items": 0.0,
        "Tax Rate For Calcs": 0.208718,
        "Net Income From Continuing Operation Net Minority Interest": 20150000.0,
        "Reconciled Depreciation": 9603000.0,
        "Net Interest Income": 214717000.0,
        "Interest Expense": 202355000.0,
        "Interest Income": 417072000.0,
        "Normalized Income": 20150000.0,
        "Net Income From Continuing And Discontinued Operation": 20150000.0,
        "Diluted Average Shares": 48098000.0,
        "Basic Average Shares": 47993939.0,
        "Diluted EPS": 0.33,
        "Basic EPS": 0.33,
        "Diluted NI Availto Com Stockholders": 15838000.0,
        "Net Income Common Stockholders": 15838000.0,
        "Preferred Stock Dividends": 4312000.0,
        "Net Income": 20150000.0,
        "Net Income Including Noncontrolling Interests": 20150000.0,
        "Net Income Continuous Operations": 20150000.0,
        "Tax Provision": 5315000.0,
        "Pretax Income": 25465000.0,
        "Gain On Sale Of Security": NaN,
        "Selling General And Administration": 138799000.0,
        "Selling And Marketing Expense": 5686000.0,
        "General And Administrative Expense": 133113000.0,
        "Insurance And Claims": 25143000.0,
        "Salaries And Wages": 107970000.0,
        "Total Revenue": 245850000.0,
        "Operating Revenue": 245850000.0,
        "Occupancy And Equipment": 9483000.0,
        "Professional Expense And Contract Services Expense": 17127000.0,
        "Other Non Interest Expense": 35976000.0
    },
    "2024-03-31": {
        "Tax Effect Of Unusual Items": 0.0,
        "Tax Rate For Calcs": 0.251696,
        "Net Income From Continuing Operation Net Minority Interest": 26142000.0,
        "Reconciled Depreciation": 10906000.0,
        "Net Interest Income": 215009000.0,
        "Interest Expense": 202369000.0,
        "Interest Income": 417378000.0,
        "Normalized Income": 26142000.0,
        "Net Income From Continuing And Discontinued Operation": 26142000.0,
        "Diluted Average Shares": 47711192.0,
        "Basic Average Shares": 47278681.0,
        "Diluted EPS": 0.46,
        "Basic EPS": 0.46,
        "Diluted NI Availto Com Stockholders": 21829000.0,
        "Net Income Common Stockholders": 21829000.0,
        "Preferred Stock Dividends": 4313000.0,
        "Net Income": 26142000.0,
        "Net Income Including Noncontrolling Interests": 26142000.0,
        "Net Income Continuous Operations": 26142000.0,
        "Tax Provision": 8793000.0,
        "Pretax Income": 34935000.0,
        "Gain On Sale Of Security": 0.0,
        "Selling General And Administration": 143184000.0,
        "Selling And Marketing Expense": 6036000.0,
        "General And Administrative Expense": 137148000.0,
        "Insurance And Claims": 8421000.0,
        "Salaries And Wages": 128727000.0,
        "Total Revenue": 256328000.0,
        "Operating Revenue": 256328000.0,
        "Occupancy And Equipment": 9737000.0,
        "Professional Expense And Contract Services Expense": 16195000.0,
        "Other Non Interest Expense": 33277000.0
    },
    "2024-06-30": {
        "Tax Effect Of Unusual Items": 0.0,
        "Tax Rate For Calcs": 0.289008,
        "Net Income From Continuing Operation Net Minority Interest": 41662000.0,
        "Reconciled Depreciation": 13929000.0,
        "Net Interest Income": 216582000.0,
        "Interest Expense": 205486000.0,
        "Interest Income": 422068000.0,
        "Normalized Income": 41662000.0,
        "Net Income From Continuing And Discontinued Operation": 41662000.0,
        "Diluted Average Shares": 46872498.0,
        "Basic Average Shares": 46687500.0,
        "Diluted EPS": 0.8,
        "Basic EPS": 0.8,
        "Diluted NI Availto Com Stockholders": 37350000.0,
        "Net Income Common Stockholders": 37350000.0,
        "Preferred Stock Dividends": 4312000.0,
        "Net Income": 41662000.0,
        "Net Income Including Noncontrolling Interests": 41662000.0,
        "Net Income Continuous Operations": 41662000.0,
        "Tax Provision": 16935000.0,
        "Pretax Income": 58597000.0,
        "Gain On Sale Of Security": 0.0,
        "Selling General And Administration": 130406000.0,
        "Selling And Marketing Expense": 5996000.0,
        "General And Administrative Expense": 124410000.0,
        "Insurance And Claims": 5570000.0,
        "Salaries And Wages": 118840000.0,
        "Total Revenue": 267006000.0,
        "Operating Revenue": 267006000.0,
        "Occupancy And Equipment": 10666000.0,
        "Professional Expense And Contract Services Expense": 11273000.0,
        "Other Non Interest Expense": 36064000.0
    },
    "2024-09-30": {
        "Tax Effect Of Unusual Items": 0.0,
        "Tax Rate For Calcs": 0.233445,
        "Net Income From Continuing Operation Net Minority Interest": -61319000.0,
        "Reconciled Depreciation": 14082000.0,
        "Net Interest Income": 240102000.0,
        "Interest Expense": 212431000.0,
        "Interest Income": 452533000.0,
        "Normalized Income": -61319000.0,
        "Net Income From Continuing And Discontinued Operation": -61319000.0,
        "Diluted Average Shares": 46219718.0,
        "Basic Average Shares": 46219718.0,
        "Diluted EPS": -1.42,
        "Basic EPS": -1.42,
        "Diluted NI Availto Com Stockholders": -65632000.0,
        "Net Income Common Stockholders": -65632000.0,
        "Preferred Stock Dividends": 4313000.0,
        "Net Income": -61319000.0,
        "Net Income Including Noncontrolling Interests": -61319000.0,
        "Net Income Continuous Operations": -61319000.0,
        "Tax Provision": -18674000.0,
        "Pretax Income": -79993000.0,
        "Gain On Sale Of Security": -179581000.0,
        "Selling General And Administration": 131907000.0,
        "Selling And Marketing Expense": 5863000.0,
        "General And Administrative Expense": 126044000.0,
        "Insurance And Claims": 4906000.0,
        "Salaries And Wages": 121138000.0,
        "Total Revenue": 125331000.0,
        "Operating Revenue": 125331000.0,
        "Occupancy And Equipment": 12937000.0,
        "Professional Expense And Contract Services Expense": 11135000.0,
        "Other Non Interest Expense": 39345000.0
    },
    "2024-12-31": {
        "Tax Effect Of Unusual Items": 0.0,
        "Tax Rate For Calcs": 0.240574,
        "Net Income From Continuing Operation Net Minority Interest": 71023000.0,
        "Reconciled Depreciation": 15311000.0,
        "Net Interest Income": 229607000.0,
        "Interest Expense": 207964000.0,
        "Interest Income": 437571000.0,
        "Normalized Income": 71023000.0,
        "Net Income From Continuing And Discontinued Operation": 71023000.0,
        "Diluted Average Shares": 46770961.0,
        "Basic Average Shares": 46327083.0,
        "Diluted EPS": 1.43,
        "Basic EPS": 1.44,
        "Diluted NI Availto Com Stockholders": 66711000.0,
        "Net Income Common Stockholders": 66711000.0,
        "Preferred Stock Dividends": 4312000.0,
        "Net Income": 71023000.0,
        "Net Income Including Noncontrolling Interests": 71023000.0,
        "Net Income Continuous Operations": 71023000.0,
        "Tax Provision": 22499000.0,
        "Pretax Income": 93522000.0,
        "Gain On Sale Of Security": 0.0,
        "Selling General And Administration": 106781000.0,
        "Selling And Marketing Expense": 4454000.0,
        "General And Administrative Expense": 102327000.0,
        "Insurance And Claims": 4454000.0,
        "Salaries And Wages": 97873000.0,
        "Total Revenue": 283681000.0,
        "Operating Revenue": 283681000.0,
        "Occupancy And Equipment": 11926000.0,
        "Professional Expense And Contract Services Expense": 15180000.0,
        "Other Non Interest Expense": 38272000.0
    },
    "2025-03-31": {
        "Tax Effect Of Unusual Items": 0.0,
        "Tax Rate For Calcs": 0.221823,
        "Net Income From Continuing Operation Net Minority Interest": 47047000.0,
        "Reconciled Depreciation": 9217000.0,
        "Net Interest Income": 236034000.0,
        "Interest Expense": 191255000.0,
        "Interest Income": 427289000.0,
        "Normalized Income": 47047000.0,
        "Net Income From Continuing And Discontinued Operation": 47047000.0,
        "Diluted Average Shares": 46616704.0,
        "Basic Average Shares": 46123416.0,
        "Diluted EPS": 0.92,
        "Basic EPS": 0.93,
        "Diluted NI Availto Com Stockholders": 42734000.0,
        "Net Income Common Stockholders": 42734000.0,
        "Preferred Stock Dividends": 4313000.0,
        "Net Income": 47047000.0,
        "Net Income Including Noncontrolling Interests": 47047000.0,
        "Net Income Continuous Operations": 47047000.0,
        "Tax Provision": 13411000.0,
        "Pretax Income": 60458000.0,
        "Gain On Sale Of Security": 0.0,
        "Selling General And Administration": 141991000.0,
        "Selling And Marketing Expense": 5009000.0,
        "General And Administrative Expense": 136982000.0,
        "Insurance And Claims": 5341000.0,
        "Salaries And Wages": 131641000.0,
        "Total Revenue": 280478000.0,
        "Operating Revenue": 280478000.0,
        "Occupancy And Equipment": 10844000.0,
        "Professional Expense And Contract Services Expense": 14989000.0,
        "Other Non Interest Expense": 35196000.0
    }
}