{
    "2023-06-30": {
        "Tax Effect Of Unusual Items": NaN,
        "Tax Rate For Calcs": NaN,
        "Total Unusual Items": NaN,
        "Total Unusual Items Excluding Goodwill": NaN,
        "Net Income From Continuing Operation Net Minority Interest": NaN,
        "Reconciled Depreciation": NaN,
        "Net Interest Income": NaN,
        "Interest Expense": NaN,
        "Interest Income": NaN,
        "Normalized Income": NaN,
        "Net Income From Continuing And Discontinued Operation": NaN,
        "Diluted Average Shares": NaN,
        "Basic Average Shares": NaN,
        "Diluted EPS": NaN,
        "Basic EPS": NaN,
        "Diluted NI Availto Com Stockholders": NaN,
        "Net Income Common Stockholders": NaN,
        "Net Income": NaN,
        "Net Income Including Noncontrolling Interests": NaN,
        "Net Income Continuous Operations": NaN,
        "Tax Provision": NaN,
        "Pretax Income": NaN,
        "Special Income Charges": NaN,
        "Other Special Charges": NaN,
        "Restructuring And Mergern Acquisition": 0.0,
        "Gain On Sale Of Security": NaN,
        "Depreciation Amortization Depletion Income Statement": NaN,
        "Depreciation And Amortization In Income Statement": NaN,
        "Amortization": NaN,
        "Amortization Of Intangibles Income Statement": NaN,
        "Selling General And Administration": NaN,
        "Selling And Marketing Expense": NaN,
        "General And Administrative Expense": NaN,
        "Insurance And Claims": NaN,
        "Salaries And Wages": NaN,
        "Total Revenue": NaN,
        "Operating Revenue": NaN,
        "Occupancy And Equipment": NaN,
        "Professional Expense And Contract Services Expense": NaN,
        "Other Non Interest Expense": NaN
    },
    "2023-03-31": {
        "Tax Effect Of Unusual Items": NaN,
        "Tax Rate For Calcs": NaN,
        "Total Unusual Items": NaN,
        "Total Unusual Items Excluding Goodwill": NaN,
        "Net Income From Continuing Operation Net Minority Interest": NaN,
        "Reconciled Depreciation": NaN,
        "Net Interest Income": NaN,
        "Interest Expense": NaN,
        "Interest Income": NaN,
        "Normalized Income": NaN,
        "Net Income From Continuing And Discontinued Operation": NaN,
        "Diluted Average Shares": NaN,
        "Basic Average Shares": NaN,
        "Diluted EPS": NaN,
        "Basic EPS": NaN,
        "Diluted NI Availto Com Stockholders": NaN,
        "Net Income Common Stockholders": NaN,
        "Net Income": NaN,
        "Net Income Including Noncontrolling Interests": NaN,
        "Net Income Continuous Operations": NaN,
        "Tax Provision": NaN,
        "Pretax Income": NaN,
        "Special Income Charges": NaN,
        "Other Special Charges": NaN,
        "Restructuring And Mergern Acquisition": 0.0,
        "Gain On Sale Of Security": NaN,
        "Depreciation Amortization Depletion Income Statement": NaN,
        "Depreciation And Amortization In Income Statement": NaN,
        "Amortization": NaN,
        "Amortization Of Intangibles Income Statement": NaN,
        "Selling General And Administration": NaN,
        "Selling And Marketing Expense": NaN,
        "General And Administrative Expense": NaN,
        "Insurance And Claims": NaN,
        "Salaries And Wages": NaN,
        "Total Revenue": NaN,
        "Operating Revenue": NaN,
        "Occupancy And Equipment": NaN,
        "Professional Expense And Contract Services Expense": NaN,
        "Other Non Interest Expense": NaN
    },
    "2022-12-31": {
        "Tax Effect Of Unusual Items": NaN,
        "Tax Rate For Calcs": NaN,
        "Total Unusual Items": NaN,
        "Total Unusual Items Excluding Goodwill": NaN,
        "Net Income From Continuing Operation Net Minority Interest": NaN,
        "Reconciled Depreciation": NaN,
        "Net Interest Income": NaN,
        "Interest Expense": NaN,
        "Interest Income": NaN,
        "Normalized Income": NaN,
        "Net Income From Continuing And Discontinued Operation": NaN,
        "Diluted Average Shares": NaN,
        "Basic Average Shares": NaN,
        "Diluted EPS": NaN,
        "Basic EPS": NaN,
        "Diluted NI Availto Com Stockholders": NaN,
        "Net Income Common Stockholders": NaN,
        "Net Income": NaN,
        "Net Income Including Noncontrolling Interests": NaN,
        "Net Income Continuous Operations": NaN,
        "Tax Provision": NaN,
        "Pretax Income": NaN,
        "Special Income Charges": NaN,
        "Other Special Charges": -1000.0,
        "Restructuring And Mergern Acquisition": NaN,
        "Gain On Sale Of Security": NaN,
        "Depreciation Amortization Depletion Income Statement": NaN,
        "Depreciation And Amortization In Income Statement": NaN,
        "Amortization": NaN,
        "Amortization Of Intangibles Income Statement": NaN,
        "Selling General And Administration": NaN,
        "Selling And Marketing Expense": NaN,
        "General And Administrative Expense": NaN,
        "Insurance And Claims": NaN,
        "Salaries And Wages": NaN,
        "Total Revenue": NaN,
        "Operating Revenue": NaN,
        "Occupancy And Equipment": NaN,
        "Professional Expense And Contract Services Expense": NaN,
        "Other Non Interest Expense": NaN
    },
    "2022-09-30": {
        "Tax Effect Of Unusual Items": NaN,
        "Tax Rate For Calcs": NaN,
        "Total Unusual Items": NaN,
        "Total Unusual Items Excluding Goodwill": NaN,
        "Net Income From Continuing Operation Net Minority Interest": NaN,
        "Reconciled Depreciation": NaN,
        "Net Interest Income": NaN,
        "Interest Expense": NaN,
        "Interest Income": NaN,
        "Normalized Income": NaN,
        "Net Income From Continuing And Discontinued Operation": NaN,
        "Diluted Average Shares": NaN,
        "Basic Average Shares": NaN,
        "Diluted EPS": NaN,
        "Basic EPS": NaN,
        "Diluted NI Availto Com Stockholders": NaN,
        "Net Income Common Stockholders": NaN,
        "Net Income": NaN,
        "Net Income Including Noncontrolling Interests": NaN,
        "Net Income Continuous Operations": NaN,
        "Tax Provision": NaN,
        "Pretax Income": NaN,
        "Special Income Charges": NaN,
        "Other Special Charges": 4000.0,
        "Restructuring And Mergern Acquisition": NaN,
        "Gain On Sale Of Security": NaN,
        "Depreciation Amortization Depletion Income Statement": NaN,
        "Depreciation And Amortization In Income Statement": NaN,
        "Amortization": NaN,
        "Amortization Of Intangibles Income Statement": NaN,
        "Selling General And Administration": NaN,
        "Selling And Marketing Expense": NaN,
        "General And Administrative Expense": NaN,
        "Other Gand A": 5636000.0,
        "Salaries And Wages": NaN,
        "Total Revenue": NaN,
        "Operating Revenue": NaN
    },
    "2022-06-30": {
        "Tax Effect Of Unusual Items": -459706.717387,
        "Tax Rate For Calcs": 0.2725,
        "Total Unusual Items": -1687000.0,
        "Total Unusual Items Excluding Goodwill": -1687000.0,
        "Net Income From Continuing Operation Net Minority Interest": 31364000.0,
        "Reconciled Depreciation": 1702000.0,
        "Net Interest Income": 85046000.0,
        "Interest Expense": 1909000.0,
        "Interest Income": 86955000.0,
        "Normalized Income": 32591293.282613,
        "Net Income From Continuing And Discontinued Operation": 31364000.0,
        "Diluted Average Shares": 33705000.0,
        "Basic Average Shares": 33561000.0,
        "Diluted EPS": 0.93,
        "Basic EPS": 0.93,
        "Diluted NI Availto Com Stockholders": 31364000.0,
        "Net Income Common Stockholders": 31364000.0,
        "Net Income": 31364000.0,
        "Net Income Including Noncontrolling Interests": 31364000.0,
        "Net Income Continuous Operations": 31364000.0,
        "Tax Provision": 11748000.0,
        "Pretax Income": 43112000.0,
        "Special Income Charges": -2226000.0,
        "Other Special Charges": 5000.0,
        "Restructuring And Mergern Acquisition": 2221000.0,
        "Gain On Sale Of Security": -94000.0,
        "Depreciation Amortization Depletion Income Statement": 1702000.0,
        "Depreciation And Amortization In Income Statement": 1702000.0,
        "Amortization": 1702000.0,
        "Amortization Of Intangibles Income Statement": 1702000.0,
        "Selling General And Administration": 33760000.0,
        "Selling And Marketing Expense": 818000.0,
        "General And Administrative Expense": 32942000.0,
        "Other Gand A": 5738000.0,
        "Salaries And Wages": 32942000.0,
        "Total Revenue": 99793000.0,
        "Operating Revenue": 99793000.0
    },
    "2022-03-31": {
        "Diluted EPS": 0.67,
        "Total Revenue": 84,
        "Gross Profit": 83,
        "Operating Income": 28,
        "EBIT": NaN,
        "Net Income": 20
    },
    "2021-12-31": {
        "Diluted EPS": 0.94,
        "Total Revenue": 88,
        "Gross Profit": 86,
        "Operating Income": 39,
        "EBIT": NaN,
        "Net Income": 28
    },
    "2021-09-30": {
        "Diluted EPS": 0.92,
        "Total Revenue": 85,
        "Gross Profit": 83,
        "Operating Income": 39,
        "EBIT": NaN,
        "Net Income": 27
    },
    "2021-06-30": {
        "Diluted EPS": 0.95,
        "Total Revenue": 84,
        "Gross Profit": 83,
        "Operating Income": 39,
        "EBIT": NaN,
        "Net Income": 28
    },
    "2021-03-31": {
        "Diluted EPS": 1.13,
        "Total Revenue": 84,
        "Gross Profit": 83,
        "Operating Income": 47,
        "EBIT": NaN,
        "Net Income": 34
    },
    "2020-12-31": {
        "Diluted EPS": 0.79,
        "Total Revenue": 85,
        "Gross Profit": 83,
        "Operating Income": 32,
        "EBIT": NaN,
        "Net Income": 24
    },
    "2020-09-30": {
        "Diluted EPS": 0.59,
        "Total Revenue": 81,
        "Gross Profit": 79,
        "Operating Income": 24,
        "EBIT": NaN,
        "Net Income": 18
    },
    "2020-06-30": {
        "Diluted EPS": 0.25,
        "Total Revenue": 79,
        "Gross Profit": 76,
        "Operating Income": 9,
        "EBIT": NaN,
        "Net Income": 7
    },
    "2020-03-31": {
        "Diluted EPS": 0.53,
        "Total Revenue": 78,
        "Gross Profit": 75,
        "Operating Income": 22,
        "EBIT": NaN,
        "Net Income": 16
    },
    "2019-12-31": {
        "Diluted EPS": 0.75,
        "Total Revenue": 82,
        "Gross Profit": 78,
        "Operating Income": 32,
        "EBIT": NaN,
        "Net Income": 23
    },
    "2019-09-30": {
        "Diluted EPS": 0.76,
        "Total Revenue": 83,
        "Gross Profit": 79,
        "Operating Income": 33,
        "EBIT": NaN,
        "Net Income": 23
    },
    "2019-06-30": {
        "Diluted EPS": 0.75,
        "Total Revenue": 82,
        "Gross Profit": 78,
        "Operating Income": 31,
        "EBIT": NaN,
        "Net Income": 23
    },
    "2019-03-31": {
        "Diluted EPS": 0.74,
        "Total Revenue": 79,
        "Gross Profit": 76,
        "Operating Income": 32,
        "EBIT": NaN,
        "Net Income": 23
    },
    "2018-12-31": {
        "Diluted EPS": 0.76,
        "Total Revenue": 80,
        "Gross Profit": 76,
        "Operating Income": 31,
        "EBIT": NaN,
        "Net Income": 23
    },
    "2018-09-30": {
        "Diluted EPS": 0.53,
        "Total Revenue": 77,
        "Gross Profit": 73,
        "Operating Income": 23,
        "EBIT": NaN,
        "Net Income": 16
    },
    "2018-06-30": {
        "Diluted EPS": 0.65,
        "Total Revenue": 61,
        "Gross Profit": 58,
        "Operating Income": 21,
        "EBIT": NaN,
        "Net Income": 15
    },
    "2018-03-31": {
        "Diluted EPS": 0.6,
        "Total Revenue": 59,
        "Gross Profit": 57,
        "Operating Income": 19,
        "EBIT": NaN,
        "Net Income": 14
    },
    "2017-12-31": {
        "Diluted EPS": 0.13,
        "Total Revenue": 59,
        "Gross Profit": 57,
        "Operating Income": 18,
        "EBIT": NaN,
        "Net Income": 3
    },
    "2017-09-30": {
        "Diluted EPS": 0.51,
        "Total Revenue": 59,
        "Gross Profit": 57,
        "Operating Income": 19,
        "EBIT": NaN,
        "Net Income": 12
    },
    "2017-06-30": {
        "Diluted EPS": 0.58,
        "Total Revenue": 58,
        "Gross Profit": 56,
        "Operating Income": 21,
        "EBIT": NaN,
        "Net Income": 14
    },
    "2017-03-31": {
        "Diluted EPS": 0.52,
        "Total Revenue": 55,
        "Gross Profit": 54,
        "Operating Income": 19,
        "EBIT": NaN,
        "Net Income": 12
    },
    "2016-12-31": {
        "Diluted EPS": 0.54,
        "Total Revenue": 57,
        "Gross Profit": 56,
        "Operating Income": 20,
        "EBIT": NaN,
        "Net Income": 13
    },
    "2016-09-30": {
        "Diluted EPS": 0.53,
        "Total Revenue": 55,
        "Gross Profit": 53,
        "Operating Income": 20,
        "EBIT": NaN,
        "Net Income": 12
    },
    "2016-06-30": {
        "Diluted EPS": 0.41,
        "Total Revenue": 54,
        "Gross Profit": 52,
        "Operating Income": 15,
        "EBIT": NaN,
        "Net Income": 9
    },
    "2016-03-31": {
        "Diluted EPS": 0.46,
        "Total Revenue": 53,
        "Gross Profit": 51,
        "Operating Income": 17,
        "EBIT": NaN,
        "Net Income": 11
    },
    "2015-12-31": {
        "Diluted EPS": 0.51,
        "Total Revenue": 54,
        "Gross Profit": 53,
        "Operating Income": 19,
        "EBIT": NaN,
        "Net Income": 11
    },
    "2015-09-30": {
        "Diluted EPS": 0.55,
        "Total Revenue": 53,
        "Gross Profit": 52,
        "Operating Income": 21,
        "EBIT": NaN,
        "Net Income": 13
    },
    "2015-06-30": {
        "Diluted EPS": 0.49,
        "Total Revenue": 52,
        "Gross Profit": 51,
        "Operating Income": 19,
        "EBIT": NaN,
        "Net Income": 11
    },
    "2015-03-31": {
        "Diluted EPS": 0.36,
        "Total Revenue": 48,
        "Gross Profit": 47,
        "Operating Income": 14,
        "EBIT": NaN,
        "Net Income": 8
    },
    "2014-12-31": {
        "Diluted EPS": 0.21,
        "Total Revenue": 46,
        "Gross Profit": 45,
        "Operating Income": 10,
        "EBIT": NaN,
        "Net Income": 6
    },
    "2014-09-30": {
        "Diluted EPS": 0.5,
        "Total Revenue": 38,
        "Gross Profit": 37,
        "Operating Income": 14,
        "EBIT": NaN,
        "Net Income": 8
    },
    "2014-06-30": {
        "Diluted EPS": 0.3,
        "Total Revenue": 36,
        "Gross Profit": 35,
        "Operating Income": 8,
        "EBIT": NaN,
        "Net Income": 5
    },
    "2014-03-31": {
        "Diluted EPS": 0.45,
        "Total Revenue": 35,
        "Gross Profit": 34,
        "Operating Income": 12,
        "EBIT": NaN,
        "Net Income": 7
    },
    "2013-12-31": {
        "Diluted EPS": 0.32,
        "Total Revenue": 35,
        "Gross Profit": 34,
        "Operating Income": 9,
        "EBIT": NaN,
        "Net Income": 5
    },
    "2013-09-30": {
        "Diluted EPS": 0.45,
        "Total Revenue": 37,
        "Gross Profit": 35,
        "Operating Income": 12,
        "EBIT": NaN,
        "Net Income": 7
    },
    "2013-06-30": {
        "Diluted EPS": 0.39,
        "Total Revenue": 36,
        "Gross Profit": 35,
        "Operating Income": 11,
        "EBIT": NaN,
        "Net Income": 6
    },
    "2013-03-31": {
        "Diluted EPS": 0.53,
        "Total Revenue": 36,
        "Gross Profit": 35,
        "Operating Income": 14,
        "EBIT": NaN,
        "Net Income": 8
    },
    "2012-12-31": {
        "Diluted EPS": 0.29,
        "Total Revenue": 36,
        "Gross Profit": 35,
        "Operating Income": 8,
        "EBIT": NaN,
        "Net Income": 5
    },
    "2012-09-30": {
        "Diluted EPS": 0.31,
        "Total Revenue": 37,
        "Gross Profit": 35,
        "Operating Income": 9,
        "EBIT": NaN,
        "Net Income": 5
    },
    "2012-06-30": {
        "Diluted EPS": 0.33,
        "Total Revenue": 39,
        "Gross Profit": 37,
        "Operating Income": 9,
        "EBIT": NaN,
        "Net Income": 5
    },
    "2012-03-31": {
        "Diluted EPS": 0.25,
        "Total Revenue": 35,
        "Gross Profit": 33,
        "Operating Income": 6,
        "EBIT": NaN,
        "Net Income": 4
    },
    "2011-12-31": {
        "Diluted EPS": 0.42,
        "Total Revenue": 40,
        "Gross Profit": 38,
        "Operating Income": 10,
        "EBIT": NaN,
        "Net Income": 7
    },
    "2011-09-30": {
        "Diluted EPS": 0.4,
        "Total Revenue": 39,
        "Gross Profit": 37,
        "Operating Income": 11,
        "EBIT": NaN,
        "Net Income": 6
    },
    "2011-06-30": {
        "Diluted EPS": 0.17,
        "Total Revenue": 33,
        "Gross Profit": 30,
        "Operating Income": 4,
        "EBIT": NaN,
        "Net Income": 3
    },
    "2011-03-31": {
        "Diluted EPS": 0.17,
        "Total Revenue": 34,
        "Gross Profit": 31,
        "Operating Income": 4,
        "EBIT": NaN,
        "Net Income": 3
    },
    "2010-12-31": {
        "Diluted EPS": 0.19,
        "Total Revenue": 36,
        "Gross Profit": 32,
        "Operating Income": 5,
        "EBIT": NaN,
        "Net Income": 3
    },
    "2010-09-30": {
        "Diluted EPS": 0.0,
        "Total Revenue": 34,
        "Gross Profit": 31,
        "Operating Income": 0,
        "EBIT": NaN,
        "Net Income": 0
    },
    "2010-06-30": {
        "Diluted EPS": 0.08,
        "Total Revenue": 34,
        "Gross Profit": 30,
        "Operating Income": 2,
        "EBIT": NaN,
        "Net Income": 1
    },
    "2010-03-31": {
        "Diluted EPS": 0.1,
        "Total Revenue": 33,
        "Gross Profit": 30,
        "Operating Income": 2,
        "EBIT": NaN,
        "Net Income": 2
    },
    "2009-12-31": {
        "Diluted EPS": 0.14,
        "Total Revenue": 35,
        "Gross Profit": 30,
        "Operating Income": 3,
        "EBIT": NaN,
        "Net Income": 2
    },
    "2009-09-30": {
        "Diluted EPS": 0.14,
        "Total Revenue": 36,
        "Gross Profit": 31,
        "Operating Income": 4,
        "EBIT": NaN,
        "Net Income": 2
    },
    "2009-06-30": {
        "Diluted EPS": 0.16,
        "Total Revenue": 36,
        "Gross Profit": 31,
        "Operating Income": 4,
        "EBIT": NaN,
        "Net Income": 3
    },
    "2009-03-31": {
        "Diluted EPS": 0.18,
        "Total Revenue": 35,
        "Gross Profit": 30,
        "Operating Income": 5,
        "EBIT": NaN,
        "Net Income": 3
    },
    "2023-09-30": {
        "Tax Effect Of Unusual Items": NaN,
        "Tax Rate For Calcs": NaN,
        "Total Unusual Items": NaN,
        "Total Unusual Items Excluding Goodwill": NaN,
        "Net Income From Continuing Operation Net Minority Interest": NaN,
        "Reconciled Depreciation": NaN,
        "Net Interest Income": NaN,
        "Interest Expense": NaN,
        "Interest Income": NaN,
        "Normalized Income": NaN,
        "Net Income From Continuing And Discontinued Operation": NaN,
        "Diluted Average Shares": NaN,
        "Basic Average Shares": NaN,
        "Diluted EPS": NaN,
        "Basic EPS": NaN,
        "Diluted NI Availto Com Stockholders": NaN,
        "Net Income Common Stockholders": NaN,
        "Net Income": NaN,
        "Net Income Including Noncontrolling Interests": NaN,
        "Net Income Continuous Operations": NaN,
        "Tax Provision": NaN,
        "Pretax Income": NaN,
        "Special Income Charges": NaN,
        "Other Special Charges": NaN,
        "Restructuring And Mergern Acquisition": 0.0,
        "Gain On Sale Of Security": NaN,
        "Depreciation Amortization Depletion Income Statement": NaN,
        "Depreciation And Amortization In Income Statement": NaN,
        "Amortization": NaN,
        "Amortization Of Intangibles Income Statement": NaN,
        "Selling General And Administration": NaN,
        "Selling And Marketing Expense": NaN,
        "General And Administrative Expense": NaN,
        "Insurance And Claims": NaN,
        "Salaries And Wages": NaN,
        "Total Revenue": NaN,
        "Operating Revenue": NaN,
        "Occupancy And Equipment": NaN,
        "Professional Expense And Contract Services Expense": NaN,
        "Other Non Interest Expense": NaN
    },
    "2023-12-31": {
        "Tax Effect Of Unusual Items": NaN,
        "Tax Rate For Calcs": NaN,
        "Total Unusual Items": NaN,
        "Total Unusual Items Excluding Goodwill": NaN,
        "Net Income From Continuing Operation Net Minority Interest": NaN,
        "Reconciled Depreciation": NaN,
        "Net Interest Income": NaN,
        "Interest Expense": NaN,
        "Interest Income": NaN,
        "Normalized Income": NaN,
        "Net Income From Continuing And Discontinued Operation": NaN,
        "Diluted Average Shares": NaN,
        "Basic Average Shares": NaN,
        "Diluted EPS": NaN,
        "Basic EPS": NaN,
        "Diluted NI Availto Com Stockholders": NaN,
        "Net Income Common Stockholders": NaN,
        "Net Income": NaN,
        "Net Income Including Noncontrolling Interests": NaN,
        "Net Income Continuous Operations": NaN,
        "Tax Provision": NaN,
        "Pretax Income": NaN,
        "Special Income Charges": NaN,
        "Other Special Charges": NaN,
        "Restructuring And Mergern Acquisition": 0.0,
        "Gain On Sale Of Security": NaN,
        "Depreciation Amortization Depletion Income Statement": NaN,
        "Depreciation And Amortization In Income Statement": NaN,
        "Amortization": NaN,
        "Amortization Of Intangibles Income Statement": NaN,
        "Selling General And Administration": NaN,
        "Selling And Marketing Expense": NaN,
        "General And Administrative Expense": NaN,
        "Insurance And Claims": NaN,
        "Salaries And Wages": NaN,
        "Total Revenue": NaN,
        "Operating Revenue": NaN,
        "Occupancy And Equipment": NaN,
        "Professional Expense And Contract Services Expense": NaN,
        "Other Non Interest Expense": NaN
    },
    "2024-03-31": {
        "Tax Effect Of Unusual Items": NaN,
        "Tax Rate For Calcs": NaN,
        "Total Unusual Items": NaN,
        "Total Unusual Items Excluding Goodwill": NaN,
        "Net Income From Continuing Operation Net Minority Interest": NaN,
        "Reconciled Depreciation": NaN,
        "Net Interest Income": NaN,
        "Interest Expense": NaN,
        "Interest Income": NaN,
        "Normalized Income": NaN,
        "Net Income From Continuing And Discontinued Operation": NaN,
        "Diluted Average Shares": NaN,
        "Basic Average Shares": NaN,
        "Diluted EPS": NaN,
        "Basic EPS": NaN,
        "Diluted NI Availto Com Stockholders": NaN,
        "Net Income Common Stockholders": NaN,
        "Net Income": NaN,
        "Net Income Including Noncontrolling Interests": NaN,
        "Net Income Continuous Operations": NaN,
        "Tax Provision": NaN,
        "Pretax Income": NaN,
        "Special Income Charges": NaN,
        "Other Special Charges": NaN,
        "Restructuring And Mergern Acquisition": 5000.0,
        "Gain On Sale Of Security": NaN,
        "Depreciation Amortization Depletion Income Statement": NaN,
        "Depreciation And Amortization In Income Statement": NaN,
        "Amortization": NaN,
        "Amortization Of Intangibles Income Statement": NaN,
        "Selling General And Administration": NaN,
        "Selling And Marketing Expense": NaN,
        "General And Administrative Expense": NaN,
        "Insurance And Claims": NaN,
        "Salaries And Wages": NaN,
        "Total Revenue": NaN,
        "Operating Revenue": NaN,
        "Occupancy And Equipment": NaN,
        "Professional Expense And Contract Services Expense": NaN,
        "Other Non Interest Expense": NaN
    },
    "2024-06-30": {
        "Tax Effect Of Unusual Items": 77340.934073,
        "Tax Rate For Calcs": 0.257803,
        "Total Unusual Items": 300000.0,
        "Total Unusual Items Excluding Goodwill": 300000.0,
        "Net Income From Continuing Operation Net Minority Interest": 29034000.0,
        "Reconciled Depreciation": 4051000.0,
        "Net Interest Income": 81610000.0,
        "Interest Expense": 35035000.0,
        "Interest Income": 116645000.0,
        "Normalized Income": 28811340.934073,
        "Net Income From Continuing And Discontinued Operation": 29034000.0,
        "Diluted Average Shares": 33243955.0,
        "Basic Average Shares": 33121271.0,
        "Diluted EPS": 0.87,
        "Basic EPS": 0.88,
        "Diluted NI Availto Com Stockholders": 29034000.0,
        "Net Income Common Stockholders": 29034000.0,
        "Net Income": 29034000.0,
        "Net Income Including Noncontrolling Interests": 29034000.0,
        "Net Income Continuous Operations": 29034000.0,
        "Tax Provision": 10085000.0,
        "Pretax Income": 39119000.0,
        "Special Income Charges": -1000.0,
        "Other Special Charges": 1000.0,
        "Restructuring And Mergern Acquisition": NaN,
        "Gain On Sale Of Security": -166000.0,
        "Depreciation Amortization Depletion Income Statement": 1030000.0,
        "Depreciation And Amortization In Income Statement": 1030000.0,
        "Amortization": 1030000.0,
        "Amortization Of Intangibles Income Statement": 1030000.0,
        "Selling General And Administration": 37364000.0,
        "Selling And Marketing Expense": 819000.0,
        "General And Administrative Expense": 36545000.0,
        "Insurance And Claims": 1144000.0,
        "Salaries And Wages": 35401000.0,
        "Total Revenue": 95876000.0,
        "Operating Revenue": 95876000.0,
        "Occupancy And Equipment": 5393000.0,
        "Professional Expense And Contract Services Expense": 1814000.0,
        "Other Non Interest Expense": 10750000.0
    },
    "2024-09-30": {
        "Tax Effect Of Unusual Items": 71273.0,
        "Tax Rate For Calcs": 0.263,
        "Total Unusual Items": 271000.0,
        "Total Unusual Items Excluding Goodwill": 271000.0,
        "Net Income From Continuing Operation Net Minority Interest": 29051000.0,
        "Reconciled Depreciation": 4045000.0,
        "Net Interest Income": 82235000.0,
        "Interest Expense": 34736000.0,
        "Interest Income": 116971000.0,
        "Normalized Income": 28851273.0,
        "Net Income From Continuing And Discontinued Operation": 29051000.0,
        "Diluted Average Shares": 33136858.0,
        "Basic Average Shares": 32992855.0,
        "Diluted EPS": 0.88,
        "Basic EPS": 0.88,
        "Diluted NI Availto Com Stockholders": 29051000.0,
        "Net Income Common Stockholders": 29051000.0,
        "Net Income": 29051000.0,
        "Net Income Including Noncontrolling Interests": 29051000.0,
        "Net Income Continuous Operations": 29051000.0,
        "Tax Provision": 10348000.0,
        "Pretax Income": 39399000.0,
        "Special Income Charges": -6000.0,
        "Other Special Charges": 6000.0,
        "Restructuring And Mergern Acquisition": NaN,
        "Gain On Sale Of Security": 358000.0,
        "Depreciation Amortization Depletion Income Statement": 1030000.0,
        "Depreciation And Amortization In Income Statement": 1030000.0,
        "Amortization": 1030000.0,
        "Amortization Of Intangibles Income Statement": 1030000.0,
        "Selling General And Administration": 37958000.0,
        "Selling And Marketing Expense": 1152000.0,
        "General And Administrative Expense": 36806000.0,
        "Insurance And Claims": 1256000.0,
        "Salaries And Wages": 35550000.0,
        "Total Revenue": 97368000.0,
        "Operating Revenue": 97368000.0,
        "Occupancy And Equipment": 5565000.0,
        "Professional Expense And Contract Services Expense": 1893000.0,
        "Other Non Interest Expense": 11297000.0
    },
    "2024-12-31": {
        "Tax Effect Of Unusual Items": 89701.604608,
        "Tax Rate For Calcs": 0.253394,
        "Total Unusual Items": 354000.0,
        "Total Unusual Items Excluding Goodwill": 354000.0,
        "Net Income From Continuing Operation Net Minority Interest": 29034000.0,
        "Reconciled Depreciation": 3935000.0,
        "Net Interest Income": 83711000.0,
        "Interest Expense": 32752000.0,
        "Interest Income": 116463000.0,
        "Normalized Income": 28769701.604608,
        "Net Income From Continuing And Discontinued Operation": 29034000.0,
        "Diluted Average Shares": 33161715.0,
        "Basic Average Shares": 32993975.0,
        "Diluted EPS": 0.88,
        "Basic EPS": 0.88,
        "Diluted NI Availto Com Stockholders": 29034000.0,
        "Net Income Common Stockholders": 29034000.0,
        "Net Income": 29034000.0,
        "Net Income Including Noncontrolling Interests": 29034000.0,
        "Net Income Continuous Operations": 29034000.0,
        "Tax Provision": 9854000.0,
        "Pretax Income": 38888000.0,
        "Special Income Charges": -7000.0,
        "Other Special Charges": 7000.0,
        "Restructuring And Mergern Acquisition": NaN,
        "Gain On Sale Of Security": -81000.0,
        "Depreciation Amortization Depletion Income Statement": 1030000.0,
        "Depreciation And Amortization In Income Statement": 1030000.0,
        "Amortization": 1030000.0,
        "Amortization Of Intangibles Income Statement": 1030000.0,
        "Selling General And Administration": 37744000.0,
        "Selling And Marketing Expense": 1118000.0,
        "General And Administrative Expense": 36626000.0,
        "Insurance And Claims": 1300000.0,
        "Salaries And Wages": 35326000.0,
        "Total Revenue": 98635000.0,
        "Operating Revenue": 98635000.0,
        "Occupancy And Equipment": 5570000.0,
        "Professional Expense And Contract Services Expense": 1747000.0,
        "Other Non Interest Expense": 11947000.0
    },
    "2025-03-31": {
        "Tax Effect Of Unusual Items": 66539.0,
        "Tax Rate For Calcs": 0.253,
        "Total Unusual Items": 263000.0,
        "Total Unusual Items Excluding Goodwill": 263000.0,
        "Net Income From Continuing Operation Net Minority Interest": 26363000.0,
        "Reconciled Depreciation": 3516000.0,
        "Net Interest Income": 82163000.0,
        "Interest Expense": 31535000.0,
        "Interest Income": 113698000.0,
        "Normalized Income": 26166539.0,
        "Net Income From Continuing And Discontinued Operation": 26363000.0,
        "Diluted Average Shares": 33129161.0,
        "Basic Average Shares": 32952541.0,
        "Diluted EPS": 0.8,
        "Basic EPS": 0.8,
        "Diluted NI Availto Com Stockholders": 26363000.0,
        "Net Income Common Stockholders": 26363000.0,
        "Net Income": 26363000.0,
        "Net Income Including Noncontrolling Interests": 26363000.0,
        "Net Income Continuous Operations": 26363000.0,
        "Tax Provision": 8939000.0,
        "Pretax Income": 35302000.0,
        "Special Income Charges": -85000.0,
        "Other Special Charges": 85000.0,
        "Restructuring And Mergern Acquisition": NaN,
        "Gain On Sale Of Security": -1107000.0,
        "Depreciation Amortization Depletion Income Statement": 514000.0,
        "Depreciation And Amortization In Income Statement": 514000.0,
        "Amortization": 514000.0,
        "Amortization Of Intangibles Income Statement": 514000.0,
        "Selling General And Administration": 39342000.0,
        "Selling And Marketing Expense": 1204000.0,
        "General And Administrative Expense": 38138000.0,
        "Insurance And Claims": 1283000.0,
        "Salaries And Wages": 36855000.0,
        "Total Revenue": 96767000.0,
        "Operating Revenue": 96767000.0,
        "Occupancy And Equipment": 5361000.0,
        "Professional Expense And Contract Services Expense": 1518000.0,
        "Other Non Interest Expense": 10917000.0
    },
    "2025-06-30": {
        "Tax Effect Of Unusual Items": 85018.988179,
        "Tax Rate For Calcs": 0.271626,
        "Total Unusual Items": 313000.0,
        "Total Unusual Items Excluding Goodwill": 313000.0,
        "Net Income From Continuing Operation Net Minority Interest": 27542000.0,
        "Reconciled Depreciation": 3480000.0,
        "Net Interest Income": 86146000.0,
        "Interest Expense": 29842000.0,
        "Interest Income": 115988000.0,
        "Normalized Income": 27314018.988179,
        "Net Income From Continuing And Discontinued Operation": 27542000.0,
        "Diluted Average Shares": 32935750.0,
        "Basic Average Shares": 32757378.0,
        "Diluted EPS": 0.84,
        "Basic EPS": 0.84,
        "Diluted NI Availto Com Stockholders": 27542000.0,
        "Net Income Common Stockholders": 27542000.0,
        "Net Income": 27542000.0,
        "Net Income Including Noncontrolling Interests": 27542000.0,
        "Net Income Continuous Operations": 27542000.0,
        "Tax Provision": 10271000.0,
        "Pretax Income": 37813000.0,
        "Special Income Charges": -5000.0,
        "Other Special Charges": 5000.0,
        "Restructuring And Mergern Acquisition": NaN,
        "Gain On Sale Of Security": 12000.0,
        "Depreciation Amortization Depletion Income Statement": 483000.0,
        "Depreciation And Amortization In Income Statement": 483000.0,
        "Amortization": 483000.0,
        "Amortization Of Intangibles Income Statement": 483000.0,
        "Selling General And Administration": 40391000.0,
        "Selling And Marketing Expense": 808000.0,
        "General And Administrative Expense": 39583000.0,
        "Insurance And Claims": 1297000.0,
        "Salaries And Wages": 38286000.0,
        "Total Revenue": 101766000.0,
        "Operating Revenue": 101766000.0,
        "Occupancy And Equipment": 5389000.0,
        "Professional Expense And Contract Services Expense": 1667000.0,
        "Other Non Interest Expense": 11353000.0
    }
}