{
    "2023-03-31": {
        "Tax Effect Of Unusual Items": NaN,
        "Tax Rate For Calcs": NaN,
        "Total Unusual Items": NaN,
        "Total Unusual Items Excluding Goodwill": NaN,
        "Net Income From Continuing Operation Net Minority Interest": NaN,
        "Reconciled Depreciation": NaN,
        "Net Interest Income": NaN,
        "Interest Expense": NaN,
        "Interest Income": NaN,
        "Normalized Income": NaN,
        "Net Income From Continuing And Discontinued Operation": NaN,
        "Diluted Average Shares": NaN,
        "Basic Average Shares": NaN,
        "Diluted EPS": NaN,
        "Basic EPS": NaN,
        "Diluted NI Availto Com Stockholders": NaN,
        "Net Income Common Stockholders": NaN,
        "Preferred Stock Dividends": 1171000.0,
        "Net Income": NaN,
        "Net Income Including Noncontrolling Interests": NaN,
        "Net Income Continuous Operations": NaN,
        "Tax Provision": NaN,
        "Pretax Income": NaN,
        "Gain On Sale Of Security": NaN,
        "Selling General And Administration": NaN,
        "Selling And Marketing Expense": NaN,
        "General And Administrative Expense": NaN,
        "Salaries And Wages": NaN,
        "Total Revenue": NaN,
        "Operating Revenue": NaN,
        "Occupancy And Equipment": NaN,
        "Professional Expense And Contract Services Expense": NaN,
        "Other Non Interest Expense": NaN
    },
    "2022-12-31": {
        "Tax Effect Of Unusual Items": NaN,
        "Tax Rate For Calcs": NaN,
        "Total Unusual Items": 0.0,
        "Total Unusual Items Excluding Goodwill": 0.0,
        "Net Income From Continuing Operation Net Minority Interest": NaN,
        "Reconciled Depreciation": NaN,
        "Net Interest Income": NaN,
        "Interest Expense": NaN,
        "Interest Income": NaN,
        "Normalized Income": NaN,
        "Net Income From Continuing And Discontinued Operation": NaN,
        "Diluted Average Shares": NaN,
        "Basic Average Shares": NaN,
        "Diluted EPS": NaN,
        "Basic EPS": NaN,
        "Diluted NI Availto Com Stockholders": NaN,
        "Net Income Common Stockholders": NaN,
        "Preferred Stock Dividends": NaN,
        "Net Income": NaN,
        "Net Income Including Noncontrolling Interests": NaN,
        "Net Income Continuous Operations": NaN,
        "Tax Provision": NaN,
        "Pretax Income": NaN,
        "Gain On Sale Of Security": NaN,
        "Selling General And Administration": NaN,
        "Selling And Marketing Expense": NaN,
        "General And Administrative Expense": NaN,
        "Salaries And Wages": NaN,
        "Total Revenue": NaN,
        "Operating Revenue": NaN,
        "Occupancy And Equipment": NaN,
        "Professional Expense And Contract Services Expense": NaN,
        "Other Non Interest Expense": NaN
    },
    "2022-09-30": {
        "Tax Effect Of Unusual Items": NaN,
        "Tax Rate For Calcs": NaN,
        "Total Unusual Items": 0.0,
        "Total Unusual Items Excluding Goodwill": 0.0,
        "Net Income From Continuing Operation Net Minority Interest": NaN,
        "Reconciled Depreciation": NaN,
        "Net Interest Income": NaN,
        "Interest Expense": NaN,
        "Interest Income": NaN,
        "Normalized Income": NaN,
        "Net Income From Continuing And Discontinued Operation": NaN,
        "Diluted Average Shares": 13678962.0,
        "Basic Average Shares": 13490680.0,
        "Diluted EPS": 0.49,
        "Basic EPS": 0.5,
        "Diluted NI Availto Com Stockholders": NaN,
        "Net Income Common Stockholders": NaN,
        "Preferred Stock Dividends": NaN,
        "Net Income": NaN,
        "Net Income Including Noncontrolling Interests": NaN,
        "Net Income Continuous Operations": NaN,
        "Tax Provision": NaN,
        "Pretax Income": NaN,
        "Gain On Sale Of Security": NaN,
        "Selling General And Administration": NaN,
        "Selling And Marketing Expense": NaN,
        "General And Administrative Expense": NaN,
        "Salaries And Wages": NaN,
        "Total Revenue": NaN,
        "Operating Revenue": NaN
    },
    "2022-06-30": {
        "Tax Effect Of Unusual Items": -73500.0,
        "Tax Rate For Calcs": 0.21,
        "Total Unusual Items": -350000.0,
        "Total Unusual Items Excluding Goodwill": -350000.0,
        "Net Income From Continuing Operation Net Minority Interest": 2277000.0,
        "Reconciled Depreciation": 283000.0,
        "Net Interest Income": 27738000.0,
        "Interest Expense": 4771000.0,
        "Interest Income": 32509000.0,
        "Normalized Income": 2553500.0,
        "Net Income From Continuing And Discontinued Operation": 2277000.0,
        "Diluted Average Shares": 13822522.0,
        "Basic Average Shares": 13454423.0,
        "Diluted EPS": 0.16,
        "Basic EPS": 0.17,
        "Diluted NI Availto Com Stockholders": 2277000.0,
        "Net Income Common Stockholders": 2277000.0,
        "Net Income": 2277000.0,
        "Net Income Including Noncontrolling Interests": 2277000.0,
        "Net Income Continuous Operations": 2277000.0,
        "Tax Provision": 604000.0,
        "Pretax Income": 2881000.0,
        "Gain On Sale Of Security": 123000.0,
        "Selling General And Administration": 14461000.0,
        "Selling And Marketing Expense": 467000.0,
        "General And Administrative Expense": 13994000.0,
        "Other Gand A": 2188000.0,
        "Salaries And Wages": 13994000.0,
        "Total Revenue": 28372000.0,
        "Operating Revenue": 28372000.0
    },
    "2022-03-31": {
        "Diluted EPS": 0.15,
        "Total Revenue": 29,
        "Gross Profit": 27,
        "Operating Income": 3,
        "EBIT": NaN,
        "Net Income": 2
    },
    "2021-12-31": {
        "Diluted EPS": -0.23,
        "Total Revenue": 29,
        "Gross Profit": 27,
        "Operating Income": 0,
        "EBIT": NaN,
        "Net Income": 0
    },
    "2021-09-30": {
        "Diluted EPS": 0.28,
        "Total Revenue": 25,
        "Gross Profit": 23,
        "Operating Income": 3,
        "EBIT": NaN,
        "Net Income": 2
    },
    "2021-06-30": {
        "Diluted EPS": 0.55,
        "Total Revenue": 25,
        "Gross Profit": 22,
        "Operating Income": 5,
        "EBIT": NaN,
        "Net Income": 4
    },
    "2021-03-31": {
        "Diluted EPS": 0.8,
        "Total Revenue": 26,
        "Gross Profit": 23,
        "Operating Income": 6,
        "EBIT": NaN,
        "Net Income": 5
    },
    "2020-12-31": {
        "Diluted EPS": 0.0,
        "Total Revenue": NaN,
        "Gross Profit": NaN,
        "Operating Income": NaN,
        "EBIT": NaN,
        "Net Income": NaN
    },
    "2020-09-30": {
        "Diluted EPS": 0.65,
        "Total Revenue": 20,
        "Gross Profit": 16,
        "Operating Income": 5,
        "EBIT": NaN,
        "Net Income": 4
    },
    "2019-12-31": {
        "Diluted EPS": 0.0,
        "Total Revenue": NaN,
        "Gross Profit": NaN,
        "Operating Income": NaN,
        "EBIT": NaN,
        "Net Income": NaN
    },
    "2023-06-30": {
        "Tax Effect Of Unusual Items": NaN,
        "Tax Rate For Calcs": NaN,
        "Total Unusual Items": 0.0,
        "Total Unusual Items Excluding Goodwill": 0.0,
        "Net Income From Continuing Operation Net Minority Interest": NaN,
        "Reconciled Depreciation": NaN,
        "Net Interest Income": NaN,
        "Interest Expense": NaN,
        "Interest Income": NaN,
        "Normalized Income": NaN,
        "Net Income From Continuing And Discontinued Operation": NaN,
        "Diluted Average Shares": 16855822.0,
        "Basic Average Shares": 13588747.0,
        "Diluted EPS": 0.53,
        "Basic EPS": 0.57,
        "Diluted NI Availto Com Stockholders": NaN,
        "Net Income Common Stockholders": NaN,
        "Preferred Stock Dividends": NaN,
        "Net Income": NaN,
        "Net Income Including Noncontrolling Interests": NaN,
        "Net Income Continuous Operations": NaN,
        "Tax Provision": NaN,
        "Pretax Income": NaN,
        "Gain On Sale Of Security": NaN,
        "Selling General And Administration": NaN,
        "Selling And Marketing Expense": NaN,
        "General And Administrative Expense": NaN,
        "Salaries And Wages": NaN,
        "Total Revenue": NaN,
        "Operating Revenue": NaN,
        "Occupancy And Equipment": NaN,
        "Professional Expense And Contract Services Expense": NaN,
        "Other Non Interest Expense": NaN
    },
    "2023-09-30": {
        "Tax Effect Of Unusual Items": NaN,
        "Tax Rate For Calcs": NaN,
        "Total Unusual Items": 0.0,
        "Total Unusual Items Excluding Goodwill": 0.0,
        "Net Income From Continuing Operation Net Minority Interest": NaN,
        "Reconciled Depreciation": NaN,
        "Net Interest Income": NaN,
        "Interest Expense": NaN,
        "Interest Income": NaN,
        "Normalized Income": NaN,
        "Net Income From Continuing And Discontinued Operation": NaN,
        "Diluted Average Shares": NaN,
        "Basic Average Shares": NaN,
        "Diluted EPS": NaN,
        "Basic EPS": NaN,
        "Diluted NI Availto Com Stockholders": NaN,
        "Net Income Common Stockholders": NaN,
        "Preferred Stock Dividends": NaN,
        "Net Income": NaN,
        "Net Income Including Noncontrolling Interests": NaN,
        "Net Income Continuous Operations": NaN,
        "Tax Provision": NaN,
        "Pretax Income": NaN,
        "Gain On Sale Of Security": NaN,
        "Selling General And Administration": NaN,
        "Selling And Marketing Expense": NaN,
        "General And Administrative Expense": NaN,
        "Salaries And Wages": NaN,
        "Total Revenue": NaN,
        "Operating Revenue": NaN,
        "Occupancy And Equipment": NaN,
        "Professional Expense And Contract Services Expense": NaN,
        "Other Non Interest Expense": NaN
    },
    "2023-12-31": {
        "Tax Effect Of Unusual Items": NaN,
        "Tax Rate For Calcs": NaN,
        "Total Unusual Items": 0.0,
        "Total Unusual Items Excluding Goodwill": 0.0,
        "Net Income From Continuing Operation Net Minority Interest": NaN,
        "Reconciled Depreciation": NaN,
        "Net Interest Income": NaN,
        "Interest Expense": NaN,
        "Interest Income": NaN,
        "Normalized Income": NaN,
        "Net Income From Continuing And Discontinued Operation": NaN,
        "Diluted Average Shares": NaN,
        "Basic Average Shares": NaN,
        "Diluted EPS": NaN,
        "Basic EPS": NaN,
        "Diluted NI Availto Com Stockholders": NaN,
        "Net Income Common Stockholders": NaN,
        "Preferred Stock Dividends": NaN,
        "Net Income": NaN,
        "Net Income Including Noncontrolling Interests": NaN,
        "Net Income Continuous Operations": NaN,
        "Tax Provision": NaN,
        "Pretax Income": NaN,
        "Gain On Sale Of Security": NaN,
        "Selling General And Administration": NaN,
        "Selling And Marketing Expense": NaN,
        "General And Administrative Expense": NaN,
        "Salaries And Wages": NaN,
        "Total Revenue": NaN,
        "Operating Revenue": NaN,
        "Occupancy And Equipment": NaN,
        "Professional Expense And Contract Services Expense": NaN,
        "Other Non Interest Expense": NaN
    },
    "2024-03-31": {
        "Tax Effect Of Unusual Items": 0.0,
        "Tax Rate For Calcs": 0.199336,
        "Total Unusual Items": NaN,
        "Total Unusual Items Excluding Goodwill": NaN,
        "Net Income From Continuing Operation Net Minority Interest": 10367000.0,
        "Reconciled Depreciation": 1077000.0,
        "Net Interest Income": 38079000.0,
        "Interest Expense": 40797000.0,
        "Interest Income": 78876000.0,
        "Normalized Income": 10367000.0,
        "Net Income From Continuing And Discontinued Operation": 10367000.0,
        "Diluted Average Shares": 16936003.0,
        "Basic Average Shares": 13606256.0,
        "Diluted EPS": 0.61,
        "Basic EPS": 0.68,
        "Diluted NI Availto Com Stockholders": 9196000.0,
        "Net Income Common Stockholders": 9196000.0,
        "Preferred Stock Dividends": 1171000.0,
        "Net Income": 10367000.0,
        "Net Income Including Noncontrolling Interests": 10367000.0,
        "Net Income Continuous Operations": 10367000.0,
        "Tax Provision": 2581000.0,
        "Pretax Income": 12948000.0,
        "Gain On Sale Of Security": 157000.0,
        "Selling General And Administration": 16857000.0,
        "Selling And Marketing Expense": 355000.0,
        "General And Administrative Expense": 16502000.0,
        "Salaries And Wages": 16502000.0,
        "Total Revenue": 40196000.0,
        "Operating Revenue": 40196000.0,
        "Occupancy And Equipment": 3862000.0,
        "Professional Expense And Contract Services Expense": 1385000.0,
        "Other Non Interest Expense": 3584000.0
    },
    "2024-06-30": {
        "Tax Effect Of Unusual Items": 0.0,
        "Tax Rate For Calcs": 0.240627,
        "Total Unusual Items": NaN,
        "Total Unusual Items Excluding Goodwill": NaN,
        "Net Income From Continuing Operation Net Minority Interest": 10796000.0,
        "Reconciled Depreciation": 1173000.0,
        "Net Interest Income": 38858000.0,
        "Interest Expense": 42367000.0,
        "Interest Income": 81225000.0,
        "Normalized Income": 10796000.0,
        "Net Income From Continuing And Discontinued Operation": 10796000.0,
        "Diluted Average Shares": 17018680.0,
        "Basic Average Shares": 13657223.0,
        "Diluted EPS": 0.63,
        "Basic EPS": 0.7,
        "Diluted NI Availto Com Stockholders": 9612000.0,
        "Net Income Common Stockholders": 9612000.0,
        "Preferred Stock Dividends": 1184000.0,
        "Net Income": 10796000.0,
        "Net Income Including Noncontrolling Interests": 10796000.0,
        "Net Income Continuous Operations": 10796000.0,
        "Tax Provision": 3421000.0,
        "Pretax Income": 14217000.0,
        "Gain On Sale Of Security": 123000.0,
        "Selling General And Administration": 16323000.0,
        "Selling And Marketing Expense": 406000.0,
        "General And Administrative Expense": 15917000.0,
        "Salaries And Wages": 15917000.0,
        "Total Revenue": 41484000.0,
        "Operating Revenue": 41484000.0,
        "Occupancy And Equipment": 3974000.0,
        "Professional Expense And Contract Services Expense": 1621000.0,
        "Other Non Interest Expense": 3449000.0
    },
    "2024-09-30": {
        "Tax Effect Of Unusual Items": 0.0,
        "Tax Rate For Calcs": 0.214,
        "Total Unusual Items": NaN,
        "Total Unusual Items Excluding Goodwill": NaN,
        "Net Income From Continuing Operation Net Minority Interest": 12775000.0,
        "Reconciled Depreciation": -4188000.0,
        "Net Interest Income": 40383000.0,
        "Interest Expense": 42336000.0,
        "Interest Income": 82719000.0,
        "Normalized Income": 12775000.0,
        "Net Income From Continuing And Discontinued Operation": 12775000.0,
        "Diluted Average Shares": 17184991.0,
        "Basic Average Shares": 13665400.0,
        "Diluted EPS": 0.74,
        "Basic EPS": 0.85,
        "Diluted NI Availto Com Stockholders": 11577000.0,
        "Net Income Common Stockholders": 11577000.0,
        "Preferred Stock Dividends": 1198000.0,
        "Net Income": 12775000.0,
        "Net Income Including Noncontrolling Interests": 12775000.0,
        "Net Income Continuous Operations": 12775000.0,
        "Tax Provision": 3486000.0,
        "Pretax Income": 16261000.0,
        "Gain On Sale Of Security": -379000.0,
        "Selling General And Administration": 16099000.0,
        "Selling And Marketing Expense": 420000.0,
        "General And Administrative Expense": 15679000.0,
        "Salaries And Wages": 15679000.0,
        "Total Revenue": 42673000.0,
        "Operating Revenue": 42673000.0,
        "Occupancy And Equipment": 4083000.0,
        "Professional Expense And Contract Services Expense": 1037000.0,
        "Other Non Interest Expense": 4108000.0
    },
    "2024-12-31": {
        "Tax Effect Of Unusual Items": 0.0,
        "Tax Rate For Calcs": 0.233863,
        "Total Unusual Items": NaN,
        "Total Unusual Items Excluding Goodwill": NaN,
        "Net Income From Continuing Operation Net Minority Interest": 13733000.0,
        "Reconciled Depreciation": 6558000.0,
        "Net Interest Income": 43438000.0,
        "Interest Expense": 42098000.0,
        "Interest Income": 85536000.0,
        "Normalized Income": 13733000.0,
        "Net Income From Continuing And Discontinued Operation": 13733000.0,
        "Diluted Average Shares": 17394884.0,
        "Basic Average Shares": 13698010.0,
        "Diluted EPS": 0.79,
        "Basic EPS": 0.92,
        "Diluted NI Availto Com Stockholders": 12537000.0,
        "Net Income Common Stockholders": 12537000.0,
        "Preferred Stock Dividends": 1196000.0,
        "Net Income": 13733000.0,
        "Net Income Including Noncontrolling Interests": 13733000.0,
        "Net Income Continuous Operations": 13733000.0,
        "Tax Provision": 4192000.0,
        "Pretax Income": 17925000.0,
        "Gain On Sale Of Security": 1000.0,
        "Selling General And Administration": 17544000.0,
        "Selling And Marketing Expense": 526000.0,
        "General And Administrative Expense": 17018000.0,
        "Salaries And Wages": 17018000.0,
        "Total Revenue": 46122000.0,
        "Operating Revenue": 46122000.0,
        "Occupancy And Equipment": 4058000.0,
        "Professional Expense And Contract Services Expense": 1587000.0,
        "Other Non Interest Expense": 3852000.0
    },
    "2025-03-31": {
        "Tax Effect Of Unusual Items": 0.0,
        "Tax Rate For Calcs": 0.217,
        "Total Unusual Items": NaN,
        "Total Unusual Items Excluding Goodwill": NaN,
        "Net Income From Continuing Operation Net Minority Interest": 13589000.0,
        "Reconciled Depreciation": 1199000.0,
        "Net Interest Income": 42797000.0,
        "Interest Expense": 37969000.0,
        "Interest Income": 80766000.0,
        "Normalized Income": 13589000.0,
        "Net Income From Continuing And Discontinued Operation": 13589000.0,
        "Diluted Average Shares": 17440826.0,
        "Basic Average Shares": 13776998.0,
        "Diluted EPS": 0.78,
        "Basic EPS": 0.9,
        "Diluted NI Availto Com Stockholders": 12418000.0,
        "Net Income Common Stockholders": 12418000.0,
        "Preferred Stock Dividends": 1171000.0,
        "Net Income": 13589000.0,
        "Net Income Including Noncontrolling Interests": 13589000.0,
        "Net Income Continuous Operations": 13589000.0,
        "Tax Provision": 3757000.0,
        "Pretax Income": 17346000.0,
        "Gain On Sale Of Security": -228000.0,
        "Selling General And Administration": 18750000.0,
        "Selling And Marketing Expense": 409000.0,
        "General And Administrative Expense": 18341000.0,
        "Salaries And Wages": 18341000.0,
        "Total Revenue": 45635000.0,
        "Operating Revenue": 45635000.0,
        "Occupancy And Equipment": 4093000.0,
        "Professional Expense And Contract Services Expense": 1431000.0,
        "Other Non Interest Expense": 3565000.0
    },
    "2025-06-30": {
        "Tax Effect Of Unusual Items": 0.0,
        "Tax Rate For Calcs": 0.204342,
        "Total Unusual Items": NaN,
        "Total Unusual Items Excluding Goodwill": NaN,
        "Net Income From Continuing Operation Net Minority Interest": 16747000.0,
        "Reconciled Depreciation": 1174000.0,
        "Net Interest Income": 49374000.0,
        "Interest Expense": 39288000.0,
        "Interest Income": 88662000.0,
        "Normalized Income": 16747000.0,
        "Net Income From Continuing And Discontinued Operation": 16747000.0,
        "Diluted Average Shares": 17391128.0,
        "Basic Average Shares": 13836830.0,
        "Diluted EPS": 0.96,
        "Basic EPS": 1.12,
        "Diluted NI Availto Com Stockholders": 15562000.0,
        "Net Income Common Stockholders": 15562000.0,
        "Preferred Stock Dividends": 1185000.0,
        "Net Income": 16747000.0,
        "Net Income Including Noncontrolling Interests": 16747000.0,
        "Net Income Continuous Operations": 16747000.0,
        "Tax Provision": 4301000.0,
        "Pretax Income": 21048000.0,
        "Gain On Sale Of Security": -110000.0,
        "Selling General And Administration": 18682000.0,
        "Selling And Marketing Expense": 503000.0,
        "General And Administrative Expense": 18179000.0,
        "Salaries And Wages": 18179000.0,
        "Total Revenue": 51585000.0,
        "Operating Revenue": 51585000.0,
        "Occupancy And Equipment": 3932000.0,
        "Professional Expense And Contract Services Expense": 1927000.0,
        "Other Non Interest Expense": 3866000.0
    }
}