{
    "2023-03-31": {
        "Tax Effect Of Unusual Items": NaN,
        "Tax Rate For Calcs": NaN,
        "Normalized EBITDA": NaN,
        "Total Unusual Items": NaN,
        "Total Unusual Items Excluding Goodwill": NaN,
        "Net Income From Continuing Operation Net Minority Interest": NaN,
        "Reconciled Depreciation": NaN,
        "Reconciled Cost Of Revenue": NaN,
        "EBITDA": NaN,
        "EBIT": NaN,
        "Net Interest Income": NaN,
        "Interest Expense": NaN,
        "Interest Income": NaN,
        "Normalized Income": NaN,
        "Net Income From Continuing And Discontinued Operation": NaN,
        "Total Expenses": NaN,
        "Total Operating Income As Reported": NaN,
        "Diluted Average Shares": NaN,
        "Basic Average Shares": NaN,
        "Diluted EPS": NaN,
        "Basic EPS": NaN,
        "Diluted NI Availto Com Stockholders": NaN,
        "Net Income Common Stockholders": NaN,
        "Net Income": NaN,
        "Minority Interests": NaN,
        "Net Income Including Noncontrolling Interests": NaN,
        "Net Income Continuous Operations": NaN,
        "Tax Provision": NaN,
        "Pretax Income": NaN,
        "Other Income Expense": NaN,
        "Special Income Charges": NaN,
        "Gain On Sale Of Ppe": NaN,
        "Other Special Charges": NaN,
        "Earnings From Equity Interest": NaN,
        "Gain On Sale Of Security": 971000.0,
        "Net Non Operating Interest Income Expense": NaN,
        "Interest Expense Non Operating": NaN,
        "Interest Income Non Operating": NaN,
        "Operating Income": NaN,
        "Operating Expense": NaN,
        "Other Operating Expenses": NaN,
        "Depreciation Amortization Depletion Income Statement": NaN,
        "Depreciation And Amortization In Income Statement": NaN,
        "Selling General And Administration": NaN,
        "General And Administrative Expense": NaN,
        "Other Gand A": NaN,
        "Gross Profit": NaN,
        "Cost Of Revenue": NaN,
        "Total Revenue": NaN,
        "Operating Revenue": NaN
    },
    "2022-12-31": {
        "Tax Effect Of Unusual Items": NaN,
        "Tax Rate For Calcs": NaN,
        "Normalized EBITDA": NaN,
        "Total Unusual Items": NaN,
        "Total Unusual Items Excluding Goodwill": NaN,
        "Net Income From Continuing Operation Net Minority Interest": NaN,
        "Reconciled Depreciation": NaN,
        "Reconciled Cost Of Revenue": NaN,
        "EBITDA": NaN,
        "EBIT": NaN,
        "Net Interest Income": NaN,
        "Interest Expense": NaN,
        "Interest Income": NaN,
        "Normalized Income": NaN,
        "Net Income From Continuing And Discontinued Operation": NaN,
        "Total Expenses": NaN,
        "Total Operating Income As Reported": NaN,
        "Diluted Average Shares": NaN,
        "Basic Average Shares": NaN,
        "Diluted EPS": NaN,
        "Basic EPS": NaN,
        "Diluted NI Availto Com Stockholders": NaN,
        "Net Income Common Stockholders": NaN,
        "Net Income": NaN,
        "Minority Interests": NaN,
        "Net Income Including Noncontrolling Interests": NaN,
        "Net Income Continuous Operations": NaN,
        "Tax Provision": NaN,
        "Pretax Income": NaN,
        "Other Income Expense": NaN,
        "Special Income Charges": NaN,
        "Gain On Sale Of Ppe": NaN,
        "Other Special Charges": 0.0,
        "Earnings From Equity Interest": NaN,
        "Gain On Sale Of Security": 630000.0,
        "Net Non Operating Interest Income Expense": NaN,
        "Interest Expense Non Operating": NaN,
        "Interest Income Non Operating": NaN,
        "Operating Income": NaN,
        "Operating Expense": NaN,
        "Other Operating Expenses": NaN,
        "Depreciation Amortization Depletion Income Statement": NaN,
        "Depreciation And Amortization In Income Statement": NaN,
        "Selling General And Administration": NaN,
        "General And Administrative Expense": NaN,
        "Other Gand A": NaN,
        "Gross Profit": NaN,
        "Cost Of Revenue": NaN,
        "Total Revenue": NaN,
        "Operating Revenue": NaN
    },
    "2022-09-30": {
        "Tax Effect Of Unusual Items": NaN,
        "Tax Rate For Calcs": NaN,
        "Normalized EBITDA": NaN,
        "Total Unusual Items": NaN,
        "Total Unusual Items Excluding Goodwill": NaN,
        "Net Income From Continuing Operation Net Minority Interest": NaN,
        "Reconciled Depreciation": NaN,
        "Reconciled Cost Of Revenue": NaN,
        "EBITDA": NaN,
        "EBIT": NaN,
        "Net Interest Income": NaN,
        "Interest Expense": NaN,
        "Interest Income": NaN,
        "Normalized Income": NaN,
        "Net Income From Continuing And Discontinued Operation": NaN,
        "Total Expenses": NaN,
        "Total Operating Income As Reported": NaN,
        "Diluted Average Shares": NaN,
        "Basic Average Shares": NaN,
        "Diluted EPS": NaN,
        "Basic EPS": NaN,
        "Diluted NI Availto Com Stockholders": NaN,
        "Net Income Common Stockholders": NaN,
        "Net Income": NaN,
        "Minority Interests": NaN,
        "Net Income Including Noncontrolling Interests": NaN,
        "Net Income Continuous Operations": NaN,
        "Tax Provision": NaN,
        "Pretax Income": NaN,
        "Other Income Expense": NaN,
        "Special Income Charges": NaN,
        "Gain On Sale Of Ppe": NaN,
        "Other Special Charges": 1166000.0,
        "Earnings From Equity Interest": NaN,
        "Gain On Sale Of Security": 1533000.0,
        "Net Non Operating Interest Income Expense": NaN,
        "Interest Expense Non Operating": NaN,
        "Interest Income Non Operating": NaN,
        "Operating Income": NaN,
        "Operating Expense": NaN,
        "Other Operating Expenses": NaN,
        "Depreciation Amortization Depletion Income Statement": NaN,
        "Depreciation And Amortization In Income Statement": NaN,
        "Selling General And Administration": NaN,
        "General And Administrative Expense": NaN,
        "Other Gand A": NaN,
        "Gross Profit": NaN,
        "Cost Of Revenue": NaN,
        "Total Revenue": NaN,
        "Operating Revenue": NaN
    },
    "2022-06-30": {
        "Tax Effect Of Unusual Items": 43274.713403,
        "Tax Rate For Calcs": 0.002401,
        "Normalized EBITDA": 6849000.0,
        "Total Unusual Items": 18025000.0,
        "Total Unusual Items Excluding Goodwill": 18025000.0,
        "Net Income From Continuing Operation Net Minority Interest": 16461000.0,
        "Reconciled Depreciation": 3153000.0,
        "Reconciled Cost Of Revenue": 2957000.0,
        "EBITDA": 24874000.0,
        "EBIT": 21721000.0,
        "Net Interest Income": -154000.0,
        "Interest Expense": 5060000.0,
        "Interest Income": 4906000.0,
        "Normalized Income": -1520725.286597,
        "Net Income From Continuing And Discontinued Operation": 16461000.0,
        "Total Expenses": 10617000.0,
        "Total Operating Income As Reported": -2847000.0,
        "Diluted Average Shares": 8639316.0,
        "Basic Average Shares": 8639316.0,
        "Diluted EPS": 1.91,
        "Basic EPS": 1.91,
        "Diluted NI Availto Com Stockholders": 16461000.0,
        "Net Income Common Stockholders": 16461000.0,
        "Net Income": 16461000.0,
        "Minority Interests": -160000.0,
        "Net Income Including Noncontrolling Interests": 16621000.0,
        "Net Income Continuous Operations": 16621000.0,
        "Tax Provision": 40000.0,
        "Pretax Income": 16661000.0,
        "Other Income Expense": 19662000.0,
        "Special Income Charges": 3893000.0,
        "Gain On Sale Of Ppe": 3893000.0,
        "Other Special Charges": NaN,
        "Earnings From Equity Interest": 1637000.0,
        "Gain On Sale Of Security": 14132000.0,
        "Net Non Operating Interest Income Expense": -154000.0,
        "Interest Expense Non Operating": 5060000.0,
        "Interest Income Non Operating": 4906000.0,
        "Operating Income": -2847000.0,
        "Operating Expense": 6805000.0,
        "Depreciation Amortization Depletion Income Statement": 2298000.0,
        "Depreciation And Amortization In Income Statement": 2298000.0,
        "Selling General And Administration": 4507000.0,
        "General And Administrative Expense": 4507000.0,
        "Other Gand A": 4507000.0,
        "Gross Profit": 3958000.0,
        "Cost Of Revenue": 3812000.0,
        "Total Revenue": 7770000.0,
        "Operating Revenue": 7259000.0
    },
    "2022-03-31": {
        "Diluted EPS": 1.68,
        "Total Revenue": 8,
        "Gross Profit": 4,
        "Operating Income": -4,
        "EBIT": -1,
        "Net Income": 15
    },
    "2021-12-31": {
        "Diluted EPS": -1.01,
        "Total Revenue": 8,
        "Gross Profit": 4,
        "Operating Income": -4,
        "EBIT": -1,
        "Net Income": -9
    },
    "2021-09-30": {
        "Diluted EPS": 3.04,
        "Total Revenue": 10,
        "Gross Profit": 4,
        "Operating Income": -5,
        "EBIT": -1,
        "Net Income": 26
    },
    "2021-06-30": {
        "Diluted EPS": -3.56,
        "Total Revenue": 11,
        "Gross Profit": 6,
        "Operating Income": -5,
        "EBIT": -1,
        "Net Income": -31
    },
    "2021-03-31": {
        "Diluted EPS": 2.62,
        "Total Revenue": 12,
        "Gross Profit": 6,
        "Operating Income": -2,
        "EBIT": 2,
        "Net Income": 23
    },
    "2020-12-31": {
        "Diluted EPS": -0.16,
        "Total Revenue": 19,
        "Gross Profit": 13,
        "Operating Income": 4,
        "EBIT": 10,
        "Net Income": -1
    },
    "2020-09-30": {
        "Diluted EPS": 0.88,
        "Total Revenue": 12,
        "Gross Profit": 6,
        "Operating Income": -2,
        "EBIT": 3,
        "Net Income": 8
    },
    "2020-06-30": {
        "Diluted EPS": -0.48,
        "Total Revenue": 13,
        "Gross Profit": 8,
        "Operating Income": 1,
        "EBIT": 5,
        "Net Income": -4
    },
    "2020-03-31": {
        "Diluted EPS": 0.53,
        "Total Revenue": 13,
        "Gross Profit": 6,
        "Operating Income": -3,
        "EBIT": 1,
        "Net Income": 5
    },
    "2019-12-31": {
        "Diluted EPS": -0.83,
        "Total Revenue": 11,
        "Gross Profit": 4,
        "Operating Income": -3,
        "EBIT": -1,
        "Net Income": -7
    },
    "2019-09-30": {
        "Diluted EPS": -0.89,
        "Total Revenue": 13,
        "Gross Profit": 8,
        "Operating Income": 0,
        "EBIT": 5,
        "Net Income": -8
    },
    "2019-06-30": {
        "Diluted EPS": -0.73,
        "Total Revenue": 12,
        "Gross Profit": 5,
        "Operating Income": -3,
        "EBIT": 1,
        "Net Income": -6
    },
    "2019-03-31": {
        "Diluted EPS": -0.64,
        "Total Revenue": 12,
        "Gross Profit": 6,
        "Operating Income": -1,
        "EBIT": 3,
        "Net Income": -6
    },
    "2018-12-31": {
        "Diluted EPS": 17.43,
        "Total Revenue": 53,
        "Gross Profit": 39,
        "Operating Income": 29,
        "EBIT": 36,
        "Net Income": 152
    },
    "2018-09-30": {
        "Diluted EPS": 2.52,
        "Total Revenue": 34,
        "Gross Profit": 18,
        "Operating Income": 6,
        "EBIT": 14,
        "Net Income": 22
    },
    "2018-06-30": {
        "Diluted EPS": 0.81,
        "Total Revenue": 32,
        "Gross Profit": 16,
        "Operating Income": 5,
        "EBIT": 12,
        "Net Income": 7
    },
    "2018-03-31": {
        "Diluted EPS": -0.05,
        "Total Revenue": 31,
        "Gross Profit": 17,
        "Operating Income": 5,
        "EBIT": 13,
        "Net Income": 0
    },
    "2017-12-31": {
        "Diluted EPS": -0.88,
        "Total Revenue": 31,
        "Gross Profit": 14,
        "Operating Income": 3,
        "EBIT": 11,
        "Net Income": -8
    },
    "2017-09-30": {
        "Diluted EPS": 0.79,
        "Total Revenue": 31,
        "Gross Profit": 16,
        "Operating Income": 6,
        "EBIT": 13,
        "Net Income": 7
    },
    "2017-06-30": {
        "Diluted EPS": -1.22,
        "Total Revenue": 31,
        "Gross Profit": 16,
        "Operating Income": 6,
        "EBIT": 14,
        "Net Income": -11
    },
    "2017-03-31": {
        "Diluted EPS": -0.61,
        "Total Revenue": 32,
        "Gross Profit": 16,
        "Operating Income": 5,
        "EBIT": 13,
        "Net Income": -5
    },
    "2016-12-31": {
        "Diluted EPS": 0.37,
        "Total Revenue": 29,
        "Gross Profit": 13,
        "Operating Income": 3,
        "EBIT": 12,
        "Net Income": 3
    },
    "2016-09-30": {
        "Diluted EPS": -0.55,
        "Total Revenue": 30,
        "Gross Profit": 14,
        "Operating Income": 4,
        "EBIT": 11,
        "Net Income": -5
    },
    "2016-06-30": {
        "Diluted EPS": 0.51,
        "Total Revenue": 31,
        "Gross Profit": 16,
        "Operating Income": 6,
        "EBIT": 12,
        "Net Income": 4
    },
    "2016-03-31": {
        "Diluted EPS": -0.43,
        "Total Revenue": 29,
        "Gross Profit": 14,
        "Operating Income": 4,
        "EBIT": 11,
        "Net Income": -4
    },
    "2015-12-31": {
        "Diluted EPS": -0.16,
        "Total Revenue": 29,
        "Gross Profit": 12,
        "Operating Income": -1,
        "EBIT": 5,
        "Net Income": -2
    },
    "2015-09-30": {
        "Diluted EPS": -0.79,
        "Total Revenue": 28,
        "Gross Profit": 13,
        "Operating Income": 3,
        "EBIT": 10,
        "Net Income": -7
    },
    "2015-06-30": {
        "Diluted EPS": -0.01,
        "Total Revenue": 24,
        "Gross Profit": 13,
        "Operating Income": 4,
        "EBIT": 10,
        "Net Income": 0
    },
    "2015-03-31": {
        "Diluted EPS": -0.02,
        "Total Revenue": 22,
        "Gross Profit": 11,
        "Operating Income": 3,
        "EBIT": 8,
        "Net Income": 0
    },
    "2014-12-31": {
        "Diluted EPS": 4.29,
        "Total Revenue": 21,
        "Gross Profit": 10,
        "Operating Income": -1,
        "EBIT": 5,
        "Net Income": 37
    },
    "2014-09-30": {
        "Diluted EPS": -0.29,
        "Total Revenue": 18,
        "Gross Profit": 8,
        "Operating Income": 1,
        "EBIT": 7,
        "Net Income": -3
    },
    "2014-06-30": {
        "Diluted EPS": 0.25,
        "Total Revenue": 19,
        "Gross Profit": 9,
        "Operating Income": 0,
        "EBIT": 5,
        "Net Income": 2
    },
    "2014-03-31": {
        "Diluted EPS": 0.49,
        "Total Revenue": 18,
        "Gross Profit": 9,
        "Operating Income": 1,
        "EBIT": 7,
        "Net Income": 4
    },
    "2013-12-31": {
        "Diluted EPS": 6.64,
        "Total Revenue": 20,
        "Gross Profit": 11,
        "Operating Income": -12,
        "EBIT": -9,
        "Net Income": 55
    },
    "2013-09-30": {
        "Diluted EPS": -0.74,
        "Total Revenue": 19,
        "Gross Profit": 9,
        "Operating Income": 1,
        "EBIT": 7,
        "Net Income": -6
    },
    "2013-06-30": {
        "Diluted EPS": 1.33,
        "Total Revenue": 20,
        "Gross Profit": 11,
        "Operating Income": 3,
        "EBIT": 9,
        "Net Income": 12
    },
    "2013-03-31": {
        "Diluted EPS": -0.4,
        "Total Revenue": 20,
        "Gross Profit": 10,
        "Operating Income": 3,
        "EBIT": 10,
        "Net Income": -3
    },
    "2012-12-31": {
        "Diluted EPS": -0.75,
        "Total Revenue": -2,
        "Gross Profit": -1,
        "Operating Income": -6,
        "EBIT": 0,
        "Net Income": -6
    },
    "2012-09-30": {
        "Diluted EPS": -0.07,
        "Total Revenue": 27,
        "Gross Profit": 14,
        "Operating Income": 5,
        "EBIT": 10,
        "Net Income": -1
    },
    "2012-06-30": {
        "Diluted EPS": 0.23,
        "Total Revenue": 26,
        "Gross Profit": 14,
        "Operating Income": 6,
        "EBIT": 13,
        "Net Income": 2
    },
    "2012-03-31": {
        "Diluted EPS": -0.53,
        "Total Revenue": 27,
        "Gross Profit": 14,
        "Operating Income": 4,
        "EBIT": 11,
        "Net Income": -4
    },
    "2011-12-31": {
        "Diluted EPS": -2.53,
        "Total Revenue": -6,
        "Gross Profit": -3,
        "Operating Income": -36,
        "EBIT": -30,
        "Net Income": -21
    },
    "2011-09-30": {
        "Diluted EPS": 0.08,
        "Total Revenue": 29,
        "Gross Profit": 13,
        "Operating Income": 3,
        "EBIT": 9,
        "Net Income": 1
    },
    "2011-06-30": {
        "Diluted EPS": -1.72,
        "Total Revenue": 28,
        "Gross Profit": 14,
        "Operating Income": 5,
        "EBIT": 10,
        "Net Income": -14
    },
    "2011-03-31": {
        "Diluted EPS": -1.5,
        "Total Revenue": 26,
        "Gross Profit": 12,
        "Operating Income": -3,
        "EBIT": 4,
        "Net Income": -12
    },
    "2010-12-31": {
        "Diluted EPS": -3.43,
        "Total Revenue": 11,
        "Gross Profit": 8,
        "Operating Income": -22,
        "EBIT": -15,
        "Net Income": -28
    },
    "2010-09-30": {
        "Diluted EPS": -1.14,
        "Total Revenue": 28,
        "Gross Profit": 12,
        "Operating Income": 2,
        "EBIT": 9,
        "Net Income": -9
    },
    "2010-06-30": {
        "Diluted EPS": -2.54,
        "Total Revenue": 31,
        "Gross Profit": 12,
        "Operating Income": 1,
        "EBIT": 9,
        "Net Income": -21
    },
    "2010-03-31": {
        "Diluted EPS": -1.3,
        "Total Revenue": 33,
        "Gross Profit": 14,
        "Operating Income": 3,
        "EBIT": 10,
        "Net Income": -11
    },
    "2009-12-31": {
        "Diluted EPS": -3.21,
        "Total Revenue": 1,
        "Gross Profit": -1,
        "Operating Income": -22,
        "EBIT": -13,
        "Net Income": -26
    },
    "2009-09-30": {
        "Diluted EPS": -1.42,
        "Total Revenue": 34,
        "Gross Profit": 14,
        "Operating Income": 2,
        "EBIT": 10,
        "Net Income": -12
    },
    "2009-06-30": {
        "Diluted EPS": -3.96,
        "Total Revenue": 37,
        "Gross Profit": 18,
        "Operating Income": -22,
        "EBIT": -14,
        "Net Income": -32
    },
    "2009-03-31": {
        "Diluted EPS": -1.36,
        "Total Revenue": 36,
        "Gross Profit": 13,
        "Operating Income": 1,
        "EBIT": 10,
        "Net Income": -11
    },
    "2023-06-30": {
        "Tax Effect Of Unusual Items": NaN,
        "Tax Rate For Calcs": NaN,
        "Normalized EBITDA": NaN,
        "Total Unusual Items": NaN,
        "Total Unusual Items Excluding Goodwill": NaN,
        "Net Income From Continuing Operation Net Minority Interest": NaN,
        "Reconciled Depreciation": NaN,
        "Reconciled Cost Of Revenue": NaN,
        "EBITDA": NaN,
        "EBIT": NaN,
        "Net Interest Income": NaN,
        "Interest Expense": NaN,
        "Interest Income": NaN,
        "Normalized Income": NaN,
        "Net Income From Continuing And Discontinued Operation": NaN,
        "Total Expenses": NaN,
        "Total Operating Income As Reported": NaN,
        "Diluted Average Shares": 8639316.0,
        "Basic Average Shares": 8639316.0,
        "Diluted EPS": 0.06,
        "Basic EPS": 0.06,
        "Diluted NI Availto Com Stockholders": NaN,
        "Net Income Common Stockholders": NaN,
        "Net Income": NaN,
        "Minority Interests": NaN,
        "Net Income Including Noncontrolling Interests": NaN,
        "Net Income Continuous Operations": NaN,
        "Tax Provision": NaN,
        "Pretax Income": NaN,
        "Other Income Expense": NaN,
        "Special Income Charges": NaN,
        "Gain On Sale Of Ppe": NaN,
        "Other Special Charges": 1710000.0,
        "Earnings From Equity Interest": NaN,
        "Gain On Sale Of Security": 22000.0,
        "Net Non Operating Interest Income Expense": NaN,
        "Interest Expense Non Operating": NaN,
        "Interest Income Non Operating": NaN,
        "Operating Income": NaN,
        "Operating Expense": NaN,
        "Other Operating Expenses": NaN,
        "Depreciation Amortization Depletion Income Statement": NaN,
        "Depreciation And Amortization In Income Statement": NaN,
        "Selling General And Administration": NaN,
        "General And Administrative Expense": NaN,
        "Other Gand A": NaN,
        "Gross Profit": NaN,
        "Cost Of Revenue": NaN,
        "Total Revenue": NaN,
        "Operating Revenue": NaN
    },
    "2023-09-30": {
        "Tax Effect Of Unusual Items": NaN,
        "Tax Rate For Calcs": NaN,
        "Normalized EBITDA": NaN,
        "Total Unusual Items": NaN,
        "Total Unusual Items Excluding Goodwill": NaN,
        "Net Income From Continuing Operation Net Minority Interest": NaN,
        "Reconciled Depreciation": NaN,
        "Reconciled Cost Of Revenue": NaN,
        "EBITDA": NaN,
        "EBIT": NaN,
        "Net Interest Income": NaN,
        "Interest Expense": NaN,
        "Interest Income": NaN,
        "Normalized Income": NaN,
        "Net Income From Continuing And Discontinued Operation": NaN,
        "Total Expenses": NaN,
        "Total Operating Income As Reported": NaN,
        "Diluted Average Shares": 8639316.0,
        "Basic Average Shares": 8639316.0,
        "Diluted EPS": 0.52,
        "Basic EPS": 0.52,
        "Diluted NI Availto Com Stockholders": NaN,
        "Net Income Common Stockholders": NaN,
        "Net Income": NaN,
        "Minority Interests": NaN,
        "Net Income Including Noncontrolling Interests": NaN,
        "Net Income Continuous Operations": NaN,
        "Tax Provision": NaN,
        "Pretax Income": NaN,
        "Other Income Expense": NaN,
        "Special Income Charges": NaN,
        "Gain On Sale Of Ppe": NaN,
        "Other Special Charges": NaN,
        "Earnings From Equity Interest": NaN,
        "Gain On Sale Of Security": NaN,
        "Net Non Operating Interest Income Expense": NaN,
        "Interest Expense Non Operating": NaN,
        "Interest Income Non Operating": NaN,
        "Operating Income": NaN,
        "Operating Expense": NaN,
        "Other Operating Expenses": NaN,
        "Depreciation Amortization Depletion Income Statement": NaN,
        "Depreciation And Amortization In Income Statement": NaN,
        "Selling General And Administration": NaN,
        "General And Administrative Expense": NaN,
        "Other Gand A": NaN,
        "Gross Profit": NaN,
        "Cost Of Revenue": NaN,
        "Total Revenue": NaN,
        "Operating Revenue": NaN
    },
    "2023-12-31": {
        "Tax Effect Of Unusual Items": NaN,
        "Tax Rate For Calcs": NaN,
        "Normalized EBITDA": NaN,
        "Total Unusual Items": NaN,
        "Total Unusual Items Excluding Goodwill": NaN,
        "Net Income From Continuing Operation Net Minority Interest": NaN,
        "Reconciled Depreciation": NaN,
        "Reconciled Cost Of Revenue": NaN,
        "EBITDA": NaN,
        "EBIT": NaN,
        "Net Interest Income": NaN,
        "Interest Expense": NaN,
        "Interest Income": NaN,
        "Normalized Income": NaN,
        "Net Income From Continuing And Discontinued Operation": NaN,
        "Total Expenses": NaN,
        "Total Operating Income As Reported": NaN,
        "Diluted Average Shares": NaN,
        "Basic Average Shares": NaN,
        "Diluted EPS": NaN,
        "Basic EPS": NaN,
        "Diluted NI Availto Com Stockholders": NaN,
        "Net Income Common Stockholders": NaN,
        "Net Income": NaN,
        "Minority Interests": NaN,
        "Net Income Including Noncontrolling Interests": NaN,
        "Net Income Continuous Operations": NaN,
        "Tax Provision": NaN,
        "Pretax Income": NaN,
        "Other Income Expense": NaN,
        "Special Income Charges": NaN,
        "Gain On Sale Of Ppe": NaN,
        "Other Special Charges": 0.0,
        "Earnings From Equity Interest": NaN,
        "Gain On Sale Of Security": 0.0,
        "Net Non Operating Interest Income Expense": NaN,
        "Interest Expense Non Operating": NaN,
        "Interest Income Non Operating": NaN,
        "Operating Income": NaN,
        "Operating Expense": NaN,
        "Other Operating Expenses": NaN,
        "Depreciation Amortization Depletion Income Statement": NaN,
        "Depreciation And Amortization In Income Statement": NaN,
        "Selling General And Administration": NaN,
        "General And Administrative Expense": NaN,
        "Other Gand A": NaN,
        "Gross Profit": NaN,
        "Cost Of Revenue": NaN,
        "Total Revenue": NaN,
        "Operating Revenue": NaN
    },
    "2024-03-31": {
        "Tax Effect Of Unusual Items": NaN,
        "Tax Rate For Calcs": NaN,
        "Normalized EBITDA": NaN,
        "Total Unusual Items": NaN,
        "Total Unusual Items Excluding Goodwill": NaN,
        "Net Income From Continuing Operation Net Minority Interest": NaN,
        "Reconciled Depreciation": NaN,
        "Reconciled Cost Of Revenue": NaN,
        "EBITDA": NaN,
        "EBIT": NaN,
        "Net Interest Income": NaN,
        "Interest Expense": NaN,
        "Interest Income": NaN,
        "Normalized Income": NaN,
        "Net Income From Continuing And Discontinued Operation": NaN,
        "Total Expenses": NaN,
        "Total Operating Income As Reported": NaN,
        "Diluted Average Shares": 8639316.0,
        "Basic Average Shares": 8639316.0,
        "Diluted EPS": 0.3,
        "Basic EPS": 0.3,
        "Diluted NI Availto Com Stockholders": NaN,
        "Net Income Common Stockholders": NaN,
        "Net Income": NaN,
        "Minority Interests": NaN,
        "Net Income Including Noncontrolling Interests": NaN,
        "Net Income Continuous Operations": NaN,
        "Tax Provision": NaN,
        "Pretax Income": NaN,
        "Other Income Expense": NaN,
        "Special Income Charges": NaN,
        "Gain On Sale Of Ppe": NaN,
        "Earnings From Equity Interest": NaN,
        "Net Non Operating Interest Income Expense": NaN,
        "Interest Expense Non Operating": NaN,
        "Interest Income Non Operating": NaN,
        "Operating Income": NaN,
        "Operating Expense": NaN,
        "Other Operating Expenses": NaN,
        "Depreciation Amortization Depletion Income Statement": NaN,
        "Depreciation And Amortization In Income Statement": NaN,
        "Selling General And Administration": NaN,
        "General And Administrative Expense": NaN,
        "Other Gand A": NaN,
        "Gross Profit": NaN,
        "Cost Of Revenue": NaN,
        "Total Revenue": NaN,
        "Operating Revenue": NaN
    },
    "2024-06-30": {
        "Tax Effect Of Unusual Items": NaN,
        "Tax Rate For Calcs": NaN,
        "Normalized EBITDA": NaN,
        "Total Unusual Items": NaN,
        "Total Unusual Items Excluding Goodwill": NaN,
        "Net Income From Continuing Operation Net Minority Interest": NaN,
        "Reconciled Depreciation": NaN,
        "Reconciled Cost Of Revenue": NaN,
        "EBITDA": NaN,
        "EBIT": NaN,
        "Net Interest Income": NaN,
        "Interest Expense": NaN,
        "Interest Income": NaN,
        "Normalized Income": NaN,
        "Net Income From Continuing And Discontinued Operation": NaN,
        "Total Expenses": NaN,
        "Total Operating Income As Reported": NaN,
        "Diluted Average Shares": 8639316.0,
        "Basic Average Shares": 8639316.0,
        "Diluted EPS": 0.17,
        "Basic EPS": 0.17,
        "Diluted NI Availto Com Stockholders": NaN,
        "Net Income Common Stockholders": NaN,
        "Net Income": NaN,
        "Minority Interests": NaN,
        "Net Income Including Noncontrolling Interests": NaN,
        "Net Income Continuous Operations": NaN,
        "Tax Provision": NaN,
        "Pretax Income": NaN,
        "Other Income Expense": NaN,
        "Special Income Charges": NaN,
        "Gain On Sale Of Ppe": NaN,
        "Earnings From Equity Interest": NaN,
        "Net Non Operating Interest Income Expense": NaN,
        "Interest Expense Non Operating": NaN,
        "Interest Income Non Operating": NaN,
        "Operating Income": NaN,
        "Operating Expense": NaN,
        "Other Operating Expenses": NaN,
        "Depreciation Amortization Depletion Income Statement": NaN,
        "Depreciation And Amortization In Income Statement": NaN,
        "Selling General And Administration": NaN,
        "General And Administrative Expense": NaN,
        "Other Gand A": NaN,
        "Gross Profit": NaN,
        "Cost Of Revenue": NaN,
        "Total Revenue": NaN,
        "Operating Revenue": NaN
    },
    "2024-09-30": {
        "Tax Effect Of Unusual Items": 0.0,
        "Tax Rate For Calcs": 0.222313,
        "Normalized EBITDA": 7848000.0,
        "Total Unusual Items": 0.0,
        "Total Unusual Items Excluding Goodwill": 0.0,
        "Net Income From Continuing Operation Net Minority Interest": 1707000.0,
        "Reconciled Depreciation": 3317000.0,
        "Reconciled Cost Of Revenue": 6792000.0,
        "EBITDA": 7848000.0,
        "EBIT": 4531000.0,
        "Net Interest Income": 3842000.0,
        "Interest Expense": 2075000.0,
        "Interest Income": 5917000.0,
        "Normalized Income": 1707000.0,
        "Net Income From Continuing And Discontinued Operation": 1707000.0,
        "Total Expenses": 12743000.0,
        "Total Operating Income As Reported": -1669000.0,
        "Diluted Average Shares": 8639316.0,
        "Basic Average Shares": 8639316.0,
        "Diluted EPS": 0.2,
        "Basic EPS": 0.2,
        "Diluted NI Availto Com Stockholders": 1707000.0,
        "Net Income Common Stockholders": 1707000.0,
        "Net Income": 1707000.0,
        "Minority Interests": -203000.0,
        "Net Income Including Noncontrolling Interests": 1910000.0,
        "Net Income Continuous Operations": 1910000.0,
        "Tax Provision": 546000.0,
        "Pretax Income": 2456000.0,
        "Other Income Expense": 283000.0,
        "Special Income Charges": 0.0,
        "Gain On Sale Of Ppe": 0.0,
        "Earnings From Equity Interest": 283000.0,
        "Net Non Operating Interest Income Expense": 3842000.0,
        "Interest Expense Non Operating": 2075000.0,
        "Interest Income Non Operating": 5917000.0,
        "Operating Income": -1669000.0,
        "Operating Expense": 5754000.0,
        "Other Operating Expenses": -533000.0,
        "Depreciation Amortization Depletion Income Statement": 3120000.0,
        "Depreciation And Amortization In Income Statement": 3120000.0,
        "Selling General And Administration": 3167000.0,
        "General And Administrative Expense": 3167000.0,
        "Other Gand A": 3167000.0,
        "Gross Profit": 4085000.0,
        "Cost Of Revenue": 6989000.0,
        "Total Revenue": 11074000.0,
        "Operating Revenue": 11074000.0
    },
    "2024-12-31": {
        "Tax Effect Of Unusual Items": -161686.27451,
        "Tax Rate For Calcs": 0.27451,
        "Normalized EBITDA": 5698000.0,
        "Total Unusual Items": -589000.0,
        "Total Unusual Items Excluding Goodwill": -589000.0,
        "Net Income From Continuing Operation Net Minority Interest": 108000.0,
        "Reconciled Depreciation": 2865000.0,
        "Reconciled Cost Of Revenue": 6798000.0,
        "EBITDA": 5109000.0,
        "EBIT": 2244000.0,
        "Net Interest Income": 2806000.0,
        "Interest Expense": 1836000.0,
        "Interest Income": 4642000.0,
        "Normalized Income": 535313.72549,
        "Net Income From Continuing And Discontinued Operation": 108000.0,
        "Total Expenses": 12912000.0,
        "Total Operating Income As Reported": -1690000.0,
        "Diluted Average Shares": NaN,
        "Basic Average Shares": NaN,
        "Diluted EPS": NaN,
        "Basic EPS": NaN,
        "Diluted NI Availto Com Stockholders": 108000.0,
        "Net Income Common Stockholders": 108000.0,
        "Net Income": 108000.0,
        "Minority Interests": -188000.0,
        "Net Income Including Noncontrolling Interests": 296000.0,
        "Net Income Continuous Operations": 296000.0,
        "Tax Provision": 112000.0,
        "Pretax Income": 408000.0,
        "Other Income Expense": -708000.0,
        "Special Income Charges": -589000.0,
        "Gain On Sale Of Ppe": -589000.0,
        "Earnings From Equity Interest": -119000.0,
        "Net Non Operating Interest Income Expense": 2806000.0,
        "Interest Expense Non Operating": 1836000.0,
        "Interest Income Non Operating": 4642000.0,
        "Operating Income": -1690000.0,
        "Operating Expense": 6096000.0,
        "Other Operating Expenses": -569000.0,
        "Depreciation Amortization Depletion Income Statement": 2847000.0,
        "Depreciation And Amortization In Income Statement": 2847000.0,
        "Selling General And Administration": 3818000.0,
        "General And Administrative Expense": 3818000.0,
        "Other Gand A": 3818000.0,
        "Gross Profit": 4406000.0,
        "Cost Of Revenue": 6816000.0,
        "Total Revenue": 11222000.0,
        "Operating Revenue": 11222000.0
    },
    "2025-03-31": {
        "Tax Effect Of Unusual Items": 842848.107488,
        "Tax Rate For Calcs": 0.216615,
        "Normalized EBITDA": 6894000.0,
        "Total Unusual Items": 3891000.0,
        "Total Unusual Items Excluding Goodwill": 3891000.0,
        "Net Income From Continuing Operation Net Minority Interest": 4618000.0,
        "Reconciled Depreciation": 2901000.0,
        "Reconciled Cost Of Revenue": 5959000.0,
        "EBITDA": 10785000.0,
        "EBIT": 7884000.0,
        "Net Interest Income": 2847000.0,
        "Interest Expense": 1781000.0,
        "Interest Income": 4628000.0,
        "Normalized Income": 1569848.107488,
        "Net Income From Continuing And Discontinued Operation": 4618000.0,
        "Total Expenses": 12062000.0,
        "Total Operating Income As Reported": -635000.0,
        "Diluted Average Shares": 8639316.0,
        "Basic Average Shares": 8639316.0,
        "Diluted EPS": 0.53,
        "Basic EPS": 0.53,
        "Diluted NI Availto Com Stockholders": 4618000.0,
        "Net Income Common Stockholders": 4618000.0,
        "Net Income": 4618000.0,
        "Minority Interests": -163000.0,
        "Net Income Including Noncontrolling Interests": 4781000.0,
        "Net Income Continuous Operations": 4781000.0,
        "Tax Provision": 1322000.0,
        "Pretax Income": 6103000.0,
        "Other Income Expense": 3891000.0,
        "Special Income Charges": 3891000.0,
        "Gain On Sale Of Ppe": 3891000.0,
        "Earnings From Equity Interest": 0.0,
        "Net Non Operating Interest Income Expense": 2847000.0,
        "Interest Expense Non Operating": 1781000.0,
        "Interest Income Non Operating": 4628000.0,
        "Operating Income": -635000.0,
        "Operating Expense": 6085000.0,
        "Other Operating Expenses": -581000.0,
        "Depreciation Amortization Depletion Income Statement": 2883000.0,
        "Depreciation And Amortization In Income Statement": 2883000.0,
        "Selling General And Administration": 3783000.0,
        "General And Administrative Expense": 3783000.0,
        "Other Gand A": 3783000.0,
        "Gross Profit": 5450000.0,
        "Cost Of Revenue": 5977000.0,
        "Total Revenue": 11427000.0,
        "Operating Revenue": 11427000.0
    },
    "2025-06-30": {
        "Tax Effect Of Unusual Items": 198870.0,
        "Tax Rate For Calcs": 0.21,
        "Normalized EBITDA": 6235000.0,
        "Total Unusual Items": 947000.0,
        "Total Unusual Items Excluding Goodwill": 947000.0,
        "Net Income From Continuing Operation Net Minority Interest": 169000.0,
        "Reconciled Depreciation": 3078000.0,
        "Reconciled Cost Of Revenue": 6519000.0,
        "EBITDA": 7182000.0,
        "EBIT": 4104000.0,
        "Net Interest Income": 2244000.0,
        "Interest Expense": 1738000.0,
        "Interest Income": 3982000.0,
        "Normalized Income": -579130.0,
        "Net Income From Continuing And Discontinued Operation": 169000.0,
        "Total Expenses": 12335000.0,
        "Total Operating Income As Reported": -825000.0,
        "Diluted Average Shares": 8639316.0,
        "Basic Average Shares": 8639316.0,
        "Diluted EPS": 0.02,
        "Basic EPS": 0.02,
        "Diluted NI Availto Com Stockholders": 169000.0,
        "Net Income Common Stockholders": 169000.0,
        "Net Income": 169000.0,
        "Minority Interests": -155000.0,
        "Net Income Including Noncontrolling Interests": 324000.0,
        "Net Income Continuous Operations": 324000.0,
        "Tax Provision": 2042000.0,
        "Pretax Income": 2366000.0,
        "Other Income Expense": 947000.0,
        "Special Income Charges": 947000.0,
        "Gain On Sale Of Ppe": 947000.0,
        "Earnings From Equity Interest": 0.0,
        "Net Non Operating Interest Income Expense": 2244000.0,
        "Interest Expense Non Operating": 1738000.0,
        "Interest Income Non Operating": 3982000.0,
        "Operating Income": -825000.0,
        "Operating Expense": 5800000.0,
        "Other Operating Expenses": -650000.0,
        "Depreciation Amortization Depletion Income Statement": 3062000.0,
        "Depreciation And Amortization In Income Statement": 3062000.0,
        "Selling General And Administration": 3388000.0,
        "General And Administrative Expense": 3388000.0,
        "Other Gand A": 3388000.0,
        "Gross Profit": 4975000.0,
        "Cost Of Revenue": 6535000.0,
        "Total Revenue": 11510000.0,
        "Operating Revenue": 11510000.0
    },
    "2025-09-30": {
        "Tax Effect Of Unusual Items": 158550.0,
        "Tax Rate For Calcs": 0.21,
        "Normalized EBITDA": 6301000.0,
        "Total Unusual Items": 755000.0,
        "Total Unusual Items Excluding Goodwill": 755000.0,
        "Net Income From Continuing Operation Net Minority Interest": 724000.0,
        "Reconciled Depreciation": 2949000.0,
        "Reconciled Cost Of Revenue": 7537000.0,
        "EBITDA": 7056000.0,
        "EBIT": 4107000.0,
        "Net Interest Income": 3097000.0,
        "Interest Expense": 1651000.0,
        "Interest Income": 4748000.0,
        "Normalized Income": 127550.0,
        "Net Income From Continuing And Discontinued Operation": 724000.0,
        "Total Expenses": 13315000.0,
        "Total Operating Income As Reported": -1396000.0,
        "Diluted Average Shares": 8639316.0,
        "Basic Average Shares": 8639316.0,
        "Diluted EPS": 0.08,
        "Basic EPS": 0.08,
        "Diluted NI Availto Com Stockholders": 724000.0,
        "Net Income Common Stockholders": 724000.0,
        "Net Income": 724000.0,
        "Minority Interests": -160000.0,
        "Net Income Including Noncontrolling Interests": 884000.0,
        "Net Income Continuous Operations": 884000.0,
        "Tax Provision": 1572000.0,
        "Pretax Income": 2456000.0,
        "Other Income Expense": 755000.0,
        "Special Income Charges": 755000.0,
        "Gain On Sale Of Ppe": 755000.0,
        "Earnings From Equity Interest": 0.0,
        "Net Non Operating Interest Income Expense": 3097000.0,
        "Interest Expense Non Operating": 1651000.0,
        "Interest Income Non Operating": 4748000.0,
        "Operating Income": -1396000.0,
        "Operating Expense": 5765000.0,
        "Other Operating Expenses": -916000.0,
        "Depreciation Amortization Depletion Income Statement": 2936000.0,
        "Depreciation And Amortization In Income Statement": 2936000.0,
        "Selling General And Administration": 3745000.0,
        "General And Administrative Expense": 3745000.0,
        "Other Gand A": 3745000.0,
        "Gross Profit": 4369000.0,
        "Cost Of Revenue": 7550000.0,
        "Total Revenue": 11919000.0,
        "Operating Revenue": 11919000.0
    }
}