{
    "2023-03-31": {
        "Tax Effect Of Unusual Items": NaN,
        "Tax Rate For Calcs": NaN,
        "Normalized EBITDA": NaN,
        "Total Unusual Items": NaN,
        "Total Unusual Items Excluding Goodwill": NaN,
        "Net Income From Continuing Operation Net Minority Interest": NaN,
        "Reconciled Depreciation": NaN,
        "Reconciled Cost Of Revenue": NaN,
        "EBITDA": NaN,
        "EBIT": NaN,
        "Normalized Income": NaN,
        "Net Income From Continuing And Discontinued Operation": NaN,
        "Total Expenses": NaN,
        "Rent Expense Supplemental": NaN,
        "Total Operating Income As Reported": NaN,
        "Diluted Average Shares": NaN,
        "Basic Average Shares": NaN,
        "Diluted EPS": NaN,
        "Basic EPS": NaN,
        "Diluted NI Availto Com Stockholders": NaN,
        "Net Income Common Stockholders": NaN,
        "Net Income": NaN,
        "Net Income Including Noncontrolling Interests": NaN,
        "Net Income Continuous Operations": NaN,
        "Tax Provision": NaN,
        "Pretax Income": NaN,
        "Other Income Expense": NaN,
        "Other Non Operating Income Expenses": NaN,
        "Special Income Charges": NaN,
        "Restructuring And Mergern Acquisition": NaN,
        "Operating Income": NaN,
        "Operating Expense": NaN,
        "Depreciation Amortization Depletion Income Statement": 1305000.0,
        "Depreciation And Amortization In Income Statement": 1305000.0,
        "Amortization": 1305000.0,
        "Amortization Of Intangibles Income Statement": 1305000.0,
        "Research And Development": NaN,
        "Selling General And Administration": NaN,
        "Selling And Marketing Expense": NaN,
        "General And Administrative Expense": NaN,
        "Other Gand A": NaN,
        "Gross Profit": NaN,
        "Cost Of Revenue": NaN,
        "Total Revenue": NaN,
        "Operating Revenue": NaN
    },
    "2022-12-31": {
        "Tax Effect Of Unusual Items": NaN,
        "Tax Rate For Calcs": NaN,
        "Normalized EBITDA": NaN,
        "Total Unusual Items": NaN,
        "Total Unusual Items Excluding Goodwill": NaN,
        "Net Income From Continuing Operation Net Minority Interest": NaN,
        "Reconciled Depreciation": NaN,
        "Reconciled Cost Of Revenue": NaN,
        "EBITDA": NaN,
        "EBIT": NaN,
        "Normalized Income": NaN,
        "Net Income From Continuing And Discontinued Operation": NaN,
        "Total Expenses": NaN,
        "Rent Expense Supplemental": NaN,
        "Total Operating Income As Reported": NaN,
        "Diluted Average Shares": NaN,
        "Basic Average Shares": NaN,
        "Diluted EPS": NaN,
        "Basic EPS": NaN,
        "Diluted NI Availto Com Stockholders": NaN,
        "Net Income Common Stockholders": NaN,
        "Net Income": NaN,
        "Net Income Including Noncontrolling Interests": NaN,
        "Net Income Continuous Operations": NaN,
        "Tax Provision": NaN,
        "Pretax Income": NaN,
        "Other Income Expense": NaN,
        "Other Non Operating Income Expenses": NaN,
        "Special Income Charges": NaN,
        "Restructuring And Mergern Acquisition": NaN,
        "Operating Income": NaN,
        "Operating Expense": NaN,
        "Depreciation Amortization Depletion Income Statement": 1598000.0,
        "Depreciation And Amortization In Income Statement": 1598000.0,
        "Amortization": 1598000.0,
        "Amortization Of Intangibles Income Statement": 1598000.0,
        "Research And Development": NaN,
        "Selling General And Administration": NaN,
        "Selling And Marketing Expense": NaN,
        "General And Administrative Expense": NaN,
        "Other Gand A": NaN,
        "Gross Profit": NaN,
        "Cost Of Revenue": NaN,
        "Total Revenue": NaN,
        "Operating Revenue": NaN
    },
    "2022-09-30": {
        "Tax Effect Of Unusual Items": NaN,
        "Tax Rate For Calcs": NaN,
        "Normalized EBITDA": NaN,
        "Total Unusual Items": NaN,
        "Total Unusual Items Excluding Goodwill": NaN,
        "Net Income From Continuing Operation Net Minority Interest": NaN,
        "Reconciled Depreciation": NaN,
        "Reconciled Cost Of Revenue": NaN,
        "EBITDA": NaN,
        "EBIT": NaN,
        "Normalized Income": NaN,
        "Net Income From Continuing And Discontinued Operation": NaN,
        "Total Expenses": NaN,
        "Rent Expense Supplemental": NaN,
        "Total Operating Income As Reported": NaN,
        "Diluted Average Shares": NaN,
        "Basic Average Shares": NaN,
        "Diluted EPS": NaN,
        "Basic EPS": NaN,
        "Diluted NI Availto Com Stockholders": NaN,
        "Net Income Common Stockholders": NaN,
        "Net Income": NaN,
        "Net Income Including Noncontrolling Interests": NaN,
        "Net Income Continuous Operations": NaN,
        "Tax Provision": NaN,
        "Pretax Income": NaN,
        "Other Income Expense": NaN,
        "Other Non Operating Income Expenses": NaN,
        "Special Income Charges": NaN,
        "Restructuring And Mergern Acquisition": NaN,
        "Operating Income": NaN,
        "Operating Expense": NaN,
        "Depreciation Amortization Depletion Income Statement": 3993000.0,
        "Depreciation And Amortization In Income Statement": 3993000.0,
        "Amortization": 3993000.0,
        "Amortization Of Intangibles Income Statement": 3993000.0,
        "Research And Development": NaN,
        "Selling General And Administration": NaN,
        "Selling And Marketing Expense": NaN,
        "General And Administrative Expense": NaN,
        "Other Gand A": NaN,
        "Gross Profit": NaN,
        "Cost Of Revenue": NaN,
        "Total Revenue": NaN,
        "Operating Revenue": NaN
    },
    "2022-06-30": {
        "Tax Effect Of Unusual Items": 0.0,
        "Tax Rate For Calcs": 0.004,
        "Normalized EBITDA": -2342000.0,
        "Net Income From Continuing Operation Net Minority Interest": -4640000.0,
        "Reconciled Depreciation": 1508000.0,
        "Reconciled Cost Of Revenue": 16659000.0,
        "EBITDA": -2342000.0,
        "EBIT": -4087000.0,
        "Normalized Income": -4640000.0,
        "Net Income From Continuing And Discontinued Operation": -4640000.0,
        "Total Expenses": 63732000.0,
        "Total Operating Income As Reported": -4087000.0,
        "Diluted Average Shares": 20024798.0,
        "Basic Average Shares": 20024798.0,
        "Diluted EPS": -0.23,
        "Basic EPS": -0.23,
        "Diluted NI Availto Com Stockholders": -4640000.0,
        "Net Income Common Stockholders": -4640000.0,
        "Net Income": -4640000.0,
        "Net Income Including Noncontrolling Interests": -4640000.0,
        "Net Income Continuous Operations": -4640000.0,
        "Tax Provision": -20000.0,
        "Pretax Income": -4660000.0,
        "Other Income Expense": -573000.0,
        "Other Non Operating Income Expenses": -573000.0,
        "Operating Income": -4087000.0,
        "Operating Expense": 47310000.0,
        "Depreciation Amortization Depletion Income Statement": 1745000.0,
        "Depreciation And Amortization In Income Statement": 1745000.0,
        "Amortization": 1745000.0,
        "Amortization Of Intangibles Income Statement": 1745000.0,
        "Research And Development": 1849000.0,
        "Selling General And Administration": 43716000.0,
        "Selling And Marketing Expense": 28822000.0,
        "General And Administrative Expense": 14894000.0,
        "Other Gand A": 14894000.0,
        "Gross Profit": 43223000.0,
        "Cost Of Revenue": 16422000.0,
        "Total Revenue": 59645000.0,
        "Operating Revenue": 59645000.0
    },
    "2022-03-31": {
        "Diluted EPS": -0.78,
        "Total Revenue": 48,
        "Gross Profit": 34,
        "Operating Income": -15,
        "EBIT": -13,
        "Net Income": -16
    },
    "2021-12-31": {
        "Diluted EPS": -0.38,
        "Total Revenue": 62,
        "Gross Profit": 45,
        "Operating Income": 4,
        "EBIT": 5,
        "Net Income": -7
    },
    "2021-09-30": {
        "Diluted EPS": -0.17,
        "Total Revenue": 52,
        "Gross Profit": 37,
        "Operating Income": -1,
        "EBIT": -1,
        "Net Income": -3
    },
    "2021-06-30": {
        "Diluted EPS": 0.07,
        "Total Revenue": 51,
        "Gross Profit": 36,
        "Operating Income": 0,
        "EBIT": 1,
        "Net Income": 1
    },
    "2021-03-31": {
        "Diluted EPS": -0.12,
        "Total Revenue": 43,
        "Gross Profit": 30,
        "Operating Income": -4,
        "EBIT": -3,
        "Net Income": -2
    },
    "2020-12-31": {
        "Diluted EPS": 0.64,
        "Total Revenue": 59,
        "Gross Profit": 42,
        "Operating Income": 7,
        "EBIT": 8,
        "Net Income": 12
    },
    "2020-09-30": {
        "Diluted EPS": 0.12,
        "Total Revenue": 49,
        "Gross Profit": 35,
        "Operating Income": 2,
        "EBIT": 2,
        "Net Income": 2
    },
    "2020-06-30": {
        "Diluted EPS": -0.72,
        "Total Revenue": 35,
        "Gross Profit": 25,
        "Operating Income": -8,
        "EBIT": -7,
        "Net Income": -14
    },
    "2020-03-31": {
        "Diluted EPS": -0.07,
        "Total Revenue": 44,
        "Gross Profit": 31,
        "Operating Income": -4,
        "EBIT": -4,
        "Net Income": -1
    },
    "2019-12-31": {
        "Diluted EPS": 0.22,
        "Total Revenue": 57,
        "Gross Profit": 41,
        "Operating Income": 6,
        "EBIT": 7,
        "Net Income": 4
    },
    "2019-09-30": {
        "Diluted EPS": 0.12,
        "Total Revenue": 50,
        "Gross Profit": 35,
        "Operating Income": 3,
        "EBIT": 4,
        "Net Income": 2
    },
    "2019-06-30": {
        "Diluted EPS": 0.14,
        "Total Revenue": 45,
        "Gross Profit": 32,
        "Operating Income": 3,
        "EBIT": 4,
        "Net Income": 3
    },
    "2019-03-31": {
        "Diluted EPS": 0.08,
        "Total Revenue": 38,
        "Gross Profit": 26,
        "Operating Income": -2,
        "EBIT": -1,
        "Net Income": 1
    },
    "2018-12-31": {
        "Diluted EPS": 0.1,
        "Total Revenue": 46,
        "Gross Profit": 32,
        "Operating Income": 2,
        "EBIT": 3,
        "Net Income": 2
    },
    "2018-09-30": {
        "Diluted EPS": 0.1,
        "Total Revenue": 36,
        "Gross Profit": 26,
        "Operating Income": 1,
        "EBIT": 2,
        "Net Income": 2
    },
    "2018-06-30": {
        "Diluted EPS": 0.14,
        "Total Revenue": 34,
        "Gross Profit": 25,
        "Operating Income": 1,
        "EBIT": 3,
        "Net Income": 3
    },
    "2018-03-31": {
        "Diluted EPS": 0.0,
        "Total Revenue": 27,
        "Gross Profit": 20,
        "Operating Income": -2,
        "EBIT": -1,
        "Net Income": 0
    },
    "2017-12-31": {
        "Diluted EPS": 0.11,
        "Total Revenue": 35,
        "Gross Profit": 26,
        "Operating Income": 5,
        "EBIT": 6,
        "Net Income": 2
    },
    "2017-09-30": {
        "Diluted EPS": 0.07,
        "Total Revenue": 28,
        "Gross Profit": 21,
        "Operating Income": 1,
        "EBIT": 2,
        "Net Income": 1
    },
    "2017-06-30": {
        "Diluted EPS": 0.22,
        "Total Revenue": 26,
        "Gross Profit": 19,
        "Operating Income": 1,
        "EBIT": 1,
        "Net Income": 4
    },
    "2017-03-31": {
        "Diluted EPS": -0.09,
        "Total Revenue": 20,
        "Gross Profit": 14,
        "Operating Income": -3,
        "EBIT": -3,
        "Net Income": -2
    },
    "2016-12-31": {
        "Diluted EPS": 0.55,
        "Total Revenue": 28,
        "Gross Profit": 21,
        "Operating Income": 3,
        "EBIT": 3,
        "Net Income": 3
    },
    "2016-09-30": {
        "Diluted EPS": 0.01,
        "Total Revenue": 23,
        "Gross Profit": 16,
        "Operating Income": 1,
        "EBIT": 1,
        "Net Income": 0
    },
    "2016-06-30": {
        "Diluted EPS": 0.04,
        "Total Revenue": 20,
        "Gross Profit": 14,
        "Operating Income": 2,
        "EBIT": 2,
        "Net Income": 0
    },
    "2016-03-31": {
        "Diluted EPS": -0.45,
        "Total Revenue": 14,
        "Gross Profit": 10,
        "Operating Income": -2,
        "EBIT": -2,
        "Net Income": -1
    },
    "2015-12-31": {
        "Diluted EPS": 0.06,
        "Total Revenue": 21,
        "Gross Profit": 16,
        "Operating Income": 3,
        "EBIT": 3,
        "Net Income": 1
    },
    "2015-09-30": {
        "Diluted EPS": 0.03,
        "Total Revenue": 17,
        "Gross Profit": 12,
        "Operating Income": 1,
        "EBIT": 2,
        "Net Income": 0
    },
    "2015-06-30": {
        "Diluted EPS": -0.12,
        "Total Revenue": 15,
        "Gross Profit": 10,
        "Operating Income": 0,
        "EBIT": 0,
        "Net Income": 0
    },
    "2015-03-31": {
        "Diluted EPS": -0.51,
        "Total Revenue": 10,
        "Gross Profit": 7,
        "Operating Income": -1,
        "EBIT": -1,
        "Net Income": -1
    },
    "2014-12-31": {
        "Diluted EPS": 0.0,
        "Total Revenue": NaN,
        "Gross Profit": NaN,
        "Operating Income": NaN,
        "EBIT": NaN,
        "Net Income": NaN
    },
    "2023-06-30": {
        "Tax Effect Of Unusual Items": NaN,
        "Tax Rate For Calcs": NaN,
        "Normalized EBITDA": NaN,
        "Total Unusual Items": NaN,
        "Total Unusual Items Excluding Goodwill": NaN,
        "Net Income From Continuing Operation Net Minority Interest": NaN,
        "Reconciled Depreciation": NaN,
        "Reconciled Cost Of Revenue": NaN,
        "EBITDA": NaN,
        "EBIT": NaN,
        "Normalized Income": NaN,
        "Net Income From Continuing And Discontinued Operation": NaN,
        "Total Expenses": NaN,
        "Rent Expense Supplemental": NaN,
        "Total Operating Income As Reported": NaN,
        "Diluted Average Shares": 23352530.0,
        "Basic Average Shares": 23352530.0,
        "Diluted EPS": -0.004282,
        "Basic EPS": -0.004282,
        "Diluted NI Availto Com Stockholders": NaN,
        "Net Income Common Stockholders": NaN,
        "Net Income": NaN,
        "Net Income Including Noncontrolling Interests": NaN,
        "Net Income Continuous Operations": NaN,
        "Tax Provision": NaN,
        "Pretax Income": NaN,
        "Other Income Expense": NaN,
        "Other Non Operating Income Expenses": NaN,
        "Special Income Charges": NaN,
        "Restructuring And Mergern Acquisition": NaN,
        "Operating Income": NaN,
        "Operating Expense": NaN,
        "Depreciation Amortization Depletion Income Statement": 1211000.0,
        "Depreciation And Amortization In Income Statement": 1211000.0,
        "Amortization": 1211000.0,
        "Amortization Of Intangibles Income Statement": 1211000.0,
        "Research And Development": NaN,
        "Selling General And Administration": NaN,
        "Selling And Marketing Expense": NaN,
        "General And Administrative Expense": NaN,
        "Other Gand A": NaN,
        "Gross Profit": NaN,
        "Cost Of Revenue": NaN,
        "Total Revenue": NaN,
        "Operating Revenue": NaN
    },
    "2023-09-30": {
        "Tax Effect Of Unusual Items": NaN,
        "Tax Rate For Calcs": NaN,
        "Normalized EBITDA": NaN,
        "Total Unusual Items": 3073000.0,
        "Total Unusual Items Excluding Goodwill": 3073000.0,
        "Net Income From Continuing Operation Net Minority Interest": NaN,
        "Reconciled Depreciation": NaN,
        "Reconciled Cost Of Revenue": NaN,
        "EBITDA": NaN,
        "EBIT": NaN,
        "Net Interest Income": NaN,
        "Interest Expense": NaN,
        "Interest Income": NaN,
        "Normalized Income": NaN,
        "Net Income From Continuing And Discontinued Operation": NaN,
        "Total Expenses": NaN,
        "Rent Expense Supplemental": NaN,
        "Total Operating Income As Reported": NaN,
        "Diluted Average Shares": NaN,
        "Basic Average Shares": NaN,
        "Diluted EPS": NaN,
        "Basic EPS": NaN,
        "Diluted NI Availto Com Stockholders": NaN,
        "Net Income Common Stockholders": NaN,
        "Net Income": NaN,
        "Net Income Including Noncontrolling Interests": NaN,
        "Net Income Continuous Operations": NaN,
        "Tax Provision": NaN,
        "Pretax Income": NaN,
        "Other Income Expense": NaN,
        "Other Non Operating Income Expenses": NaN,
        "Special Income Charges": 3073000.0,
        "Restructuring And Mergern Acquisition": -3073000.0,
        "Net Non Operating Interest Income Expense": NaN,
        "Interest Expense Non Operating": NaN,
        "Interest Income Non Operating": NaN,
        "Operating Income": NaN,
        "Operating Expense": NaN,
        "Depreciation Amortization Depletion Income Statement": NaN,
        "Depreciation And Amortization In Income Statement": NaN,
        "Amortization": NaN,
        "Amortization Of Intangibles Income Statement": NaN,
        "Research And Development": NaN,
        "Selling General And Administration": NaN,
        "Selling And Marketing Expense": NaN,
        "General And Administrative Expense": NaN,
        "Other Gand A": NaN,
        "Gross Profit": NaN,
        "Cost Of Revenue": NaN,
        "Total Revenue": NaN,
        "Operating Revenue": NaN
    },
    "2023-12-31": {
        "Tax Effect Of Unusual Items": NaN,
        "Tax Rate For Calcs": NaN,
        "Normalized EBITDA": NaN,
        "Net Income From Continuing Operation Net Minority Interest": NaN,
        "Reconciled Depreciation": NaN,
        "Reconciled Cost Of Revenue": NaN,
        "EBITDA": NaN,
        "EBIT": NaN,
        "Net Interest Income": NaN,
        "Interest Expense": NaN,
        "Interest Income": NaN,
        "Normalized Income": NaN,
        "Net Income From Continuing And Discontinued Operation": NaN,
        "Total Expenses": NaN,
        "Rent Expense Supplemental": NaN,
        "Total Operating Income As Reported": NaN,
        "Diluted Average Shares": NaN,
        "Basic Average Shares": NaN,
        "Diluted EPS": NaN,
        "Basic EPS": NaN,
        "Diluted NI Availto Com Stockholders": NaN,
        "Net Income Common Stockholders": NaN,
        "Net Income": NaN,
        "Net Income Including Noncontrolling Interests": NaN,
        "Net Income Continuous Operations": NaN,
        "Tax Provision": NaN,
        "Pretax Income": NaN,
        "Other Income Expense": -593000.0,
        "Other Non Operating Income Expenses": -36000.0,
        "Net Non Operating Interest Income Expense": NaN,
        "Interest Expense Non Operating": NaN,
        "Interest Income Non Operating": NaN,
        "Operating Income": NaN,
        "Operating Expense": NaN,
        "Depreciation Amortization Depletion Income Statement": NaN,
        "Depreciation And Amortization In Income Statement": NaN,
        "Amortization": NaN,
        "Amortization Of Intangibles Income Statement": NaN,
        "Research And Development": NaN,
        "Selling General And Administration": NaN,
        "Selling And Marketing Expense": NaN,
        "General And Administrative Expense": NaN,
        "Other Gand A": NaN,
        "Gross Profit": NaN,
        "Cost Of Revenue": NaN,
        "Total Revenue": NaN,
        "Operating Revenue": NaN
    },
    "2024-03-31": {
        "Tax Effect Of Unusual Items": NaN,
        "Tax Rate For Calcs": NaN,
        "Normalized EBITDA": NaN,
        "Net Income From Continuing Operation Net Minority Interest": NaN,
        "Reconciled Depreciation": NaN,
        "Reconciled Cost Of Revenue": NaN,
        "EBITDA": NaN,
        "EBIT": NaN,
        "Net Interest Income": 146000.0,
        "Interest Expense": 567000.0,
        "Interest Income": 713000.0,
        "Normalized Income": NaN,
        "Net Income From Continuing And Discontinued Operation": NaN,
        "Total Expenses": NaN,
        "Rent Expense Supplemental": NaN,
        "Total Operating Income As Reported": NaN,
        "Diluted Average Shares": NaN,
        "Basic Average Shares": NaN,
        "Diluted EPS": NaN,
        "Basic EPS": NaN,
        "Diluted NI Availto Com Stockholders": NaN,
        "Net Income Common Stockholders": NaN,
        "Net Income": NaN,
        "Net Income Including Noncontrolling Interests": NaN,
        "Net Income Continuous Operations": NaN,
        "Tax Provision": NaN,
        "Pretax Income": NaN,
        "Other Income Expense": 9000.0,
        "Other Non Operating Income Expenses": 9000.0,
        "Net Non Operating Interest Income Expense": 146000.0,
        "Interest Expense Non Operating": 567000.0,
        "Interest Income Non Operating": 713000.0,
        "Operating Income": NaN,
        "Operating Expense": NaN,
        "Depreciation Amortization Depletion Income Statement": NaN,
        "Depreciation And Amortization In Income Statement": NaN,
        "Amortization": NaN,
        "Amortization Of Intangibles Income Statement": NaN,
        "Research And Development": NaN,
        "Selling General And Administration": NaN,
        "Selling And Marketing Expense": NaN,
        "General And Administrative Expense": NaN,
        "Other Gand A": NaN,
        "Gross Profit": NaN,
        "Cost Of Revenue": NaN,
        "Total Revenue": NaN,
        "Operating Revenue": NaN
    },
    "2024-06-30": {
        "Tax Effect Of Unusual Items": NaN,
        "Tax Rate For Calcs": NaN,
        "Normalized EBITDA": NaN,
        "Net Income From Continuing Operation Net Minority Interest": NaN,
        "Reconciled Depreciation": NaN,
        "Reconciled Cost Of Revenue": NaN,
        "EBITDA": NaN,
        "EBIT": NaN,
        "Net Interest Income": 225000.0,
        "Interest Expense": 529000.0,
        "Interest Income": 754000.0,
        "Normalized Income": NaN,
        "Net Income From Continuing And Discontinued Operation": NaN,
        "Total Expenses": NaN,
        "Rent Expense Supplemental": NaN,
        "Total Operating Income As Reported": NaN,
        "Diluted Average Shares": NaN,
        "Basic Average Shares": NaN,
        "Diluted EPS": NaN,
        "Basic EPS": NaN,
        "Diluted NI Availto Com Stockholders": NaN,
        "Net Income Common Stockholders": NaN,
        "Net Income": NaN,
        "Net Income Including Noncontrolling Interests": NaN,
        "Net Income Continuous Operations": NaN,
        "Tax Provision": NaN,
        "Pretax Income": NaN,
        "Other Income Expense": 225000.0,
        "Other Non Operating Income Expenses": 225000.0,
        "Net Non Operating Interest Income Expense": 225000.0,
        "Interest Expense Non Operating": 529000.0,
        "Interest Income Non Operating": 754000.0,
        "Operating Income": NaN,
        "Operating Expense": NaN,
        "Depreciation Amortization Depletion Income Statement": NaN,
        "Depreciation And Amortization In Income Statement": NaN,
        "Amortization": NaN,
        "Amortization Of Intangibles Income Statement": NaN,
        "Research And Development": NaN,
        "Selling General And Administration": NaN,
        "Selling And Marketing Expense": NaN,
        "General And Administrative Expense": NaN,
        "Other Gand A": NaN,
        "Gross Profit": NaN,
        "Cost Of Revenue": NaN,
        "Total Revenue": NaN,
        "Operating Revenue": NaN
    },
    "2024-09-30": {
        "Tax Effect Of Unusual Items": 0.0,
        "Tax Rate For Calcs": 0.287,
        "Normalized EBITDA": 8515000.0,
        "Net Income From Continuing Operation Net Minority Interest": 5155000.0,
        "Reconciled Depreciation": 1734000.0,
        "Reconciled Cost Of Revenue": 17205000.0,
        "EBITDA": 8515000.0,
        "EBIT": 6781000.0,
        "Net Interest Income": NaN,
        "Interest Expense": NaN,
        "Interest Income": NaN,
        "Normalized Income": 5155000.0,
        "Net Income From Continuing And Discontinued Operation": 5155000.0,
        "Total Expenses": 66312000.0,
        "Rent Expense Supplemental": 2703000.0,
        "Total Operating Income As Reported": 6781000.0,
        "Diluted Average Shares": 24254176.0,
        "Basic Average Shares": 23985364.0,
        "Diluted EPS": 0.21,
        "Basic EPS": 0.21,
        "Diluted NI Availto Com Stockholders": 5155000.0,
        "Net Income Common Stockholders": 5155000.0,
        "Net Income": 5155000.0,
        "Net Income Including Noncontrolling Interests": 5155000.0,
        "Net Income Continuous Operations": 5155000.0,
        "Tax Provision": 2078000.0,
        "Pretax Income": 7233000.0,
        "Other Income Expense": 452000.0,
        "Other Non Operating Income Expenses": 452000.0,
        "Net Non Operating Interest Income Expense": NaN,
        "Interest Expense Non Operating": NaN,
        "Interest Income Non Operating": NaN,
        "Operating Income": 6781000.0,
        "Operating Expense": 48006000.0,
        "Depreciation Amortization Depletion Income Statement": 633000.0,
        "Depreciation And Amortization In Income Statement": 633000.0,
        "Amortization": 633000.0,
        "Amortization Of Intangibles Income Statement": 633000.0,
        "Research And Development": 2417000.0,
        "Selling General And Administration": 44956000.0,
        "Selling And Marketing Expense": 26838000.0,
        "General And Administrative Expense": 18118000.0,
        "Other Gand A": 18118000.0,
        "Gross Profit": 54787000.0,
        "Cost Of Revenue": 18306000.0,
        "Total Revenue": 73093000.0,
        "Operating Revenue": 73093000.0
    },
    "2024-12-31": {
        "Tax Effect Of Unusual Items": 0.0,
        "Tax Rate For Calcs": 0.252098,
        "Normalized EBITDA": 17629000.0,
        "Net Income From Continuing Operation Net Minority Interest": 9716000.0,
        "Reconciled Depreciation": 1721000.0,
        "Reconciled Cost Of Revenue": 20128000.0,
        "EBITDA": 17629000.0,
        "EBIT": 15908000.0,
        "Net Interest Income": NaN,
        "Interest Expense": NaN,
        "Interest Income": NaN,
        "Normalized Income": 9716000.0,
        "Net Income From Continuing And Discontinued Operation": 9716000.0,
        "Total Expenses": 73070000.0,
        "Rent Expense Supplemental": 3211000.0,
        "Total Operating Income As Reported": 12515000.0,
        "Diluted Average Shares": 24473898.0,
        "Basic Average Shares": 24007863.0,
        "Diluted EPS": 0.4,
        "Basic EPS": 0.4,
        "Diluted NI Availto Com Stockholders": 9716000.0,
        "Net Income Common Stockholders": 9716000.0,
        "Net Income": 9716000.0,
        "Net Income Including Noncontrolling Interests": 9716000.0,
        "Net Income Continuous Operations": 9716000.0,
        "Tax Provision": 3275000.0,
        "Pretax Income": 12991000.0,
        "Other Income Expense": -823000.0,
        "Other Non Operating Income Expenses": -823000.0,
        "Net Non Operating Interest Income Expense": NaN,
        "Interest Expense Non Operating": NaN,
        "Interest Income Non Operating": NaN,
        "Operating Income": 12515000.0,
        "Operating Expense": 51854000.0,
        "Depreciation Amortization Depletion Income Statement": 633000.0,
        "Depreciation And Amortization In Income Statement": 633000.0,
        "Amortization": 633000.0,
        "Amortization Of Intangibles Income Statement": 633000.0,
        "Research And Development": 2038000.0,
        "Selling General And Administration": 49183000.0,
        "Selling And Marketing Expense": 29206000.0,
        "General And Administrative Expense": 19977000.0,
        "Other Gand A": 19977000.0,
        "Gross Profit": 64369000.0,
        "Cost Of Revenue": 21216000.0,
        "Total Revenue": 85585000.0,
        "Operating Revenue": 85585000.0
    },
    "2025-03-31": {
        "Tax Effect Of Unusual Items": 0.0,
        "Tax Rate For Calcs": 0.269,
        "Normalized EBITDA": -1921000.0,
        "Net Income From Continuing Operation Net Minority Interest": -2974000.0,
        "Reconciled Depreciation": 1726000.0,
        "Reconciled Cost Of Revenue": 14829000.0,
        "EBITDA": -1921000.0,
        "EBIT": -3647000.0,
        "Net Interest Income": 471000.0,
        "Interest Expense": 424000.0,
        "Interest Income": 895000.0,
        "Normalized Income": -2974000.0,
        "Net Income From Continuing And Discontinued Operation": -2974000.0,
        "Total Expenses": 65810000.0,
        "Rent Expense Supplemental": 2031000.0,
        "Total Operating Income As Reported": -4542000.0,
        "Diluted Average Shares": 23710643.0,
        "Basic Average Shares": 23710643.0,
        "Diluted EPS": -0.13,
        "Basic EPS": -0.13,
        "Diluted NI Availto Com Stockholders": -2974000.0,
        "Net Income Common Stockholders": -2974000.0,
        "Net Income": -2974000.0,
        "Net Income Including Noncontrolling Interests": -2974000.0,
        "Net Income Continuous Operations": -2974000.0,
        "Tax Provision": -1097000.0,
        "Pretax Income": -4071000.0,
        "Other Income Expense": NaN,
        "Other Non Operating Income Expenses": NaN,
        "Net Non Operating Interest Income Expense": 471000.0,
        "Interest Expense Non Operating": 424000.0,
        "Interest Income Non Operating": 895000.0,
        "Operating Income": -4542000.0,
        "Operating Expense": 49888000.0,
        "Depreciation Amortization Depletion Income Statement": 633000.0,
        "Depreciation And Amortization In Income Statement": 633000.0,
        "Amortization": 633000.0,
        "Amortization Of Intangibles Income Statement": 633000.0,
        "Research And Development": 1741000.0,
        "Selling General And Administration": 47514000.0,
        "Selling And Marketing Expense": 27516000.0,
        "General And Administrative Expense": 19998000.0,
        "Other Gand A": 19998000.0,
        "Gross Profit": 45346000.0,
        "Cost Of Revenue": 15922000.0,
        "Total Revenue": 61268000.0,
        "Operating Revenue": 61268000.0
    },
    "2025-06-30": {
        "Tax Effect Of Unusual Items": 0.0,
        "Tax Rate For Calcs": 0.288904,
        "Normalized EBITDA": 6593000.0,
        "Net Income From Continuing Operation Net Minority Interest": 3217000.0,
        "Reconciled Depreciation": 1659000.0,
        "Reconciled Cost Of Revenue": 19072000.0,
        "EBITDA": 6593000.0,
        "EBIT": 4934000.0,
        "Net Interest Income": 440000.0,
        "Interest Expense": 410000.0,
        "Interest Income": 850000.0,
        "Normalized Income": 3217000.0,
        "Net Income From Continuing And Discontinued Operation": 3217000.0,
        "Total Expenses": 74822000.0,
        "Rent Expense Supplemental": 2629000.0,
        "Total Operating Income As Reported": 4083000.0,
        "Diluted Average Shares": 23237671.0,
        "Basic Average Shares": 23092469.0,
        "Diluted EPS": 0.14,
        "Basic EPS": 0.14,
        "Diluted NI Availto Com Stockholders": 3217000.0,
        "Net Income Common Stockholders": 3217000.0,
        "Net Income": 3217000.0,
        "Net Income Including Noncontrolling Interests": 3217000.0,
        "Net Income Continuous Operations": 3217000.0,
        "Tax Provision": 1307000.0,
        "Pretax Income": 4524000.0,
        "Other Income Expense": 1000.0,
        "Other Non Operating Income Expenses": 1000.0,
        "Net Non Operating Interest Income Expense": 440000.0,
        "Interest Expense Non Operating": 410000.0,
        "Interest Income Non Operating": 850000.0,
        "Operating Income": 4083000.0,
        "Operating Expense": 54710000.0,
        "Depreciation Amortization Depletion Income Statement": 619000.0,
        "Depreciation And Amortization In Income Statement": 619000.0,
        "Amortization": 619000.0,
        "Amortization Of Intangibles Income Statement": 619000.0,
        "Research And Development": 2018000.0,
        "Selling General And Administration": 52073000.0,
        "Selling And Marketing Expense": 30039000.0,
        "General And Administrative Expense": 22034000.0,
        "Other Gand A": 22034000.0,
        "Gross Profit": 58793000.0,
        "Cost Of Revenue": 20112000.0,
        "Total Revenue": 78905000.0,
        "Operating Revenue": 78905000.0
    },
    "2025-09-30": {
        "Tax Effect Of Unusual Items": 0.0,
        "Tax Rate For Calcs": 0.282242,
        "Normalized EBITDA": 13268000.0,
        "Net Income From Continuing Operation Net Minority Interest": 8209000.0,
        "Reconciled Depreciation": 1638000.0,
        "Reconciled Cost Of Revenue": 19712000.0,
        "EBITDA": 13268000.0,
        "EBIT": 11630000.0,
        "Net Interest Income": 474000.0,
        "Interest Expense": 193000.0,
        "Interest Income": 667000.0,
        "Normalized Income": 8209000.0,
        "Net Income From Continuing And Discontinued Operation": 8209000.0,
        "Total Expenses": 74792000.0,
        "Rent Expense Supplemental": 2858000.0,
        "Total Operating Income As Reported": 10963000.0,
        "Diluted Average Shares": 22513140.0,
        "Basic Average Shares": 22318570.0,
        "Diluted EPS": 0.36,
        "Basic EPS": 0.37,
        "Diluted NI Availto Com Stockholders": 8209000.0,
        "Net Income Common Stockholders": 8209000.0,
        "Net Income": 8209000.0,
        "Net Income Including Noncontrolling Interests": 8209000.0,
        "Net Income Continuous Operations": 8209000.0,
        "Tax Provision": 3228000.0,
        "Pretax Income": 11437000.0,
        "Other Income Expense": NaN,
        "Other Non Operating Income Expenses": NaN,
        "Net Non Operating Interest Income Expense": 474000.0,
        "Interest Expense Non Operating": 193000.0,
        "Interest Income Non Operating": 667000.0,
        "Operating Income": 10963000.0,
        "Operating Expense": 54038000.0,
        "Depreciation Amortization Depletion Income Statement": 596000.0,
        "Depreciation And Amortization In Income Statement": 596000.0,
        "Amortization": 596000.0,
        "Amortization Of Intangibles Income Statement": 596000.0,
        "Research And Development": 2191000.0,
        "Selling General And Administration": 51251000.0,
        "Selling And Marketing Expense": 29809000.0,
        "General And Administrative Expense": 21442000.0,
        "Other Gand A": 21442000.0,
        "Gross Profit": 65001000.0,
        "Cost Of Revenue": 20754000.0,
        "Total Revenue": 85755000.0,
        "Operating Revenue": 85755000.0
    }
}