{
    "2023-03-31": {
        "Tax Effect Of Unusual Items": 359367.540298,
        "Tax Rate For Calcs": 0.095576,
        "Normalized EBITDA": 105701000.0,
        "Total Unusual Items": 3760000.0,
        "Total Unusual Items Excluding Goodwill": 3760000.0,
        "Net Income From Continuing Operation Net Minority Interest": 26959000.0,
        "Reconciled Depreciation": 4265000.0,
        "Reconciled Cost Of Revenue": 82326000.0,
        "EBITDA": 109461000.0,
        "EBIT": 105196000.0,
        "Net Interest Income": -76372000.0,
        "Interest Expense": 72688000.0,
        "Normalized Income": 23558367.540298,
        "Net Income From Continuing And Discontinued Operation": 26959000.0,
        "Total Expenses": 101840000.0,
        "Diluted Average Shares": 310314809.0,
        "Basic Average Shares": 273818466.0,
        "Diluted EPS": 0.08,
        "Basic EPS": 0.1,
        "Diluted NI Availto Com Stockholders": 26959000.0,
        "Net Income Common Stockholders": 26959000.0,
        "Net Income": 26959000.0,
        "Minority Interests": -2442000.0,
        "Net Income Including Noncontrolling Interests": 29401000.0,
        "Net Income Discontinuous Operations": 0.0,
        "Net Income Continuous Operations": 29401000.0,
        "Tax Provision": 3107000.0,
        "Pretax Income": 32508000.0,
        "Other Income Expense": 7090000.0,
        "Other Non Operating Income Expenses": 3759000.0,
        "Special Income Charges": -7048000.0,
        "Other Special Charges": NaN,
        "Restructuring And Mergern Acquisition": 7048000.0,
        "Earnings From Equity Interest": -429000.0,
        "Gain On Sale Of Security": 10808000.0,
        "Net Non Operating Interest Income Expense": -76372000.0,
        "Total Other Finance Cost": 3684000.0,
        "Interest Expense Non Operating": 72688000.0,
        "Operating Income": 101790000.0,
        "Operating Expense": 19514000.0,
        "Depreciation Amortization Depletion Income Statement": 4265000.0,
        "Depreciation And Amortization In Income Statement": 4265000.0,
        "Selling General And Administration": 15249000.0,
        "General And Administrative Expense": 15249000.0,
        "Other Gand A": 15249000.0,
        "Gross Profit": 121304000.0,
        "Cost Of Revenue": 82326000.0,
        "Total Revenue": 203630000.0,
        "Operating Revenue": 171544000.0
    },
    "2022-12-31": {
        "Tax Effect Of Unusual Items": 7331461.2,
        "Tax Rate For Calcs": 0.2621,
        "Normalized EBITDA": 98150000.0,
        "Total Unusual Items": 27972000.0,
        "Total Unusual Items Excluding Goodwill": 27972000.0,
        "Net Income From Continuing Operation Net Minority Interest": 55883000.0,
        "Reconciled Depreciation": 4764000.0,
        "Reconciled Cost Of Revenue": 84577000.0,
        "EBITDA": 126122000.0,
        "EBIT": 121358000.0,
        "Net Interest Income": -71120000.0,
        "Interest Expense": 65539000.0,
        "Normalized Income": 35242461.2,
        "Net Income From Continuing And Discontinued Operation": 57712000.0,
        "Total Expenses": 107504000.0,
        "Diluted Average Shares": 311222080.0,
        "Basic Average Shares": 274684779.0,
        "Diluted EPS": 0.12,
        "Basic EPS": 0.2,
        "Diluted NI Availto Com Stockholders": 57712000.0,
        "Net Income Common Stockholders": 57712000.0,
        "Net Income": 57712000.0,
        "Minority Interests": NaN,
        "Net Income Including Noncontrolling Interests": 57712000.0,
        "Net Income Discontinuous Operations": 1829000.0,
        "Net Income Continuous Operations": 55883000.0,
        "Tax Provision": -64000.0,
        "Pretax Income": 55819000.0,
        "Other Income Expense": 38730000.0,
        "Other Non Operating Income Expenses": 2017000.0,
        "Special Income Charges": -7178000.0,
        "Other Special Charges": NaN,
        "Restructuring And Mergern Acquisition": 7178000.0,
        "Earnings From Equity Interest": 8741000.0,
        "Gain On Sale Of Security": 35150000.0,
        "Net Non Operating Interest Income Expense": -71120000.0,
        "Total Other Finance Cost": 5581000.0,
        "Interest Expense Non Operating": 65539000.0,
        "Operating Income": 88209000.0,
        "Operating Expense": 22927000.0,
        "Depreciation Amortization Depletion Income Statement": 4764000.0,
        "Depreciation And Amortization In Income Statement": 4764000.0,
        "Selling General And Administration": 18163000.0,
        "General And Administrative Expense": 18163000.0,
        "Other Gand A": 18163000.0,
        "Gross Profit": 111136000.0,
        "Cost Of Revenue": 84577000.0,
        "Total Revenue": 195713000.0,
        "Operating Revenue": 187072000.0
    },
    "2022-09-30": {
        "Tax Effect Of Unusual Items": 17430318.501627,
        "Tax Rate For Calcs": 0.191061,
        "Normalized EBITDA": 190164000.0,
        "Total Unusual Items": 91229000.0,
        "Total Unusual Items Excluding Goodwill": 91229000.0,
        "Net Income From Continuing Operation Net Minority Interest": 177926000.0,
        "Reconciled Depreciation": 3853000.0,
        "Reconciled Cost Of Revenue": 84698000.0,
        "EBITDA": 281393000.0,
        "EBIT": 277540000.0,
        "Net Interest Income": -60094000.0,
        "Interest Expense": 56527000.0,
        "Normalized Income": 104127318.501627,
        "Net Income From Continuing And Discontinued Operation": 175591000.0,
        "Total Expenses": 102599000.0,
        "Diluted Average Shares": 311910445.0,
        "Basic Average Shares": 274710065.0,
        "Diluted EPS": 0.48,
        "Basic EPS": 0.64,
        "Diluted NI Availto Com Stockholders": 175591000.0,
        "Net Income Common Stockholders": 175591000.0,
        "Net Income": 175591000.0,
        "Minority Interests": -860000.0,
        "Net Income Including Noncontrolling Interests": 176451000.0,
        "Net Income Discontinuous Operations": -2335000.0,
        "Net Income Continuous Operations": 178786000.0,
        "Tax Provision": 42227000.0,
        "Pretax Income": 221013000.0,
        "Other Income Expense": 100467000.0,
        "Other Non Operating Income Expenses": 5448000.0,
        "Special Income Charges": -10474000.0,
        "Other Special Charges": 6816000.0,
        "Restructuring And Mergern Acquisition": 3658000.0,
        "Earnings From Equity Interest": 3790000.0,
        "Gain On Sale Of Security": 101703000.0,
        "Net Non Operating Interest Income Expense": -60094000.0,
        "Total Other Finance Cost": 3567000.0,
        "Interest Expense Non Operating": 56527000.0,
        "Operating Income": 180640000.0,
        "Operating Expense": 17901000.0,
        "Depreciation Amortization Depletion Income Statement": 3853000.0,
        "Depreciation And Amortization In Income Statement": 3853000.0,
        "Selling General And Administration": 14048000.0,
        "General And Administrative Expense": 14048000.0,
        "Other Gand A": 14048000.0,
        "Gross Profit": 198541000.0,
        "Cost Of Revenue": 84698000.0,
        "Total Revenue": 283239000.0,
        "Operating Revenue": 253019000.0
    },
    "2022-06-30": {
        "Tax Effect Of Unusual Items": 58559659.670078,
        "Tax Rate For Calcs": 0.134369,
        "Normalized EBITDA": 92066000.0,
        "Total Unusual Items": 435811000.0,
        "Total Unusual Items Excluding Goodwill": 435811000.0,
        "Net Income From Continuing Operation Net Minority Interest": 415835000.0,
        "Reconciled Depreciation": 3584000.0,
        "Reconciled Cost Of Revenue": 88593000.0,
        "EBITDA": 527877000.0,
        "EBIT": 524293000.0,
        "Net Interest Income": -45864000.0,
        "Interest Expense": 42725000.0,
        "Normalized Income": 38583659.670078,
        "Net Income From Continuing And Discontinued Operation": 415835000.0,
        "Total Expenses": 106082000.0,
        "Diluted Average Shares": 311913232.0,
        "Basic Average Shares": 274598588.0,
        "Diluted EPS": 1.51,
        "Basic EPS": 1.51,
        "Diluted NI Availto Com Stockholders": 415835000.0,
        "Net Income Common Stockholders": 415835000.0,
        "Net Income": 415835000.0,
        "Minority Interests": -1025000.0,
        "Net Income Including Noncontrolling Interests": 416860000.0,
        "Net Income Discontinuous Operations": 0.0,
        "Net Income Continuous Operations": 416860000.0,
        "Tax Provision": 64708000.0,
        "Pretax Income": 481568000.0,
        "Other Income Expense": 457992000.0,
        "Other Non Operating Income Expenses": 372000.0,
        "Special Income Charges": -5482000.0,
        "Other Special Charges": NaN,
        "Restructuring And Mergern Acquisition": 5482000.0,
        "Earnings From Equity Interest": 21809000.0,
        "Gain On Sale Of Security": 441293000.0,
        "Net Non Operating Interest Income Expense": -45864000.0,
        "Total Other Finance Cost": 3139000.0,
        "Interest Expense Non Operating": 42725000.0,
        "Operating Income": 69440000.0,
        "Operating Expense": 17489000.0,
        "Depreciation Amortization Depletion Income Statement": 3584000.0,
        "Depreciation And Amortization In Income Statement": 3584000.0,
        "Selling General And Administration": 13905000.0,
        "General And Administrative Expense": 13905000.0,
        "Other Gand A": 13905000.0,
        "Salaries And Wages": 37854000.0,
        "Gross Profit": 86929000.0,
        "Cost Of Revenue": 88593000.0,
        "Total Revenue": 175522000.0,
        "Operating Revenue": 148123000.0
    },
    "2022-03-31": {
        "Diluted EPS": 0.59,
        "Total Revenue": 139,
        "Gross Profit": 93,
        "Operating Income": 46,
        "EBIT": 50,
        "Net Income": 162
    },
    "2021-12-31": {
        "Diluted EPS": 0.5,
        "Total Revenue": 161,
        "Gross Profit": 83,
        "Operating Income": 3,
        "EBIT": 3,
        "Net Income": 125
    },
    "2021-09-30": {
        "Diluted EPS": 0.92,
        "Total Revenue": 115,
        "Gross Profit": 76,
        "Operating Income": 52,
        "EBIT": 52,
        "Net Income": 201
    },
    "2021-06-30": {
        "Diluted EPS": 0.72,
        "Total Revenue": 71,
        "Gross Profit": 71,
        "Operating Income": 47,
        "EBIT": 50,
        "Net Income": 146
    },
    "2021-03-31": {
        "Diluted EPS": -0.14,
        "Total Revenue": 99,
        "Gross Profit": 66,
        "Operating Income": 45,
        "EBIT": 48,
        "Net Income": -26
    },
    "2020-12-31": {
        "Diluted EPS": 0.0,
        "Total Revenue": NaN,
        "Gross Profit": NaN,
        "Operating Income": NaN,
        "EBIT": NaN,
        "Net Income": NaN
    },
    "2020-09-30": {
        "Diluted EPS": 0.23,
        "Total Revenue": 94,
        "Gross Profit": 63,
        "Operating Income": 43,
        "EBIT": 43,
        "Net Income": 58
    },
    "2023-06-30": {
        "Tax Effect Of Unusual Items": 7329913.261288,
        "Tax Rate For Calcs": 0.21642,
        "Normalized EBITDA": 106103000.0,
        "Total Unusual Items": 33869000.0,
        "Total Unusual Items Excluding Goodwill": 33869000.0,
        "Net Income From Continuing Operation Net Minority Interest": 45335000.0,
        "Reconciled Depreciation": 4280000.0,
        "Reconciled Cost Of Revenue": 87542000.0,
        "EBITDA": 139972000.0,
        "EBIT": 135692000.0,
        "Net Interest Income": -79374000.0,
        "Interest Expense": 76007000.0,
        "Normalized Income": 18795913.261288,
        "Net Income From Continuing And Discontinued Operation": 45335000.0,
        "Total Expenses": 114024000.0,
        "Diluted Average Shares": 275565254.0,
        "Basic Average Shares": 273787761.0,
        "Diluted EPS": 0.17,
        "Basic EPS": 0.17,
        "Diluted NI Availto Com Stockholders": 45335000.0,
        "Net Income Common Stockholders": 45335000.0,
        "Net Income": 45335000.0,
        "Minority Interests": -1433000.0,
        "Net Income Including Noncontrolling Interests": 46768000.0,
        "Net Income Discontinuous Operations": 0.0,
        "Net Income Continuous Operations": 46768000.0,
        "Tax Provision": 12917000.0,
        "Pretax Income": 59685000.0,
        "Other Income Expense": 44876000.0,
        "Other Non Operating Income Expenses": 2614000.0,
        "Special Income Charges": -949000.0,
        "Other Special Charges": NaN,
        "Restructuring And Mergern Acquisition": 949000.0,
        "Earnings From Equity Interest": 8393000.0,
        "Gain On Sale Of Security": 34818000.0,
        "Net Non Operating Interest Income Expense": -79374000.0,
        "Total Other Finance Cost": 3367000.0,
        "Interest Expense Non Operating": 76007000.0,
        "Operating Income": 94183000.0,
        "Operating Expense": 26482000.0,
        "Depreciation Amortization Depletion Income Statement": 4280000.0,
        "Depreciation And Amortization In Income Statement": 4280000.0,
        "Selling General And Administration": 22202000.0,
        "General And Administrative Expense": 22202000.0,
        "Other Gand A": 22202000.0,
        "Gross Profit": 120665000.0,
        "Cost Of Revenue": 87542000.0,
        "Total Revenue": 208207000.0,
        "Operating Revenue": 174849000.0
    },
    "2023-09-30": {
        "Tax Effect Of Unusual Items": 7593671.271814,
        "Tax Rate For Calcs": 0.106238,
        "Normalized EBITDA": 100043000.0,
        "Total Unusual Items": 71478000.0,
        "Total Unusual Items Excluding Goodwill": 71478000.0,
        "Net Income From Continuing Operation Net Minority Interest": 80156000.0,
        "Reconciled Depreciation": 4522000.0,
        "Reconciled Cost Of Revenue": 88421000.0,
        "EBITDA": 171521000.0,
        "EBIT": 166999000.0,
        "Net Interest Income": -80475000.0,
        "Interest Expense": 76231000.0,
        "Normalized Income": 16271671.271814,
        "Net Income From Continuing And Discontinued Operation": 80156000.0,
        "Total Expenses": 115117000.0,
        "Diluted Average Shares": 310497125.0,
        "Basic Average Shares": 273810276.0,
        "Diluted EPS": 0.18,
        "Basic EPS": 0.29,
        "Diluted NI Availto Com Stockholders": 80156000.0,
        "Net Income Common Stockholders": 80156000.0,
        "Net Income": 80156000.0,
        "Minority Interests": -969000.0,
        "Net Income Including Noncontrolling Interests": 81125000.0,
        "Net Income Discontinuous Operations": 0.0,
        "Net Income Continuous Operations": 81125000.0,
        "Tax Provision": 9643000.0,
        "Pretax Income": 90768000.0,
        "Other Income Expense": 74829000.0,
        "Other Non Operating Income Expenses": 730000.0,
        "Special Income Charges": -3850000.0,
        "Other Special Charges": -1326000.0,
        "Restructuring And Mergern Acquisition": 5176000.0,
        "Earnings From Equity Interest": 2621000.0,
        "Gain On Sale Of Security": 75328000.0,
        "Net Non Operating Interest Income Expense": -80475000.0,
        "Total Other Finance Cost": 4244000.0,
        "Interest Expense Non Operating": 76231000.0,
        "Operating Income": 96414000.0,
        "Operating Expense": 26696000.0,
        "Depreciation Amortization Depletion Income Statement": 4522000.0,
        "Depreciation And Amortization In Income Statement": 4522000.0,
        "Selling General And Administration": 22174000.0,
        "General And Administrative Expense": 22174000.0,
        "Other Gand A": 22174000.0,
        "Gross Profit": 123110000.0,
        "Cost Of Revenue": 88421000.0,
        "Total Revenue": 211531000.0,
        "Operating Revenue": 176886000.0
    },
    "2023-12-31": {
        "Tax Effect Of Unusual Items": -23434800.0,
        "Tax Rate For Calcs": 0.4,
        "Normalized EBITDA": 103930000.0,
        "Total Unusual Items": -58587000.0,
        "Total Unusual Items Excluding Goodwill": -58587000.0,
        "Net Income From Continuing Operation Net Minority Interest": -35470000.0,
        "Reconciled Depreciation": 4727000.0,
        "Reconciled Cost Of Revenue": 95540000.0,
        "EBITDA": 45343000.0,
        "EBIT": 40616000.0,
        "Net Interest Income": -80252000.0,
        "Interest Expense": 73614000.0,
        "Normalized Income": -317800.0,
        "Net Income From Continuing And Discontinued Operation": -35470000.0,
        "Total Expenses": 127144000.0,
        "Diluted Average Shares": 275664083.0,
        "Basic Average Shares": 273847034.0,
        "Diluted EPS": -0.14,
        "Basic EPS": -0.14,
        "Diluted NI Availto Com Stockholders": -35470000.0,
        "Net Income Common Stockholders": -35470000.0,
        "Net Income": -35470000.0,
        "Minority Interests": NaN,
        "Net Income Including Noncontrolling Interests": -35470000.0,
        "Net Income Discontinuous Operations": 0.0,
        "Net Income Continuous Operations": -35470000.0,
        "Tax Provision": 2472000.0,
        "Pretax Income": -32998000.0,
        "Other Income Expense": -52009000.0,
        "Other Non Operating Income Expenses": 196000.0,
        "Special Income Charges": -3459000.0,
        "Other Special Charges": NaN,
        "Restructuring And Mergern Acquisition": 3459000.0,
        "Earnings From Equity Interest": 6382000.0,
        "Gain On Sale Of Security": -55128000.0,
        "Net Non Operating Interest Income Expense": -80252000.0,
        "Total Other Finance Cost": 6638000.0,
        "Interest Expense Non Operating": 73614000.0,
        "Operating Income": 99263000.0,
        "Operating Expense": 31604000.0,
        "Depreciation Amortization Depletion Income Statement": 4727000.0,
        "Depreciation And Amortization In Income Statement": 4727000.0,
        "Selling General And Administration": 26877000.0,
        "General And Administrative Expense": 26877000.0,
        "Other Gand A": 26877000.0,
        "Gross Profit": 130867000.0,
        "Cost Of Revenue": 95540000.0,
        "Total Revenue": 226407000.0,
        "Operating Revenue": 215863000.0
    }
}