{
    "2023-03-31": {
        "Tax Effect Of Unusual Items": NaN,
        "Tax Rate For Calcs": NaN,
        "Normalized EBITDA": NaN,
        "Total Unusual Items": 1561000000.0,
        "Total Unusual Items Excluding Goodwill": 1561000000.0,
        "Net Income From Continuing Operation Net Minority Interest": NaN,
        "Reconciled Depreciation": 301000000.0,
        "Reconciled Cost Of Revenue": NaN,
        "EBITDA": NaN,
        "EBIT": NaN,
        "Net Interest Income": NaN,
        "Interest Expense": NaN,
        "Interest Income": NaN,
        "Normalized Income": NaN,
        "Net Income From Continuing And Discontinued Operation": NaN,
        "Total Expenses": NaN,
        "Total Operating Income As Reported": NaN,
        "Diluted Average Shares": NaN,
        "Basic Average Shares": NaN,
        "Diluted EPS": NaN,
        "Basic EPS": NaN,
        "Diluted NI Availto Com Stockholders": NaN,
        "Net Income Common Stockholders": NaN,
        "Net Income": NaN,
        "Minority Interests": NaN,
        "Net Income Including Noncontrolling Interests": NaN,
        "Net Income Continuous Operations": NaN,
        "Earnings From Equity Interest Net Of Tax": NaN,
        "Tax Provision": NaN,
        "Pretax Income": NaN,
        "Other Income Expense": NaN,
        "Other Non Operating Income Expenses": NaN,
        "Special Income Charges": 0.0,
        "Write Off": 0.0,
        "Gain On Sale Of Security": 1561000000.0,
        "Net Non Operating Interest Income Expense": NaN,
        "Interest Expense Non Operating": NaN,
        "Interest Income Non Operating": NaN,
        "Operating Income": NaN,
        "Operating Expense": NaN,
        "Other Operating Expenses": -68000000.0,
        "Research And Development": NaN,
        "Selling General And Administration": NaN,
        "Selling And Marketing Expense": NaN,
        "General And Administrative Expense": NaN,
        "Other Gand A": NaN,
        "Gross Profit": NaN,
        "Cost Of Revenue": NaN,
        "Total Revenue": NaN,
        "Excise Taxes": NaN,
        "Operating Revenue": NaN
    },
    "2022-12-31": {
        "Tax Effect Of Unusual Items": 0.0,
        "Tax Rate For Calcs": 0.097003,
        "Normalized EBITDA": 2963000000.0,
        "Net Income From Continuing Operation Net Minority Interest": 2057000000.0,
        "Reconciled Cost Of Revenue": 1199000000.0,
        "EBITDA": 2963000000.0,
        "EBIT": 2963000000.0,
        "Net Interest Income": 31000000.0,
        "Interest Expense": 427000000.0,
        "Interest Income": 458000000.0,
        "Normalized Income": 2057000000.0,
        "Net Income From Continuing And Discontinued Operation": 2057000000.0,
        "Total Expenses": 4649000000.0,
        "Total Operating Income As Reported": -240000000.0,
        "Diluted Average Shares": 658660803.0,
        "Basic Average Shares": 658660803.0,
        "Diluted EPS": 3.12,
        "Basic EPS": 3.17,
        "Diluted NI Availto Com Stockholders": 2057000000.0,
        "Net Income Common Stockholders": 2057000000.0,
        "Net Income": 2057000000.0,
        "Minority Interests": -23000000.0,
        "Net Income Including Noncontrolling Interests": 2080000000.0,
        "Net Income Continuous Operations": 2080000000.0,
        "Earnings From Equity Interest Net Of Tax": -210000000.0,
        "Tax Provision": 246000000.0,
        "Pretax Income": 2536000000.0,
        "Other Income Expense": 2127000000.0,
        "Other Non Operating Income Expenses": 649000000.0,
        "Net Non Operating Interest Income Expense": 31000000.0,
        "Interest Expense Non Operating": 427000000.0,
        "Interest Income Non Operating": 458000000.0,
        "Operating Income": 378000000.0,
        "Operating Expense": 3450000000.0,
        "Research And Development": 2104000000.0,
        "Selling General And Administration": 1964000000.0,
        "Selling And Marketing Expense": 1148000000.0,
        "General And Administrative Expense": 816000000.0,
        "Other Gand A": 816000000.0,
        "Gross Profit": 3828000000.0,
        "Cost Of Revenue": 1199000000.0,
        "Total Revenue": 5027000000.0,
        "Excise Taxes": 4000000.0,
        "Operating Revenue": 4334000000.0
    },
    "2022-09-30": {
        "Tax Effect Of Unusual Items": 0.0,
        "Tax Rate For Calcs": 0.4,
        "Normalized EBITDA": 815000000.0,
        "Net Income From Continuing Operation Net Minority Interest": 266000000.0,
        "Reconciled Cost Of Revenue": 1271000000.0,
        "EBITDA": 815000000.0,
        "EBIT": 815000000.0,
        "Net Interest Income": 58000000.0,
        "Interest Expense": 395000000.0,
        "Interest Income": 453000000.0,
        "Normalized Income": 266000000.0,
        "Net Income From Continuing And Discontinued Operation": 266000000.0,
        "Total Expenses": 6038000000.0,
        "Total Operating Income As Reported": 854000000.0,
        "Diluted Average Shares": 653485857.0,
        "Basic Average Shares": 647909665.0,
        "Diluted EPS": 0.41,
        "Basic EPS": 0.41,
        "Diluted NI Availto Com Stockholders": 266000000.0,
        "Net Income Common Stockholders": 266000000.0,
        "Net Income": 266000000.0,
        "Minority Interests": 21000000.0,
        "Net Income Including Noncontrolling Interests": 245000000.0,
        "Net Income Continuous Operations": 245000000.0,
        "Earnings From Equity Interest Net Of Tax": 102000000.0,
        "Tax Provision": 277000000.0,
        "Pretax Income": 420000000.0,
        "Other Income Expense": -492000000.0,
        "Other Non Operating Income Expenses": -492000000.0,
        "Net Non Operating Interest Income Expense": 58000000.0,
        "Interest Expense Non Operating": 395000000.0,
        "Interest Income Non Operating": 453000000.0,
        "Operating Income": 854000000.0,
        "Operating Expense": 4767000000.0,
        "Research And Development": 2491000000.0,
        "Selling General And Administration": 2276000000.0,
        "Selling And Marketing Expense": 1433000000.0,
        "General And Administrative Expense": 843000000.0,
        "Other Gand A": 843000000.0,
        "Gross Profit": 5621000000.0,
        "Cost Of Revenue": 1271000000.0,
        "Total Revenue": 6892000000.0,
        "Excise Taxes": 5000000.0,
        "Operating Revenue": 6284000000.0
    },
    "2022-06-30": {
        "Tax Effect Of Unusual Items": 0.0,
        "Tax Rate For Calcs": 0.349495,
        "Normalized EBITDA": 846000000.0,
        "Net Income From Continuing Operation Net Minority Interest": 69000000.0,
        "Reconciled Cost Of Revenue": 976000000.0,
        "EBITDA": 846000000.0,
        "EBIT": 846000000.0,
        "Net Interest Income": 193000000.0,
        "Interest Expense": 351000000.0,
        "Interest Income": 544000000.0,
        "Normalized Income": 69000000.0,
        "Net Income From Continuing And Discontinued Operation": 69000000.0,
        "Total Expenses": 4178000000.0,
        "Total Operating Income As Reported": -167000000.0,
        "Diluted Average Shares": 650906465.0,
        "Basic Average Shares": 647866001.0,
        "Diluted EPS": 0.1,
        "Basic EPS": 0.1,
        "Diluted NI Availto Com Stockholders": 69000000.0,
        "Net Income Common Stockholders": 69000000.0,
        "Net Income": 69000000.0,
        "Minority Interests": 26000000.0,
        "Net Income Including Noncontrolling Interests": 43000000.0,
        "Net Income Continuous Operations": 43000000.0,
        "Earnings From Equity Interest Net Of Tax": -279000000.0,
        "Tax Provision": 173000000.0,
        "Pretax Income": 495000000.0,
        "Other Income Expense": 469000000.0,
        "Other Non Operating Income Expenses": 469000000.0,
        "Net Non Operating Interest Income Expense": 193000000.0,
        "Interest Expense Non Operating": 351000000.0,
        "Interest Income Non Operating": 544000000.0,
        "Operating Income": -167000000.0,
        "Operating Expense": 3202000000.0,
        "Research And Development": 1772000000.0,
        "Selling General And Administration": 1430000000.0,
        "Selling And Marketing Expense": 826000000.0,
        "General And Administrative Expense": 604000000.0,
        "Other Gand A": 604000000.0,
        "Gross Profit": 3035000000.0,
        "Cost Of Revenue": 976000000.0,
        "Total Revenue": 4011000000.0,
        "Excise Taxes": 5000000.0,
        "Operating Revenue": 3452000000.0
    },
    "2022-03-31": {
        "Diluted EPS": -0.24,
        "Total Revenue": 649,
        "Gross Profit": 481,
        "Operating Income": -55,
        "EBIT": -55,
        "Net Income": -155
    },
    "2021-12-31": {
        "Diluted EPS": -0.22,
        "Total Revenue": 771,
        "Gross Profit": 587,
        "Operating Income": -116,
        "EBIT": -116,
        "Net Income": -128
    },
    "2021-09-30": {
        "Diluted EPS": -0.2,
        "Total Revenue": 831,
        "Gross Profit": 641,
        "Operating Income": -37,
        "EBIT": -37,
        "Net Income": -131
    },
    "2021-06-30": {
        "Diluted EPS": -0.16,
        "Total Revenue": 912,
        "Gross Profit": 723,
        "Operating Income": 51,
        "EBIT": 51,
        "Net Income": -100
    },
    "2021-03-31": {
        "Diluted EPS": 0.44,
        "Total Revenue": 628,
        "Gross Profit": 470,
        "Operating Income": -119,
        "EBIT": -119,
        "Net Income": 273
    },
    "2020-12-31": {
        "Diluted EPS": 0.17,
        "Total Revenue": 885,
        "Gross Profit": 714,
        "Operating Income": -27,
        "EBIT": -27,
        "Net Income": 90
    },
    "2020-09-30": {
        "Diluted EPS": 0.38,
        "Total Revenue": 805,
        "Gross Profit": 653,
        "Operating Income": 117,
        "EBIT": 117,
        "Net Income": 234
    },
    "2020-06-30": {
        "Diluted EPS": -0.11,
        "Total Revenue": 448,
        "Gross Profit": 325,
        "Operating Income": -97,
        "EBIT": -97,
        "Net Income": -67
    },
    "2020-03-31": {
        "Diluted EPS": -1.27,
        "Total Revenue": 669,
        "Gross Profit": 497,
        "Operating Income": -211,
        "EBIT": -211,
        "Net Income": -754
    },
    "2019-12-31": {
        "Diluted EPS": 0.46,
        "Total Revenue": NaN,
        "Gross Profit": 930,
        "Operating Income": 83,
        "EBIT": 83,
        "Net Income": 266
    },
    "2019-09-30": {
        "Diluted EPS": 0.19,
        "Total Revenue": NaN,
        "Gross Profit": NaN,
        "Operating Income": 314,
        "EBIT": 314,
        "Net Income": 112
    },
    "2019-06-30": {
        "Diluted EPS": -0.11,
        "Total Revenue": NaN,
        "Gross Profit": NaN,
        "Operating Income": 194,
        "EBIT": 194,
        "Net Income": -59
    },
    "2019-03-31": {
        "Diluted EPS": 1.11,
        "Total Revenue": NaN,
        "Gross Profit": 965,
        "Operating Income": 132,
        "EBIT": 132,
        "Net Income": 687
    },
    "2018-12-31": {
        "Diluted EPS": -0.29,
        "Total Revenue": 963,
        "Gross Profit": 753,
        "Operating Income": -41,
        "EBIT": -41,
        "Net Income": -203
    },
    "2018-09-30": {
        "Diluted EPS": -0.3,
        "Total Revenue": NaN,
        "Gross Profit": NaN,
        "Operating Income": 215,
        "EBIT": 215,
        "Net Income": -165
    },
    "2018-06-30": {
        "Diluted EPS": 0.59,
        "Total Revenue": NaN,
        "Gross Profit": 884,
        "Operating Income": 110,
        "EBIT": 110,
        "Net Income": 360
    },
    "2018-03-31": {
        "Diluted EPS": 0.29,
        "Total Revenue": NaN,
        "Gross Profit": 875,
        "Operating Income": 95,
        "EBIT": 95,
        "Net Income": 170
    },
    "2017-12-31": {
        "Diluted EPS": 0.16,
        "Total Revenue": NaN,
        "Gross Profit": 914,
        "Operating Income": 90,
        "EBIT": 90,
        "Net Income": 84
    },
    "2017-09-30": {
        "Diluted EPS": 0.32,
        "Total Revenue": NaN,
        "Gross Profit": 991,
        "Operating Income": 204,
        "EBIT": 204,
        "Net Income": 185
    },
    "2017-06-30": {
        "Diluted EPS": 0.09,
        "Total Revenue": 946,
        "Gross Profit": 781,
        "Operating Income": 95,
        "EBIT": 95,
        "Net Income": 48
    },
    "2017-03-31": {
        "Diluted EPS": 0.02,
        "Total Revenue": 884,
        "Gross Profit": 711,
        "Operating Income": 60,
        "EBIT": 60,
        "Net Income": 12
    },
    "2016-09-30": {
        "Diluted EPS": 0.01,
        "Total Revenue": 836,
        "Gross Profit": 650,
        "Operating Income": 67,
        "EBIT": 67,
        "Net Income": 4
    },
    "2016-06-30": {
        "Diluted EPS": -0.17,
        "Total Revenue": 664,
        "Gross Profit": 478,
        "Operating Income": -60,
        "EBIT": -60,
        "Net Income": -78
    },
    "2016-03-31": {
        "Diluted EPS": -0.54,
        "Total Revenue": 648,
        "Gross Profit": 472,
        "Operating Income": -283,
        "Net Income": -245
    },
    "2015-12-31": {
        "Diluted EPS": 0.06,
        "Total Revenue": 358,
        "Gross Profit": 252,
        "Operating Income": -29,
        "EBIT": -19,
        "Net Income": 4
    },
    "2015-09-30": {
        "Diluted EPS": 1.05,
        "Total Revenue": 501,
        "Gross Profit": 368,
        "Operating Income": 64,
        "EBIT": 64,
        "Net Income": 380
    },
    "2015-06-30": {
        "Diluted EPS": 0.08,
        "Total Revenue": 430,
        "Gross Profit": 312,
        "Operating Income": 32,
        "EBIT": 32,
        "Net Income": 23
    },
    "2015-03-31": {
        "Diluted EPS": -0.08,
        "Total Revenue": 394,
        "Gross Profit": 280,
        "Operating Income": -8,
        "EBIT": -8,
        "Net Income": -20
    },
    "2014-12-31": {
        "Diluted EPS": -0.13,
        "Total Revenue": 326,
        "Gross Profit": 232,
        "Operating Income": -44,
        "EBIT": -44,
        "Net Income": -36
    },
    "2014-09-30": {
        "Diluted EPS": 0.11,
        "Total Revenue": 368,
        "Gross Profit": 272,
        "Operating Income": 36,
        "EBIT": 36,
        "Net Income": 35
    },
    "2014-06-30": {
        "Diluted EPS": 0.07,
        "Total Revenue": 293,
        "Gross Profit": 216,
        "Operating Income": 30,
        "EBIT": 30,
        "Net Income": 22
    },
    "2014-03-31": {
        "Diluted EPS": 0.06,
        "Total Revenue": 272,
        "Gross Profit": 200,
        "Operating Income": 29,
        "EBIT": 29,
        "Net Income": 19
    },
    "2013-12-31": {
        "Diluted EPS": 0.14,
        "Total Revenue": 252,
        "Gross Profit": 185,
        "Operating Income": 36,
        "EBIT": 36,
        "Net Income": 43
    },
    "2013-09-30": {
        "Diluted EPS": 0.2,
        "Total Revenue": 268,
        "Gross Profit": 206,
        "Operating Income": 65,
        "EBIT": 65,
        "Net Income": 61
    },
    "2013-06-30": {
        "Diluted EPS": 0.12,
        "Total Revenue": 215,
        "Gross Profit": 165,
        "Operating Income": 44,
        "EBIT": 44,
        "Net Income": 34
    },
    "2013-03-31": {
        "Diluted EPS": 0.09,
        "Total Revenue": 198,
        "Gross Profit": 149,
        "Operating Income": 37,
        "EBIT": 37,
        "Net Income": 25
    },
    "2012-12-31": {
        "Diluted EPS": 0.11,
        "Total Revenue": 187,
        "Gross Profit": 140,
        "Operating Income": 25,
        "EBIT": 25,
        "Net Income": 31
    },
    "2012-09-30": {
        "Diluted EPS": 0.11,
        "Total Revenue": 198,
        "Gross Profit": 153,
        "Operating Income": 42,
        "EBIT": 42,
        "Net Income": 31
    },
    "2012-06-30": {
        "Diluted EPS": 0.07,
        "Total Revenue": 162,
        "Gross Profit": 124,
        "Operating Income": 35,
        "EBIT": 35,
        "Net Income": 19
    },
    "2012-03-31": {
        "Diluted EPS": 0.09,
        "Total Revenue": 153,
        "Gross Profit": 117,
        "Operating Income": 36,
        "EBIT": 36,
        "Net Income": 27
    },
    "2011-12-31": {
        "Diluted EPS": 0.14,
        "Total Revenue": 157,
        "Gross Profit": 119,
        "Operating Income": 39,
        "EBIT": 39,
        "Net Income": 40
    },
    "2011-09-30": {
        "Diluted EPS": 0.17,
        "Total Revenue": 163,
        "Gross Profit": 127,
        "Operating Income": 58,
        "EBIT": 58,
        "Net Income": 51
    },
    "2011-06-30": {
        "Diluted EPS": 0.14,
        "Total Revenue": 129,
        "Gross Profit": 100,
        "Operating Income": 42,
        "EBIT": 42,
        "Net Income": 41
    },
    "2011-03-31": {
        "Diluted EPS": 0.12,
        "Total Revenue": 124,
        "Gross Profit": 99,
        "Operating Income": 48,
        "EBIT": 48,
        "Net Income": 36
    },
    "2010-12-31": {
        "Diluted EPS": 0.15,
        "Total Revenue": 119,
        "Gross Profit": 92,
        "Operating Income": 39,
        "EBIT": 39,
        "Net Income": 46
    },
    "2010-09-30": {
        "Diluted EPS": 0.16,
        "Total Revenue": 129,
        "Gross Profit": 103,
        "Operating Income": 54,
        "EBIT": 54,
        "Net Income": 48
    },
    "2010-06-30": {
        "Diluted EPS": 0.12,
        "Total Revenue": 109,
        "Gross Profit": 87,
        "Operating Income": 45,
        "EBIT": 45,
        "Net Income": 35
    },
    "2010-03-31": {
        "Diluted EPS": 0.1,
        "Total Revenue": 86,
        "Gross Profit": 67,
        "Operating Income": 29,
        "EBIT": 29,
        "Net Income": 28
    },
    "2009-12-31": {
        "Diluted EPS": 0.1,
        "Total Revenue": 88,
        "Gross Profit": 70,
        "Operating Income": 33,
        "EBIT": 33,
        "Net Income": 28
    },
    "2009-09-30": {
        "Diluted EPS": 0.1,
        "Total Revenue": 80,
        "Gross Profit": 62,
        "Operating Income": 29,
        "EBIT": 29,
        "Net Income": 28
    },
    "2009-06-30": {
        "Diluted EPS": 0.09,
        "Total Revenue": 74,
        "Gross Profit": 59,
        "Operating Income": 29,
        "EBIT": 29,
        "Net Income": 23
    },
    "2009-03-31": {
        "Diluted EPS": 0.07,
        "Total Revenue": 59,
        "Gross Profit": 45,
        "Operating Income": 20,
        "EBIT": 20,
        "Net Income": 18
    },
    "2023-06-30": {
        "Tax Effect Of Unusual Items": 0.0,
        "Tax Rate For Calcs": 0.25,
        "Normalized EBITDA": 1529000000.0,
        "Total Unusual Items": NaN,
        "Total Unusual Items Excluding Goodwill": NaN,
        "Net Income From Continuing Operation Net Minority Interest": 631000000.0,
        "Reconciled Depreciation": NaN,
        "Reconciled Cost Of Revenue": 2007000000.0,
        "EBITDA": 1529000000.0,
        "EBIT": 1529000000.0,
        "Net Interest Income": -42000000.0,
        "Interest Expense": 555000000.0,
        "Interest Income": 513000000.0,
        "Normalized Income": 631000000.0,
        "Net Income From Continuing And Discontinued Operation": 631000000.0,
        "Total Expenses": 8270000000.0,
        "Total Operating Income As Reported": 2977000000.0,
        "Diluted Average Shares": 671942381.0,
        "Basic Average Shares": 653392956.0,
        "Diluted EPS": 0.94,
        "Basic EPS": 0.97,
        "Diluted NI Availto Com Stockholders": 631000000.0,
        "Net Income Common Stockholders": 631000000.0,
        "Net Income": 631000000.0,
        "Minority Interests": -17000000.0,
        "Net Income Including Noncontrolling Interests": 648000000.0,
        "Net Income Continuous Operations": 648000000.0,
        "Earnings From Equity Interest Net Of Tax": 236000000.0,
        "Tax Provision": 562000000.0,
        "Pretax Income": 974000000.0,
        "Other Income Expense": -1961000000.0,
        "Other Non Operating Income Expenses": -1961000000.0,
        "Special Income Charges": NaN,
        "Write Off": NaN,
        "Gain On Sale Of Security": NaN,
        "Net Non Operating Interest Income Expense": -42000000.0,
        "Interest Expense Non Operating": 555000000.0,
        "Interest Income Non Operating": 513000000.0,
        "Operating Income": 2977000000.0,
        "Operating Expense": 6263000000.0,
        "Other Operating Expenses": NaN,
        "Research And Development": 2953000000.0,
        "Selling General And Administration": 3310000000.0,
        "Selling And Marketing Expense": 2355000000.0,
        "General And Administrative Expense": 955000000.0,
        "Other Gand A": 955000000.0,
        "Gross Profit": 9240000000.0,
        "Cost Of Revenue": 2007000000.0,
        "Total Revenue": 11247000000.0,
        "Excise Taxes": 15000000.0,
        "Operating Revenue": 10405000000.0
    },
    "2023-09-30": {
        "Tax Effect Of Unusual Items": NaN,
        "Tax Rate For Calcs": NaN,
        "Normalized EBITDA": NaN,
        "Total Unusual Items": NaN,
        "Total Unusual Items Excluding Goodwill": NaN,
        "Net Income From Continuing Operation Net Minority Interest": NaN,
        "Reconciled Depreciation": NaN,
        "Reconciled Cost Of Revenue": NaN,
        "EBITDA": NaN,
        "EBIT": NaN,
        "Net Interest Income": NaN,
        "Interest Expense": NaN,
        "Interest Income": NaN,
        "Normalized Income": NaN,
        "Net Income From Continuing And Discontinued Operation": NaN,
        "Total Expenses": NaN,
        "Total Operating Income As Reported": NaN,
        "Diluted Average Shares": 674134652.0,
        "Basic Average Shares": 654146029.0,
        "Diluted EPS": NaN,
        "Basic EPS": 7.05,
        "Diluted NI Availto Com Stockholders": NaN,
        "Net Income Common Stockholders": NaN,
        "Net Income": NaN,
        "Minority Interests": NaN,
        "Net Income Including Noncontrolling Interests": NaN,
        "Net Income Continuous Operations": NaN,
        "Earnings From Equity Interest Net Of Tax": NaN,
        "Tax Provision": NaN,
        "Pretax Income": NaN,
        "Other Income Expense": NaN,
        "Other Non Operating Income Expenses": NaN,
        "Special Income Charges": NaN,
        "Write Off": NaN,
        "Gain On Sale Of Security": NaN,
        "Net Non Operating Interest Income Expense": NaN,
        "Interest Expense Non Operating": NaN,
        "Interest Income Non Operating": NaN,
        "Operating Income": NaN,
        "Operating Expense": NaN,
        "Other Operating Expenses": NaN,
        "Research And Development": NaN,
        "Selling General And Administration": NaN,
        "Selling And Marketing Expense": NaN,
        "General And Administrative Expense": NaN,
        "Other Gand A": NaN,
        "Gross Profit": NaN,
        "Cost Of Revenue": NaN,
        "Total Revenue": NaN,
        "Excise Taxes": NaN,
        "Operating Revenue": NaN
    },
    "2023-12-31": {
        "Tax Effect Of Unusual Items": 0.0,
        "Tax Rate For Calcs": 0.28705,
        "Normalized EBITDA": 1887000000.0,
        "Total Unusual Items": NaN,
        "Total Unusual Items Excluding Goodwill": NaN,
        "Net Income From Continuing Operation Net Minority Interest": 1297000000.0,
        "Reconciled Depreciation": NaN,
        "Reconciled Cost Of Revenue": 2010000000.0,
        "EBITDA": 1887000000.0,
        "EBIT": 1887000000.0,
        "Net Interest Income": 96000000.0,
        "Interest Expense": 497000000.0,
        "Interest Income": 593000000.0,
        "Normalized Income": 1297000000.0,
        "Net Income From Continuing And Discontinued Operation": 1297000000.0,
        "Total Expenses": 7520000000.0,
        "Total Operating Income As Reported": 2197000000.0,
        "Diluted Average Shares": 668332395.0,
        "Basic Average Shares": 652033082.0,
        "Diluted EPS": 1.94,
        "Basic EPS": 1.99,
        "Diluted NI Availto Com Stockholders": 1297000000.0,
        "Net Income Common Stockholders": 1297000000.0,
        "Net Income": 1297000000.0,
        "Minority Interests": -45000000.0,
        "Net Income Including Noncontrolling Interests": 1342000000.0,
        "Net Income Continuous Operations": 1342000000.0,
        "Earnings From Equity Interest Net Of Tax": 351000000.0,
        "Tax Provision": 399000000.0,
        "Pretax Income": 1390000000.0,
        "Other Income Expense": -1511000000.0,
        "Other Non Operating Income Expenses": -106000000.0,
        "Special Income Charges": NaN,
        "Write Off": NaN,
        "Gain On Sale Of Security": NaN,
        "Net Non Operating Interest Income Expense": 96000000.0,
        "Interest Expense Non Operating": 497000000.0,
        "Interest Income Non Operating": 593000000.0,
        "Operating Income": 2805000000.0,
        "Operating Expense": 5510000000.0,
        "Other Operating Expenses": NaN,
        "Research And Development": 2916000000.0,
        "Selling General And Administration": 3202000000.0,
        "Selling And Marketing Expense": 2333000000.0,
        "General And Administrative Expense": 869000000.0,
        "Other Gand A": 869000000.0,
        "Gross Profit": 8315000000.0,
        "Cost Of Revenue": 2010000000.0,
        "Total Revenue": 10325000000.0,
        "Excise Taxes": 13000000.0,
        "Operating Revenue": 9347000000.0
    },
    "2024-03-31": {
        "Tax Effect Of Unusual Items": 97440000.0,
        "Tax Rate For Calcs": 0.16,
        "Normalized EBITDA": 4335000000.0,
        "Total Unusual Items": 609000000.0,
        "Total Unusual Items Excluding Goodwill": 609000000.0,
        "Net Income From Continuing Operation Net Minority Interest": 4312000000.0,
        "Reconciled Depreciation": 278000000.0,
        "Reconciled Cost Of Revenue": 2238000000.0,
        "EBITDA": 4944000000.0,
        "EBIT": 4666000000.0,
        "Net Interest Income": 93000000.0,
        "Interest Expense": 499000000.0,
        "Interest Income": 592000000.0,
        "Normalized Income": 3800440000.0,
        "Net Income From Continuing And Discontinued Operation": 4312000000.0,
        "Total Expenses": 8484000000.0,
        "Total Operating Income As Reported": 3315000000.0,
        "Diluted Average Shares": 675933592.0,
        "Basic Average Shares": 651349707.0,
        "Diluted EPS": 6.38,
        "Basic EPS": 6.62,
        "Diluted NI Availto Com Stockholders": 4312000000.0,
        "Net Income Common Stockholders": 4312000000.0,
        "Net Income": 4312000000.0,
        "Minority Interests": -13000000.0,
        "Net Income Including Noncontrolling Interests": 4325000000.0,
        "Net Income Continuous Operations": 4325000000.0,
        "Earnings From Equity Interest Net Of Tax": 822000000.0,
        "Tax Provision": 664000000.0,
        "Pretax Income": 4167000000.0,
        "Other Income Expense": 653000000.0,
        "Other Non Operating Income Expenses": 44000000.0,
        "Special Income Charges": -51000000.0,
        "Write Off": 51000000.0,
        "Gain On Sale Of Security": 660000000.0,
        "Net Non Operating Interest Income Expense": 93000000.0,
        "Interest Expense Non Operating": 499000000.0,
        "Interest Income Non Operating": 592000000.0,
        "Operating Income": 3421000000.0,
        "Operating Expense": 6246000000.0,
        "Other Operating Expenses": -106000000.0,
        "Research And Development": 3109000000.0,
        "Selling General And Administration": 3243000000.0,
        "Selling And Marketing Expense": 2312000000.0,
        "General And Administrative Expense": 931000000.0,
        "Other Gand A": 931000000.0,
        "Gross Profit": 9667000000.0,
        "Cost Of Revenue": 2238000000.0,
        "Total Revenue": 11905000000.0,
        "Excise Taxes": 16000000.0,
        "Operating Revenue": 10890000000.0
    },
    "2024-06-30": {
        "Tax Effect Of Unusual Items": 0.0,
        "Tax Rate For Calcs": 0.198454,
        "Normalized EBITDA": 4006000000.0,
        "Total Unusual Items": NaN,
        "Total Unusual Items Excluding Goodwill": NaN,
        "Net Income From Continuing Operation Net Minority Interest": 3833000000.0,
        "Reconciled Depreciation": NaN,
        "Reconciled Cost Of Revenue": 2312000000.0,
        "EBITDA": 4006000000.0,
        "EBIT": 4006000000.0,
        "Net Interest Income": 120000000.0,
        "Interest Expense": 514000000.0,
        "Interest Income": 634000000.0,
        "Normalized Income": 3833000000.0,
        "Net Income From Continuing And Discontinued Operation": 3833000000.0,
        "Total Expenses": 9217000000.0,
        "Total Operating Income As Reported": 3555000000.0,
        "Diluted Average Shares": 687977626.0,
        "Basic Average Shares": 655857569.0,
        "Diluted EPS": 5.57,
        "Basic EPS": 5.84,
        "Diluted NI Availto Com Stockholders": 3833000000.0,
        "Net Income Common Stockholders": 3833000000.0,
        "Net Income": 3833000000.0,
        "Minority Interests": -55000000.0,
        "Net Income Including Noncontrolling Interests": 3888000000.0,
        "Net Income Continuous Operations": 3888000000.0,
        "Earnings From Equity Interest Net Of Tax": 1089000000.0,
        "Tax Provision": 693000000.0,
        "Pretax Income": 3492000000.0,
        "Other Income Expense": -183000000.0,
        "Other Non Operating Income Expenses": -183000000.0,
        "Special Income Charges": NaN,
        "Write Off": NaN,
        "Gain On Sale Of Security": NaN,
        "Net Non Operating Interest Income Expense": 120000000.0,
        "Interest Expense Non Operating": 514000000.0,
        "Interest Income Non Operating": 634000000.0,
        "Operating Income": 3555000000.0,
        "Operating Expense": 6905000000.0,
        "Other Operating Expenses": NaN,
        "Research And Development": 2993000000.0,
        "Selling General And Administration": 3912000000.0,
        "Selling And Marketing Expense": 2835000000.0,
        "General And Administrative Expense": 1077000000.0,
        "Other Gand A": 1077000000.0,
        "Gross Profit": 10460000000.0,
        "Cost Of Revenue": 2312000000.0,
        "Total Revenue": 12772000000.0,
        "Excise Taxes": 16000000.0,
        "Operating Revenue": 11665000000.0
    },
    "2024-09-30": {
        "Tax Effect Of Unusual Items": 0.0,
        "Tax Rate For Calcs": 0.103206,
        "Normalized EBITDA": 7385000000.0,
        "Total Unusual Items": NaN,
        "Total Unusual Items Excluding Goodwill": NaN,
        "Net Income From Continuing Operation Net Minority Interest": 6765000000.0,
        "Reconciled Depreciation": NaN,
        "Reconciled Cost Of Revenue": 2800000000.0,
        "EBITDA": 7385000000.0,
        "EBIT": 7385000000.0,
        "Net Interest Income": 199000000.0,
        "Interest Expense": 399000000.0,
        "Interest Income": 598000000.0,
        "Normalized Income": 6765000000.0,
        "Net Income From Continuing And Discontinued Operation": 6765000000.0,
        "Total Expenses": 10867000000.0,
        "Total Operating Income As Reported": 5006000000.0,
        "Diluted Average Shares": 681411847.0,
        "Basic Average Shares": 652719801.0,
        "Diluted EPS": 9.93,
        "Basic EPS": 10.37,
        "Diluted NI Availto Com Stockholders": 6765000000.0,
        "Net Income Common Stockholders": 6765000000.0,
        "Net Income": 6765000000.0,
        "Minority Interests": -58000000.0,
        "Net Income Including Noncontrolling Interests": 6823000000.0,
        "Net Income Continuous Operations": 6823000000.0,
        "Earnings From Equity Interest Net Of Tax": 558000000.0,
        "Tax Provision": 721000000.0,
        "Pretax Income": 6986000000.0,
        "Other Income Expense": 1781000000.0,
        "Other Non Operating Income Expenses": 1781000000.0,
        "Special Income Charges": NaN,
        "Write Off": NaN,
        "Gain On Sale Of Security": NaN,
        "Net Non Operating Interest Income Expense": 199000000.0,
        "Interest Expense Non Operating": 399000000.0,
        "Interest Income Non Operating": 598000000.0,
        "Operating Income": 5006000000.0,
        "Operating Expense": 8067000000.0,
        "Other Operating Expenses": NaN,
        "Research And Development": 3640000000.0,
        "Selling General And Administration": 4427000000.0,
        "Selling And Marketing Expense": 3382000000.0,
        "General And Administrative Expense": 1045000000.0,
        "Other Gand A": 1045000000.0,
        "Gross Profit": 13073000000.0,
        "Cost Of Revenue": 2800000000.0,
        "Total Revenue": 15873000000.0,
        "Excise Taxes": 27000000.0,
        "Operating Revenue": 14666000000.0
    },
    "2024-12-31": {
        "Tax Effect Of Unusual Items": 0.0,
        "Tax Rate For Calcs": 0.22307,
        "Normalized EBITDA": 2681000000.0,
        "Total Unusual Items": NaN,
        "Total Unusual Items Excluding Goodwill": NaN,
        "Net Income From Continuing Operation Net Minority Interest": 2157000000.0,
        "Reconciled Depreciation": NaN,
        "Reconciled Cost Of Revenue": 2640000000.0,
        "EBITDA": 2681000000.0,
        "EBIT": 2681000000.0,
        "Net Interest Income": 194000000.0,
        "Interest Expense": 323000000.0,
        "Interest Income": 517000000.0,
        "Normalized Income": 2157000000.0,
        "Net Income From Continuing And Discontinued Operation": 2157000000.0,
        "Total Expenses": 9656000000.0,
        "Total Operating Income As Reported": 2301000000.0,
        "Diluted Average Shares": NaN,
        "Basic Average Shares": NaN,
        "Diluted EPS": NaN,
        "Basic EPS": NaN,
        "Diluted NI Availto Com Stockholders": 2157000000.0,
        "Net Income Common Stockholders": 2157000000.0,
        "Net Income": 2157000000.0,
        "Minority Interests": -34000000.0,
        "Net Income Including Noncontrolling Interests": 2191000000.0,
        "Net Income Continuous Operations": 2191000000.0,
        "Earnings From Equity Interest Net Of Tax": 359000000.0,
        "Tax Provision": 526000000.0,
        "Pretax Income": 2358000000.0,
        "Other Income Expense": -924000000.0,
        "Other Non Operating Income Expenses": -2054000000.0,
        "Special Income Charges": NaN,
        "Write Off": NaN,
        "Gain On Sale Of Security": NaN,
        "Net Non Operating Interest Income Expense": 194000000.0,
        "Interest Expense Non Operating": 323000000.0,
        "Interest Income Non Operating": 517000000.0,
        "Operating Income": 3088000000.0,
        "Operating Expense": 7016000000.0,
        "Other Operating Expenses": NaN,
        "Research And Development": 3397000000.0,
        "Selling General And Administration": 4406000000.0,
        "Selling And Marketing Expense": 3373000000.0,
        "General And Administrative Expense": 1033000000.0,
        "Other Gand A": 1033000000.0,
        "Gross Profit": 10104000000.0,
        "Cost Of Revenue": 2640000000.0,
        "Total Revenue": 12744000000.0,
        "Excise Taxes": 24000000.0,
        "Operating Revenue": 11530000000.0
    },
    "2025-03-31": {
        "Tax Effect Of Unusual Items": NaN,
        "Tax Rate For Calcs": NaN,
        "Normalized EBITDA": NaN,
        "Total Unusual Items": NaN,
        "Total Unusual Items Excluding Goodwill": NaN,
        "Net Income From Continuing Operation Net Minority Interest": NaN,
        "Reconciled Depreciation": NaN,
        "Reconciled Cost Of Revenue": NaN,
        "EBITDA": NaN,
        "EBIT": NaN,
        "Net Interest Income": NaN,
        "Interest Expense": NaN,
        "Interest Income": NaN,
        "Normalized Income": NaN,
        "Net Income From Continuing And Discontinued Operation": NaN,
        "Total Expenses": NaN,
        "Total Operating Income As Reported": NaN,
        "Diluted Average Shares": NaN,
        "Basic Average Shares": NaN,
        "Diluted EPS": 6.09,
        "Basic EPS": NaN,
        "Diluted NI Availto Com Stockholders": NaN,
        "Net Income Common Stockholders": NaN,
        "Net Income": NaN,
        "Minority Interests": NaN,
        "Net Income Including Noncontrolling Interests": NaN,
        "Net Income Continuous Operations": NaN,
        "Earnings From Equity Interest Net Of Tax": NaN,
        "Tax Provision": NaN,
        "Pretax Income": NaN,
        "Other Income Expense": NaN,
        "Other Non Operating Income Expenses": NaN,
        "Special Income Charges": NaN,
        "Write Off": NaN,
        "Gain On Sale Of Security": NaN,
        "Net Non Operating Interest Income Expense": NaN,
        "Interest Expense Non Operating": NaN,
        "Interest Income Non Operating": NaN,
        "Operating Income": NaN,
        "Operating Expense": NaN,
        "Other Operating Expenses": NaN,
        "Research And Development": NaN,
        "Selling General And Administration": NaN,
        "Selling And Marketing Expense": NaN,
        "General And Administrative Expense": NaN,
        "Other Gand A": NaN,
        "Gross Profit": NaN,
        "Cost Of Revenue": NaN,
        "Total Revenue": NaN,
        "Excise Taxes": NaN,
        "Operating Revenue": NaN
    }
}