{
    "2023-03-31": {
        "Tax Effect Of Unusual Items": NaN,
        "Tax Rate For Calcs": NaN,
        "Normalized EBITDA": NaN,
        "Total Unusual Items": NaN,
        "Total Unusual Items Excluding Goodwill": NaN,
        "Net Income From Continuing Operation Net Minority Interest": NaN,
        "Reconciled Depreciation": NaN,
        "Reconciled Cost Of Revenue": NaN,
        "EBITDA": NaN,
        "EBIT": NaN,
        "Net Interest Income": NaN,
        "Interest Expense": NaN,
        "Normalized Income": NaN,
        "Net Income From Continuing And Discontinued Operation": NaN,
        "Total Expenses": NaN,
        "Total Operating Income As Reported": NaN,
        "Diluted Average Shares": 49175873.0,
        "Basic Average Shares": 49175873.0,
        "Diluted EPS": -3.85,
        "Basic EPS": -3.85,
        "Diluted NI Availto Com Stockholders": NaN,
        "Net Income Common Stockholders": NaN,
        "Net Income": NaN,
        "Net Income Including Noncontrolling Interests": NaN,
        "Net Income Continuous Operations": NaN,
        "Tax Provision": NaN,
        "Pretax Income": NaN,
        "Other Income Expense": NaN,
        "Special Income Charges": NaN,
        "Gain On Sale Of Ppe": NaN,
        "Other Special Charges": NaN,
        "Write Off": NaN,
        "Impairment Of Capital Assets": NaN,
        "Net Non Operating Interest Income Expense": NaN,
        "Interest Expense Non Operating": NaN,
        "Operating Income": NaN,
        "Operating Expense": NaN,
        "Other Operating Expenses": NaN,
        "Depreciation Amortization Depletion Income Statement": NaN,
        "Depreciation And Amortization In Income Statement": NaN,
        "Selling General And Administration": NaN,
        "General And Administrative Expense": NaN,
        "Other Gand A": NaN,
        "Salaries And Wages": NaN,
        "Gross Profit": NaN,
        "Cost Of Revenue": NaN,
        "Total Revenue": NaN,
        "Operating Revenue": NaN
    },
    "2022-12-31": {
        "Tax Effect Of Unusual Items": NaN,
        "Tax Rate For Calcs": NaN,
        "Normalized EBITDA": NaN,
        "Total Unusual Items": NaN,
        "Total Unusual Items Excluding Goodwill": NaN,
        "Net Income From Continuing Operation Net Minority Interest": NaN,
        "Reconciled Depreciation": NaN,
        "Reconciled Cost Of Revenue": NaN,
        "EBITDA": NaN,
        "EBIT": NaN,
        "Net Interest Income": NaN,
        "Interest Expense": NaN,
        "Normalized Income": NaN,
        "Net Income From Continuing And Discontinued Operation": NaN,
        "Total Expenses": NaN,
        "Total Operating Income As Reported": NaN,
        "Diluted Average Shares": NaN,
        "Basic Average Shares": NaN,
        "Diluted EPS": NaN,
        "Basic EPS": NaN,
        "Diluted NI Availto Com Stockholders": NaN,
        "Net Income Common Stockholders": NaN,
        "Net Income": NaN,
        "Net Income Including Noncontrolling Interests": NaN,
        "Net Income Continuous Operations": NaN,
        "Tax Provision": NaN,
        "Pretax Income": NaN,
        "Other Income Expense": NaN,
        "Special Income Charges": NaN,
        "Gain On Sale Of Ppe": NaN,
        "Other Special Charges": NaN,
        "Write Off": NaN,
        "Impairment Of Capital Assets": 0.0,
        "Net Non Operating Interest Income Expense": NaN,
        "Interest Expense Non Operating": NaN,
        "Operating Income": NaN,
        "Operating Expense": NaN,
        "Other Operating Expenses": NaN,
        "Depreciation Amortization Depletion Income Statement": NaN,
        "Depreciation And Amortization In Income Statement": NaN,
        "Selling General And Administration": NaN,
        "General And Administrative Expense": NaN,
        "Other Gand A": NaN,
        "Salaries And Wages": NaN,
        "Gross Profit": NaN,
        "Cost Of Revenue": NaN,
        "Total Revenue": NaN,
        "Operating Revenue": NaN
    },
    "2022-09-30": {
        "Tax Effect Of Unusual Items": NaN,
        "Tax Rate For Calcs": NaN,
        "Normalized EBITDA": NaN,
        "Total Unusual Items": NaN,
        "Total Unusual Items Excluding Goodwill": NaN,
        "Net Income From Continuing Operation Net Minority Interest": NaN,
        "Reconciled Depreciation": NaN,
        "Reconciled Cost Of Revenue": NaN,
        "EBITDA": NaN,
        "EBIT": NaN,
        "Net Interest Income": NaN,
        "Interest Expense": NaN,
        "Normalized Income": NaN,
        "Net Income From Continuing And Discontinued Operation": NaN,
        "Total Expenses": NaN,
        "Total Operating Income As Reported": NaN,
        "Diluted Average Shares": NaN,
        "Basic Average Shares": NaN,
        "Diluted EPS": NaN,
        "Basic EPS": NaN,
        "Diluted NI Availto Com Stockholders": NaN,
        "Net Income Common Stockholders": NaN,
        "Net Income": NaN,
        "Net Income Including Noncontrolling Interests": NaN,
        "Net Income Continuous Operations": NaN,
        "Tax Provision": NaN,
        "Pretax Income": NaN,
        "Other Income Expense": NaN,
        "Special Income Charges": NaN,
        "Gain On Sale Of Ppe": NaN,
        "Other Special Charges": NaN,
        "Write Off": 0.0,
        "Impairment Of Capital Assets": NaN,
        "Net Non Operating Interest Income Expense": NaN,
        "Interest Expense Non Operating": NaN,
        "Operating Income": NaN,
        "Operating Expense": NaN,
        "Other Operating Expenses": NaN,
        "Depreciation Amortization Depletion Income Statement": NaN,
        "Depreciation And Amortization In Income Statement": NaN,
        "Selling General And Administration": NaN,
        "General And Administrative Expense": NaN,
        "Other Gand A": NaN,
        "Salaries And Wages": NaN,
        "Gross Profit": NaN,
        "Cost Of Revenue": NaN,
        "Total Revenue": NaN,
        "Operating Revenue": NaN
    },
    "2022-06-30": {
        "Tax Effect Of Unusual Items": -288.0,
        "Tax Rate For Calcs": 0.288,
        "Normalized EBITDA": 26942000.0,
        "Total Unusual Items": -1000.0,
        "Total Unusual Items Excluding Goodwill": -1000.0,
        "Net Income From Continuing Operation Net Minority Interest": 10479000.0,
        "Reconciled Depreciation": 9006000.0,
        "Reconciled Cost Of Revenue": 112546000.0,
        "EBITDA": 26941000.0,
        "EBIT": 17935000.0,
        "Net Interest Income": -3223000.0,
        "Interest Expense": 3223000.0,
        "Normalized Income": 10479712.0,
        "Net Income From Continuing And Discontinued Operation": 10479000.0,
        "Total Expenses": 244698000.0,
        "Total Operating Income As Reported": 17935000.0,
        "Diluted Average Shares": 50312855.0,
        "Basic Average Shares": 49719559.0,
        "Diluted EPS": 0.21,
        "Basic EPS": 0.21,
        "Diluted NI Availto Com Stockholders": 10479000.0,
        "Net Income Common Stockholders": 10479000.0,
        "Net Income": 10479000.0,
        "Net Income Including Noncontrolling Interests": 10479000.0,
        "Net Income Continuous Operations": 10479000.0,
        "Tax Provision": 4233000.0,
        "Pretax Income": 14712000.0,
        "Other Income Expense": -1000.0,
        "Special Income Charges": -1000.0,
        "Gain On Sale Of Ppe": -1000.0,
        "Other Special Charges": 36000.0,
        "Write Off": NaN,
        "Net Non Operating Interest Income Expense": -3223000.0,
        "Interest Expense Non Operating": 3223000.0,
        "Operating Income": 17936000.0,
        "Operating Expense": 132152000.0,
        "Other Operating Expenses": 36000.0,
        "Depreciation Amortization Depletion Income Statement": 9006000.0,
        "Depreciation And Amortization In Income Statement": 9006000.0,
        "Selling General And Administration": 123110000.0,
        "General And Administrative Expense": 123110000.0,
        "Other Gand A": 121909000.0,
        "Salaries And Wages": 1201000.0,
        "Gross Profit": 150088000.0,
        "Cost Of Revenue": 112546000.0,
        "Total Revenue": 262634000.0,
        "Operating Revenue": 262634000.0
    },
    "2023-06-30": {
        "Tax Effect Of Unusual Items": -43338.0,
        "Tax Rate For Calcs": 0.233,
        "Normalized EBITDA": 242000.0,
        "Total Unusual Items": -186000.0,
        "Total Unusual Items Excluding Goodwill": -186000.0,
        "Net Income From Continuing Operation Net Minority Interest": -11837000.0,
        "Reconciled Depreciation": 10512000.0,
        "Reconciled Cost Of Revenue": 92563000.0,
        "EBITDA": 56000.0,
        "EBIT": -10456000.0,
        "Net Interest Income": -4967000.0,
        "Interest Expense": 4967000.0,
        "Normalized Income": -11694338.0,
        "Net Income From Continuing And Discontinued Operation": -11837000.0,
        "Total Expenses": 217382000.0,
        "Total Operating Income As Reported": -10456000.0,
        "Diluted Average Shares": 3283524.0,
        "Basic Average Shares": 3283524.0,
        "Diluted EPS": -3.6,
        "Basic EPS": -3.6,
        "Diluted NI Availto Com Stockholders": -11837000.0,
        "Net Income Common Stockholders": -11837000.0,
        "Net Income": -11837000.0,
        "Net Income Including Noncontrolling Interests": -11837000.0,
        "Net Income Continuous Operations": -11837000.0,
        "Tax Provision": -3586000.0,
        "Pretax Income": -15423000.0,
        "Other Income Expense": -186000.0,
        "Special Income Charges": -186000.0,
        "Gain On Sale Of Ppe": -1000.0,
        "Other Special Charges": 185000.0,
        "Write Off": NaN,
        "Impairment Of Capital Assets": 0.0,
        "Net Non Operating Interest Income Expense": -4967000.0,
        "Interest Expense Non Operating": 4967000.0,
        "Operating Income": -10270000.0,
        "Operating Expense": 124819000.0,
        "Other Operating Expenses": 2453000.0,
        "Depreciation Amortization Depletion Income Statement": 10512000.0,
        "Depreciation And Amortization In Income Statement": 10512000.0,
        "Selling General And Administration": 111854000.0,
        "General And Administrative Expense": 111854000.0,
        "Other Gand A": 111380000.0,
        "Salaries And Wages": 474000.0,
        "Gross Profit": 114549000.0,
        "Cost Of Revenue": 92563000.0,
        "Total Revenue": 207112000.0,
        "Operating Revenue": 207112000.0
    },
    "2022-03-31": {
        "Diluted EPS": 0.46,
        "Total Revenue": 306,
        "Gross Profit": 174,
        "Operating Income": 37,
        "EBIT": 46,
        "Net Income": 23
    },
    "2021-12-31": {
        "Diluted EPS": 0.27,
        "Total Revenue": 267,
        "Gross Profit": 152,
        "Operating Income": 22,
        "EBIT": 31,
        "Net Income": 14
    },
    "2021-09-30": {
        "Diluted EPS": 0.54,
        "Total Revenue": 276,
        "Gross Profit": 164,
        "Operating Income": 40,
        "EBIT": 48,
        "Net Income": 27
    },
    "2021-06-30": {
        "Diluted EPS": 0.35,
        "Total Revenue": 245,
        "Gross Profit": 146,
        "Operating Income": 27,
        "EBIT": 35,
        "Net Income": 18
    },
    "2021-03-31": {
        "Diluted EPS": 0.7,
        "Total Revenue": 315,
        "Gross Profit": 187,
        "Operating Income": 51,
        "EBIT": 59,
        "Net Income": 35
    },
    "2020-12-31": {
        "Diluted EPS": 0.4,
        "Total Revenue": 275,
        "Gross Profit": 159,
        "Operating Income": 33,
        "EBIT": 41,
        "Net Income": 20
    },
    "2020-09-30": {
        "Diluted EPS": 0.41,
        "Total Revenue": 248,
        "Gross Profit": 146,
        "Operating Income": 34,
        "EBIT": 43,
        "Net Income": 20
    },
    "2020-06-30": {
        "Diluted EPS": -0.34,
        "Total Revenue": 152,
        "Gross Profit": 78,
        "Operating Income": -19,
        "EBIT": -10,
        "Net Income": -17
    },
    "2020-03-31": {
        "Diluted EPS": 0.25,
        "Total Revenue": 241,
        "Gross Profit": 142,
        "Operating Income": 23,
        "EBIT": 34,
        "Net Income": 13
    },
    "2019-12-31": {
        "Diluted EPS": 0.05,
        "Total Revenue": 229,
        "Gross Profit": 134,
        "Operating Income": 9,
        "EBIT": 19,
        "Net Income": 2
    },
    "2019-09-30": {
        "Diluted EPS": 0.08,
        "Total Revenue": 236,
        "Gross Profit": 137,
        "Operating Income": 10,
        "EBIT": 19,
        "Net Income": 4
    },
    "2019-06-30": {
        "Diluted EPS": -0.08,
        "Total Revenue": 210,
        "Gross Profit": 120,
        "Operating Income": 0,
        "EBIT": 10,
        "Net Income": -4
    },
    "2019-03-31": {
        "Diluted EPS": 0.33,
        "Total Revenue": 253,
        "Gross Profit": 148,
        "Operating Income": 28,
        "EBIT": 37,
        "Net Income": 16
    },
    "2018-12-31": {
        "Diluted EPS": 0.19,
        "Total Revenue": 222,
        "Gross Profit": 130,
        "Operating Income": 11,
        "EBIT": 20,
        "Net Income": 9
    },
    "2018-09-30": {
        "Diluted EPS": 0.07,
        "Total Revenue": 224,
        "Gross Profit": 131,
        "Operating Income": 14,
        "EBIT": 23,
        "Net Income": 3
    },
    "2018-06-30": {
        "Diluted EPS": -0.14,
        "Total Revenue": 196,
        "Gross Profit": 115,
        "Operating Income": -2,
        "EBIT": 7,
        "Net Income": -7
    },
    "2018-03-31": {
        "Diluted EPS": -0.01,
        "Total Revenue": 233,
        "Gross Profit": 137,
        "Operating Income": 20,
        "EBIT": 30,
        "Net Income": 0
    },
    "2017-12-31": {
        "Diluted EPS": 0.59,
        "Total Revenue": 223,
        "Gross Profit": 131,
        "Operating Income": 14,
        "EBIT": 23,
        "Net Income": 28
    },
    "2017-09-30": {
        "Diluted EPS": -0.02,
        "Total Revenue": 218,
        "Gross Profit": 126,
        "Operating Income": 8,
        "EBIT": 17,
        "Net Income": -1
    },
    "2017-06-30": {
        "Diluted EPS": -0.16,
        "Total Revenue": 183,
        "Gross Profit": 104,
        "Operating Income": -8,
        "EBIT": 2,
        "Net Income": -8
    },
    "2017-03-31": {
        "Diluted EPS": 0.17,
        "Total Revenue": 221,
        "Gross Profit": 127,
        "Operating Income": 17,
        "EBIT": 26,
        "Net Income": 8
    },
    "2016-12-31": {
        "Diluted EPS": 0.11,
        "Total Revenue": 216,
        "Gross Profit": 126,
        "Operating Income": 13,
        "EBIT": 22,
        "Net Income": 5
    },
    "2016-09-30": {
        "Diluted EPS": 0.07,
        "Total Revenue": 205,
        "Gross Profit": 118,
        "Operating Income": 10,
        "EBIT": 20,
        "Net Income": 4
    },
    "2016-06-30": {
        "Diluted EPS": -0.04,
        "Total Revenue": 177,
        "Gross Profit": 105,
        "Operating Income": 1,
        "EBIT": 10,
        "Net Income": -2
    },
    "2016-03-31": {
        "Diluted EPS": 0.2,
        "Total Revenue": 232,
        "Gross Profit": 134,
        "Operating Income": 26,
        "EBIT": 35,
        "Net Income": 9
    },
    "2016-02-29": {
        "Diluted EPS": 0.0,
        "Total Revenue": NaN,
        "Gross Profit": NaN,
        "Operating Income": NaN,
        "EBIT": NaN,
        "Net Income": NaN
    },
    "2015-12-31": {
        "Diluted EPS": 0.08,
        "Total Revenue": 213,
        "Gross Profit": 125,
        "Operating Income": 10,
        "EBIT": 19,
        "Net Income": 4
    },
    "2015-11-30": {
        "Diluted EPS": -0.04,
        "Total Revenue": 197,
        "Gross Profit": 116,
        "Operating Income": 2,
        "EBIT": 10,
        "Net Income": -2
    },
    "2015-09-30": {
        "Diluted EPS": 0.07,
        "Total Revenue": 204,
        "Gross Profit": 118,
        "Operating Income": 10,
        "EBIT": 18,
        "Net Income": 3
    },
    "2015-08-31": {
        "Diluted EPS": 0.06,
        "Total Revenue": 195,
        "Gross Profit": 114,
        "Operating Income": 9,
        "EBIT": 17,
        "Net Income": 3
    },
    "2015-06-30": {
        "Diluted EPS": -0.12,
        "Total Revenue": 170,
        "Gross Profit": 100,
        "Operating Income": -5,
        "EBIT": 3,
        "Net Income": -6
    },
    "2015-05-31": {
        "Diluted EPS": -0.11,
        "Total Revenue": 170,
        "Gross Profit": 99,
        "Operating Income": -4,
        "EBIT": 4,
        "Net Income": -5
    },
    "2015-02-28": {
        "Diluted EPS": 0.0,
        "Total Revenue": NaN,
        "Gross Profit": NaN,
        "Operating Income": NaN,
        "EBIT": NaN,
        "Net Income": NaN
    },
    "2014-11-30": {
        "Diluted EPS": 0.13,
        "Total Revenue": 191,
        "Gross Profit": 114,
        "Operating Income": 14,
        "EBIT": 22,
        "Net Income": 6
    },
    "2014-08-31": {
        "Diluted EPS": 0.14,
        "Total Revenue": 193,
        "Gross Profit": 114,
        "Operating Income": 13,
        "EBIT": 20,
        "Net Income": 7
    },
    "2014-05-31": {
        "Diluted EPS": -0.07,
        "Total Revenue": 173,
        "Gross Profit": 101,
        "Operating Income": -1,
        "EBIT": 6,
        "Net Income": -4
    },
    "2014-02-28": {
        "Diluted EPS": 0.0,
        "Total Revenue": NaN,
        "Gross Profit": NaN,
        "Operating Income": NaN,
        "EBIT": NaN,
        "Net Income": NaN
    },
    "2013-11-30": {
        "Diluted EPS": -1.39,
        "Total Revenue": 188,
        "Gross Profit": 113,
        "Operating Income": -1,
        "EBIT": 7,
        "Net Income": -25
    },
    "2013-08-31": {
        "Diluted EPS": -6.06,
        "Total Revenue": 184,
        "Gross Profit": 107,
        "Operating Income": 11,
        "EBIT": 19,
        "Net Income": -18
    },
    "2013-06-30": {
        "Diluted EPS": 0.0,
        "Total Revenue": NaN,
        "Gross Profit": NaN,
        "Operating Income": -96,
        "EBIT": -88,
        "Net Income": 4
    },
    "2013-05-31": {
        "Diluted EPS": -9.25,
        "Total Revenue": 160,
        "Gross Profit": 93,
        "Operating Income": 0,
        "EBIT": 7,
        "Net Income": -27
    },
    "2013-03-31": {
        "Diluted EPS": 0.0,
        "Total Revenue": NaN,
        "Gross Profit": NaN,
        "Operating Income": NaN,
        "EBIT": NaN,
        "Net Income": NaN
    },
    "2013-02-28": {
        "Diluted EPS": 0.0,
        "Total Revenue": NaN,
        "Gross Profit": NaN,
        "Operating Income": NaN,
        "EBIT": NaN,
        "Net Income": NaN
    },
    "2012-12-31": {
        "Diluted EPS": 0.0,
        "Total Revenue": NaN,
        "Gross Profit": NaN,
        "Operating Income": -94,
        "EBIT": -86,
        "Net Income": 7
    },
    "2012-11-30": {
        "Diluted EPS": -5.32,
        "Total Revenue": 175,
        "Gross Profit": 104,
        "Operating Income": 10,
        "EBIT": 18,
        "Net Income": -16
    },
    "2012-09-30": {
        "Diluted EPS": 0.0,
        "Total Revenue": 175,
        "Gross Profit": 104,
        "Operating Income": 10,
        "EBIT": 10,
        "Net Income": 7
    },
    "2012-08-31": {
        "Diluted EPS": 0.0,
        "Total Revenue": NaN,
        "Gross Profit": NaN,
        "Operating Income": NaN,
        "EBIT": NaN,
        "Net Income": NaN
    },
    "2012-06-30": {
        "Diluted EPS": 0.0,
        "Total Revenue": NaN,
        "Gross Profit": NaN,
        "Operating Income": NaN,
        "EBIT": NaN,
        "Net Income": NaN
    },
    "2012-03-31": {
        "Diluted EPS": 0.0,
        "Total Revenue": NaN,
        "Gross Profit": NaN,
        "Operating Income": NaN,
        "EBIT": NaN,
        "Net Income": NaN
    },
    "2011-03-31": {
        "Diluted EPS": 0.0,
        "Total Revenue": NaN,
        "Gross Profit": NaN,
        "Operating Income": NaN,
        "EBIT": NaN,
        "Net Income": NaN
    },
    "2023-09-30": {
        "Tax Effect Of Unusual Items": -5085360.0,
        "Tax Rate For Calcs": 0.21,
        "Normalized EBITDA": 16775000.0,
        "Total Unusual Items": -24216000.0,
        "Total Unusual Items Excluding Goodwill": -24216000.0,
        "Net Income From Continuing Operation Net Minority Interest": -23653000.0,
        "Reconciled Depreciation": 10383000.0,
        "Reconciled Cost Of Revenue": 93064000.0,
        "EBITDA": -7441000.0,
        "EBIT": -17824000.0,
        "Net Interest Income": -5238000.0,
        "Interest Expense": 5238000.0,
        "Normalized Income": -4522360.0,
        "Net Income From Continuing And Discontinued Operation": -23653000.0,
        "Total Expenses": 213339000.0,
        "Total Operating Income As Reported": -17824000.0,
        "Diluted Average Shares": 3297237.0,
        "Basic Average Shares": 3297237.0,
        "Diluted EPS": -7.17,
        "Basic EPS": -7.17,
        "Diluted NI Availto Com Stockholders": -23653000.0,
        "Net Income Common Stockholders": -23653000.0,
        "Net Income": -23653000.0,
        "Net Income Including Noncontrolling Interests": -23653000.0,
        "Net Income Continuous Operations": -23653000.0,
        "Tax Provision": 591000.0,
        "Pretax Income": -23062000.0,
        "Other Income Expense": -24216000.0,
        "Special Income Charges": -24216000.0,
        "Gain On Sale Of Ppe": -220000.0,
        "Other Special Charges": 549000.0,
        "Write Off": 23447000.0,
        "Impairment Of Capital Assets": 23447000.0,
        "Net Non Operating Interest Income Expense": -5238000.0,
        "Interest Expense Non Operating": 5238000.0,
        "Operating Income": 6392000.0,
        "Operating Expense": 120275000.0,
        "Other Operating Expenses": 7000.0,
        "Depreciation Amortization Depletion Income Statement": 10383000.0,
        "Depreciation And Amortization In Income Statement": 10383000.0,
        "Selling General And Administration": 109885000.0,
        "General And Administrative Expense": 109885000.0,
        "Other Gand A": 109270000.0,
        "Salaries And Wages": 615000.0,
        "Gross Profit": 126667000.0,
        "Cost Of Revenue": 93064000.0,
        "Total Revenue": 219731000.0,
        "Operating Revenue": 219731000.0
    },
    "2023-12-31": {
        "Tax Effect Of Unusual Items": -178290.0,
        "Tax Rate For Calcs": 0.21,
        "Normalized EBITDA": 12752000.0,
        "Total Unusual Items": -849000.0,
        "Total Unusual Items Excluding Goodwill": -849000.0,
        "Net Income From Continuing Operation Net Minority Interest": -6431000.0,
        "Reconciled Depreciation": 11532000.0,
        "Reconciled Cost Of Revenue": 89682000.0,
        "EBITDA": 11903000.0,
        "EBIT": 371000.0,
        "Net Interest Income": -5151000.0,
        "Interest Expense": 5151000.0,
        "Normalized Income": -5760290.0,
        "Net Income From Continuing And Discontinued Operation": -6431000.0,
        "Total Expenses": 213679000.0,
        "Total Operating Income As Reported": 371000.0,
        "Diluted Average Shares": 3306074.0,
        "Basic Average Shares": 3306074.0,
        "Diluted EPS": -1.95,
        "Basic EPS": -1.95,
        "Diluted NI Availto Com Stockholders": -6431000.0,
        "Net Income Common Stockholders": -6431000.0,
        "Net Income": -6431000.0,
        "Net Income Including Noncontrolling Interests": -6431000.0,
        "Net Income Continuous Operations": -6431000.0,
        "Tax Provision": 1651000.0,
        "Pretax Income": -4780000.0,
        "Other Income Expense": -849000.0,
        "Special Income Charges": -849000.0,
        "Gain On Sale Of Ppe": 0.0,
        "Other Special Charges": 849000.0,
        "Write Off": NaN,
        "Impairment Of Capital Assets": 0.0,
        "Net Non Operating Interest Income Expense": -5151000.0,
        "Interest Expense Non Operating": 5151000.0,
        "Operating Income": 1220000.0,
        "Operating Expense": 123997000.0,
        "Other Operating Expenses": 130000.0,
        "Depreciation Amortization Depletion Income Statement": 11532000.0,
        "Depreciation And Amortization In Income Statement": 11532000.0,
        "Selling General And Administration": 112335000.0,
        "General And Administrative Expense": 112335000.0,
        "Other Gand A": 111820000.0,
        "Salaries And Wages": 515000.0,
        "Gross Profit": 125217000.0,
        "Cost Of Revenue": 89682000.0,
        "Total Revenue": 214899000.0,
        "Operating Revenue": 214899000.0
    },
    "2024-03-31": {
        "Tax Effect Of Unusual Items": -19003556.993462,
        "Tax Rate For Calcs": 0.252919,
        "Normalized EBITDA": 10218000.0,
        "Total Unusual Items": -75137000.0,
        "Total Unusual Items Excluding Goodwill": -75137000.0,
        "Net Income From Continuing Operation Net Minority Interest": -61366000.0,
        "Reconciled Depreciation": 11906000.0,
        "Reconciled Cost Of Revenue": 83706000.0,
        "EBITDA": -64919000.0,
        "EBIT": -76825000.0,
        "Net Interest Income": -5316000.0,
        "Interest Expense": 5316000.0,
        "Normalized Income": -5232556.993462,
        "Net Income From Continuing And Discontinued Operation": -61366000.0,
        "Total Expenses": 207725000.0,
        "Total Operating Income As Reported": -76825000.0,
        "Diluted Average Shares": 3306795.0,
        "Basic Average Shares": 3306795.0,
        "Diluted EPS": -18.6,
        "Basic EPS": -18.6,
        "Diluted NI Availto Com Stockholders": -61366000.0,
        "Net Income Common Stockholders": -61366000.0,
        "Net Income": -61366000.0,
        "Net Income Including Noncontrolling Interests": -61366000.0,
        "Net Income Continuous Operations": -61366000.0,
        "Tax Provision": -20775000.0,
        "Pretax Income": -82141000.0,
        "Other Income Expense": -75137000.0,
        "Special Income Charges": -75137000.0,
        "Gain On Sale Of Ppe": -27000.0,
        "Other Special Charges": 1278000.0,
        "Write Off": NaN,
        "Impairment Of Capital Assets": 73832000.0,
        "Net Non Operating Interest Income Expense": -5316000.0,
        "Interest Expense Non Operating": 5316000.0,
        "Operating Income": -1688000.0,
        "Operating Expense": 124019000.0,
        "Other Operating Expenses": 4834000.0,
        "Depreciation Amortization Depletion Income Statement": 11906000.0,
        "Depreciation And Amortization In Income Statement": 11906000.0,
        "Selling General And Administration": 107279000.0,
        "General And Administrative Expense": 107279000.0,
        "Other Gand A": 107014000.0,
        "Salaries And Wages": 265000.0,
        "Gross Profit": 122331000.0,
        "Cost Of Revenue": 83706000.0,
        "Total Revenue": 206037000.0,
        "Operating Revenue": 206037000.0
    },
    "2024-06-30": {
        "Tax Effect Of Unusual Items": -380250.0,
        "Tax Rate For Calcs": 0.234,
        "Normalized EBITDA": -1259000.0,
        "Total Unusual Items": -1625000.0,
        "Total Unusual Items Excluding Goodwill": -1625000.0,
        "Net Income From Continuing Operation Net Minority Interest": -14732000.0,
        "Reconciled Depreciation": 10873000.0,
        "Reconciled Cost Of Revenue": 75766000.0,
        "EBITDA": -2884000.0,
        "EBIT": -13757000.0,
        "Net Interest Income": -5468000.0,
        "Interest Expense": 5468000.0,
        "Normalized Income": -13487250.0,
        "Net Income From Continuing And Discontinued Operation": -14732000.0,
        "Total Expenses": 193993000.0,
        "Total Operating Income As Reported": -13757000.0,
        "Diluted Average Shares": 3311023.0,
        "Basic Average Shares": 3311023.0,
        "Diluted EPS": -4.5,
        "Basic EPS": -4.5,
        "Diluted NI Availto Com Stockholders": -14732000.0,
        "Net Income Common Stockholders": -14732000.0,
        "Net Income": -14732000.0,
        "Net Income Including Noncontrolling Interests": -14732000.0,
        "Net Income Continuous Operations": -14732000.0,
        "Tax Provision": -4493000.0,
        "Pretax Income": -19225000.0,
        "Other Income Expense": -1625000.0,
        "Special Income Charges": -1625000.0,
        "Gain On Sale Of Ppe": 23000.0,
        "Other Special Charges": 747000.0,
        "Write Off": NaN,
        "Impairment Of Capital Assets": 901000.0,
        "Net Non Operating Interest Income Expense": -5468000.0,
        "Interest Expense Non Operating": 5468000.0,
        "Operating Income": -12132000.0,
        "Operating Expense": 118227000.0,
        "Other Operating Expenses": 1686000.0,
        "Depreciation Amortization Depletion Income Statement": 10873000.0,
        "Depreciation And Amortization In Income Statement": 10873000.0,
        "Selling General And Administration": 105668000.0,
        "General And Administrative Expense": 105668000.0,
        "Other Gand A": 105350000.0,
        "Salaries And Wages": 318000.0,
        "Gross Profit": 106095000.0,
        "Cost Of Revenue": 75766000.0,
        "Total Revenue": 181861000.0,
        "Operating Revenue": 181861000.0
    },
    "2024-09-30": {
        "Tax Effect Of Unusual Items": -913593.260838,
        "Tax Rate For Calcs": 0.21461,
        "Normalized EBITDA": 140000.0,
        "Total Unusual Items": -4257000.0,
        "Total Unusual Items Excluding Goodwill": -4257000.0,
        "Net Income From Continuing Operation Net Minority Interest": -16106000.0,
        "Reconciled Depreciation": 10346000.0,
        "Reconciled Cost Of Revenue": 87537000.0,
        "EBITDA": -4117000.0,
        "EBIT": -14463000.0,
        "Net Interest Income": -6044000.0,
        "Interest Expense": 6044000.0,
        "Normalized Income": -12762593.260838,
        "Net Income From Continuing And Discontinued Operation": -16106000.0,
        "Total Expenses": 206781000.0,
        "Total Operating Income As Reported": -14463000.0,
        "Diluted Average Shares": 3322940.0,
        "Basic Average Shares": 3322940.0,
        "Diluted EPS": -4.85,
        "Basic EPS": -4.85,
        "Diluted NI Availto Com Stockholders": -16106000.0,
        "Net Income Common Stockholders": -16106000.0,
        "Net Income": -16106000.0,
        "Net Income Including Noncontrolling Interests": -16106000.0,
        "Net Income Continuous Operations": -16106000.0,
        "Tax Provision": -4401000.0,
        "Pretax Income": -20507000.0,
        "Other Income Expense": -4257000.0,
        "Special Income Charges": -4257000.0,
        "Gain On Sale Of Ppe": 0.0,
        "Other Special Charges": 867000.0,
        "Write Off": NaN,
        "Impairment Of Capital Assets": 3390000.0,
        "Net Non Operating Interest Income Expense": -6044000.0,
        "Interest Expense Non Operating": 6044000.0,
        "Operating Income": -10206000.0,
        "Operating Expense": 119244000.0,
        "Other Operating Expenses": 3488000.0,
        "Depreciation Amortization Depletion Income Statement": 10346000.0,
        "Depreciation And Amortization In Income Statement": 10346000.0,
        "Selling General And Administration": 105410000.0,
        "General And Administrative Expense": 105410000.0,
        "Other Gand A": 105214000.0,
        "Salaries And Wages": 196000.0,
        "Gross Profit": 109038000.0,
        "Cost Of Revenue": 87537000.0,
        "Total Revenue": 196575000.0,
        "Operating Revenue": 196575000.0
    }
}