{
    "2023-03-31": {
        "Tax Effect Of Unusual Items": -1097482.331993,
        "Tax Rate For Calcs": 0.164738,
        "Normalized EBITDA": 50967000.0,
        "Total Unusual Items": -6662000.0,
        "Total Unusual Items Excluding Goodwill": -6662000.0,
        "Net Income From Continuing Operation Net Minority Interest": 27207000.0,
        "Reconciled Depreciation": 11254000.0,
        "EBITDA": 44305000.0,
        "EBIT": 33051000.0,
        "Net Interest Income": 1328000.0,
        "Interest Expense": 478000.0,
        "Interest Income": 1806000.0,
        "Normalized Income": 32771517.668007,
        "Net Income From Continuing And Discontinued Operation": 27207000.0,
        "Total Expenses": 127040000.0,
        "Rent Expense Supplemental": 3391000.0,
        "Diluted Average Shares": 144920762.0,
        "Basic Average Shares": 144920762.0,
        "Diluted EPS": 0.19,
        "Basic EPS": 0.19,
        "Diluted NI Availto Com Stockholders": 27207000.0,
        "Net Income Common Stockholders": 27207000.0,
        "Net Income": 27207000.0,
        "Minority Interests": 0.0,
        "Net Income Including Noncontrolling Interests": 27207000.0,
        "Net Income Continuous Operations": 27207000.0,
        "Tax Provision": 5366000.0,
        "Pretax Income": 32573000.0,
        "Other Income Expense": -6662000.0,
        "Earnings From Equity Interest": 0.0,
        "Gain On Sale Of Security": -6662000.0,
        "Net Non Operating Interest Income Expense": 1328000.0,
        "Interest Expense Non Operating": 478000.0,
        "Interest Income Non Operating": 1806000.0,
        "Operating Income": 37907000.0,
        "Operating Expense": 127040000.0,
        "Other Operating Expenses": -58000.0,
        "Depreciation Amortization Depletion Income Statement": 11254000.0,
        "Depreciation And Amortization In Income Statement": 11254000.0,
        "Depreciation Income Statement": 11254000.0,
        "Selling General And Administration": 115844000.0,
        "General And Administrative Expense": 115844000.0,
        "Other Gand A": 3329000.0,
        "Rent And Landing Fees": 3391000.0,
        "Salaries And Wages": 109124000.0,
        "Total Revenue": 164947000.0,
        "Operating Revenue": 164947000.0
    },
    "2022-12-31": {
        "Tax Effect Of Unusual Items": 0.0,
        "Tax Rate For Calcs": 0.241247,
        "Normalized EBITDA": 44183000.0,
        "Total Unusual Items": NaN,
        "Total Unusual Items Excluding Goodwill": NaN,
        "Net Income From Continuing Operation Net Minority Interest": 25010000.0,
        "Reconciled Depreciation": 10672000.0,
        "EBITDA": 44183000.0,
        "EBIT": 33511000.0,
        "Net Interest Income": 877000.0,
        "Interest Expense": 549000.0,
        "Interest Income": 1426000.0,
        "Normalized Income": 25010000.0,
        "Net Income From Continuing And Discontinued Operation": 25010000.0,
        "Total Expenses": 144590000.0,
        "Rent Expense Supplemental": 2690000.0,
        "Diluted Average Shares": 144921462.0,
        "Basic Average Shares": 144921462.0,
        "Diluted EPS": 0.17,
        "Basic EPS": 0.17,
        "Diluted NI Availto Com Stockholders": 25010000.0,
        "Net Income Common Stockholders": 25010000.0,
        "Net Income": 25010000.0,
        "Minority Interests": 0.0,
        "Net Income Including Noncontrolling Interests": 25010000.0,
        "Net Income Continuous Operations": 25010000.0,
        "Tax Provision": 7952000.0,
        "Pretax Income": 32962000.0,
        "Other Income Expense": 4000.0,
        "Earnings From Equity Interest": 4000.0,
        "Gain On Sale Of Security": NaN,
        "Net Non Operating Interest Income Expense": 877000.0,
        "Interest Expense Non Operating": 549000.0,
        "Interest Income Non Operating": 1426000.0,
        "Operating Income": 32081000.0,
        "Operating Expense": 144590000.0,
        "Other Operating Expenses": 9743000.0,
        "Depreciation Amortization Depletion Income Statement": 10672000.0,
        "Depreciation And Amortization In Income Statement": 10672000.0,
        "Depreciation Income Statement": 10672000.0,
        "Selling General And Administration": 124175000.0,
        "General And Administrative Expense": 124175000.0,
        "Other Gand A": 3271000.0,
        "Rent And Landing Fees": 2690000.0,
        "Salaries And Wages": 118214000.0,
        "Total Revenue": 176671000.0,
        "Operating Revenue": 176671000.0
    },
    "2022-09-30": {
        "Tax Effect Of Unusual Items": NaN,
        "Tax Rate For Calcs": NaN,
        "Normalized EBITDA": NaN,
        "Total Unusual Items": NaN,
        "Total Unusual Items Excluding Goodwill": NaN,
        "Net Income From Continuing Operation Net Minority Interest": NaN,
        "Reconciled Depreciation": NaN,
        "EBITDA": NaN,
        "EBIT": NaN,
        "Net Interest Income": NaN,
        "Interest Expense": NaN,
        "Interest Income": NaN,
        "Normalized Income": NaN,
        "Net Income From Continuing And Discontinued Operation": NaN,
        "Total Expenses": NaN,
        "Rent Expense Supplemental": NaN,
        "Diluted Average Shares": 144943516.0,
        "Basic Average Shares": 144943516.0,
        "Diluted EPS": 0.21,
        "Basic EPS": 0.21,
        "Diluted NI Availto Com Stockholders": NaN,
        "Net Income Common Stockholders": NaN,
        "Net Income": NaN,
        "Minority Interests": NaN,
        "Net Income Including Noncontrolling Interests": NaN,
        "Net Income Continuous Operations": NaN,
        "Tax Provision": NaN,
        "Pretax Income": NaN,
        "Other Income Expense": 61000.0,
        "Earnings From Equity Interest": NaN,
        "Gain On Sale Of Security": NaN,
        "Net Non Operating Interest Income Expense": NaN,
        "Interest Expense Non Operating": NaN,
        "Interest Income Non Operating": NaN,
        "Operating Income": NaN,
        "Operating Expense": NaN,
        "Other Operating Expenses": NaN,
        "Depreciation Amortization Depletion Income Statement": NaN,
        "Depreciation And Amortization In Income Statement": NaN,
        "Depreciation Income Statement": 10207000.0,
        "Selling General And Administration": NaN,
        "General And Administrative Expense": NaN,
        "Other Gand A": NaN,
        "Rent And Landing Fees": NaN,
        "Salaries And Wages": NaN,
        "Total Revenue": NaN,
        "Operating Revenue": NaN
    },
    "2022-06-30": {
        "Tax Effect Of Unusual Items": 0.0,
        "Tax Rate For Calcs": 0.282348,
        "Normalized EBITDA": 47111000.0,
        "Total Unusual Items": NaN,
        "Total Unusual Items Excluding Goodwill": NaN,
        "Net Income From Continuing Operation Net Minority Interest": 26799000.0,
        "Reconciled Depreciation": 3989000.0,
        "EBITDA": 47111000.0,
        "EBIT": 37815000.0,
        "Net Interest Income": -49000.0,
        "Interest Expense": 471000.0,
        "Interest Income": 422000.0,
        "Normalized Income": 26799000.0,
        "Net Income From Continuing And Discontinued Operation": 26799000.0,
        "Total Expenses": 124919000.0,
        "Rent Expense Supplemental": 2376000.0,
        "Diluted Average Shares": 145596995.0,
        "Basic Average Shares": 145596995.0,
        "Diluted EPS": 0.19,
        "Basic EPS": 0.19,
        "Diluted NI Availto Com Stockholders": 26799000.0,
        "Net Income Common Stockholders": 26799000.0,
        "Net Income": 26799000.0,
        "Minority Interests": -1000.0,
        "Net Income Including Noncontrolling Interests": 26800000.0,
        "Net Income Continuous Operations": 26800000.0,
        "Tax Provision": 10544000.0,
        "Pretax Income": 37344000.0,
        "Other Income Expense": 56000.0,
        "Earnings From Equity Interest": 56000.0,
        "Gain On Sale Of Security": NaN,
        "Net Non Operating Interest Income Expense": -49000.0,
        "Interest Expense Non Operating": 471000.0,
        "Interest Income Non Operating": 422000.0,
        "Operating Income": 37337000.0,
        "Operating Expense": 124919000.0,
        "Other Operating Expenses": 1504000.0,
        "Depreciation Amortization Depletion Income Statement": 9296000.0,
        "Depreciation And Amortization In Income Statement": 9296000.0,
        "Depreciation Income Statement": 9296000.0,
        "Selling General And Administration": 114119000.0,
        "General And Administrative Expense": 114119000.0,
        "Other Gand A": 2842000.0,
        "Rent And Landing Fees": 2376000.0,
        "Salaries And Wages": 108901000.0,
        "Total Revenue": 162256000.0,
        "Operating Revenue": 162256000.0
    },
    "2022-03-31": {
        "Diluted EPS": 0.11,
        "Total Revenue": 113,
        "Gross Profit": 113,
        "Operating Income": 22,
        "EBIT": 29,
        "Net Income": 16
    },
    "2021-12-31": {
        "Diluted EPS": 0.15,
        "Total Revenue": 114,
        "Gross Profit": 114,
        "Operating Income": 114,
        "EBIT": 114,
        "Net Income": 21
    },
    "2021-09-30": {
        "Diluted EPS": 0.18,
        "Total Revenue": 109,
        "Gross Profit": 109,
        "Operating Income": 31,
        "Net Income": 22
    },
    "2021-03-31": {
        "Diluted EPS": 0.13,
        "Total Revenue": 89,
        "Gross Profit": 89,
        "Operating Income": 20,
        "EBIT": 28,
        "Net Income": 17
    },
    "2020-12-31": {
        "Diluted EPS": 0.0,
        "Total Revenue": NaN,
        "Gross Profit": NaN,
        "Operating Income": NaN,
        "EBIT": NaN,
        "Net Income": NaN
    },
    "2023-06-30": {
        "Tax Effect Of Unusual Items": 0.0,
        "Tax Rate For Calcs": 0.213769,
        "Normalized EBITDA": 48743000.0,
        "Total Unusual Items": NaN,
        "Total Unusual Items Excluding Goodwill": NaN,
        "Net Income From Continuing Operation Net Minority Interest": 29271000.0,
        "Reconciled Depreciation": 10937000.0,
        "EBITDA": 48743000.0,
        "EBIT": 37806000.0,
        "Net Interest Income": 2577000.0,
        "Interest Expense": 504000.0,
        "Interest Income": 3081000.0,
        "Normalized Income": 29271000.0,
        "Net Income From Continuing And Discontinued Operation": 29271000.0,
        "Total Expenses": 136384000.0,
        "Rent Expense Supplemental": 3163000.0,
        "Diluted Average Shares": 145104291.0,
        "Basic Average Shares": 145080445.0,
        "Diluted EPS": 0.2,
        "Basic EPS": 0.2,
        "Diluted NI Availto Com Stockholders": 29271000.0,
        "Net Income Common Stockholders": 29271000.0,
        "Net Income": 29271000.0,
        "Minority Interests": -57000.0,
        "Net Income Including Noncontrolling Interests": 29328000.0,
        "Net Income Continuous Operations": 29328000.0,
        "Tax Provision": 7974000.0,
        "Pretax Income": 37302000.0,
        "Other Income Expense": NaN,
        "Earnings From Equity Interest": 0.0,
        "Gain On Sale Of Security": NaN,
        "Net Non Operating Interest Income Expense": 2577000.0,
        "Interest Expense Non Operating": 504000.0,
        "Interest Income Non Operating": 3081000.0,
        "Operating Income": 34725000.0,
        "Operating Expense": 136384000.0,
        "Other Operating Expenses": 3393000.0,
        "Depreciation Amortization Depletion Income Statement": 10937000.0,
        "Depreciation And Amortization In Income Statement": 10937000.0,
        "Depreciation Income Statement": 10937000.0,
        "Selling General And Administration": 122054000.0,
        "General And Administrative Expense": 122054000.0,
        "Other Gand A": 3645000.0,
        "Rent And Landing Fees": 3163000.0,
        "Salaries And Wages": 115246000.0,
        "Total Revenue": 171109000.0,
        "Operating Revenue": 171109000.0
    },
    "2023-09-30": {
        "Tax Effect Of Unusual Items": 0.0,
        "Tax Rate For Calcs": 0.155296,
        "Normalized EBITDA": 48780000.0,
        "Total Unusual Items": NaN,
        "Total Unusual Items Excluding Goodwill": NaN,
        "Net Income From Continuing Operation Net Minority Interest": 31647000.0,
        "Reconciled Depreciation": 10718000.0,
        "EBITDA": 48780000.0,
        "EBIT": 38062000.0,
        "Net Interest Income": 2692000.0,
        "Interest Expense": 598000.0,
        "Interest Income": 3290000.0,
        "Normalized Income": 31647000.0,
        "Net Income From Continuing And Discontinued Operation": 31647000.0,
        "Total Expenses": 128719000.0,
        "Rent Expense Supplemental": 3069000.0,
        "Diluted Average Shares": NaN,
        "Basic Average Shares": NaN,
        "Diluted EPS": NaN,
        "Basic EPS": NaN,
        "Diluted NI Availto Com Stockholders": 31647000.0,
        "Net Income Common Stockholders": 31647000.0,
        "Net Income": 31647000.0,
        "Minority Interests": 1000.0,
        "Net Income Including Noncontrolling Interests": 31646000.0,
        "Net Income Continuous Operations": 31646000.0,
        "Tax Provision": 5818000.0,
        "Pretax Income": 37464000.0,
        "Other Income Expense": NaN,
        "Earnings From Equity Interest": 0.0,
        "Gain On Sale Of Security": NaN,
        "Net Non Operating Interest Income Expense": 2692000.0,
        "Interest Expense Non Operating": 598000.0,
        "Interest Income Non Operating": 3290000.0,
        "Operating Income": 34772000.0,
        "Operating Expense": 128719000.0,
        "Other Operating Expenses": 1831000.0,
        "Depreciation Amortization Depletion Income Statement": 10718000.0,
        "Depreciation And Amortization In Income Statement": 10718000.0,
        "Depreciation Income Statement": NaN,
        "Selling General And Administration": 116170000.0,
        "General And Administrative Expense": 116170000.0,
        "Other Gand A": 3552000.0,
        "Rent And Landing Fees": 3069000.0,
        "Salaries And Wages": 109549000.0,
        "Total Revenue": 163491000.0,
        "Operating Revenue": 163491000.0
    },
    "2023-12-31": {
        "Tax Effect Of Unusual Items": 0.0,
        "Tax Rate For Calcs": 0.182692,
        "Normalized EBITDA": 50304000.0,
        "Total Unusual Items": NaN,
        "Total Unusual Items Excluding Goodwill": NaN,
        "Net Income From Continuing Operation Net Minority Interest": 32024000.0,
        "Reconciled Depreciation": 10696000.0,
        "EBITDA": 50304000.0,
        "EBIT": 39608000.0,
        "Net Interest Income": 3022000.0,
        "Interest Expense": 493000.0,
        "Interest Income": 3515000.0,
        "Normalized Income": 32024000.0,
        "Net Income From Continuing And Discontinued Operation": 32024000.0,
        "Total Expenses": 124933000.0,
        "Rent Expense Supplemental": 2398000.0,
        "Diluted Average Shares": 144210719.0,
        "Basic Average Shares": 144210719.0,
        "Diluted EPS": 0.22,
        "Basic EPS": 0.22,
        "Diluted NI Availto Com Stockholders": 32024000.0,
        "Net Income Common Stockholders": 32024000.0,
        "Net Income": 32024000.0,
        "Minority Interests": 55000.0,
        "Net Income Including Noncontrolling Interests": 31969000.0,
        "Net Income Continuous Operations": 31969000.0,
        "Tax Provision": 7146000.0,
        "Pretax Income": 39115000.0,
        "Other Income Expense": NaN,
        "Earnings From Equity Interest": 0.0,
        "Gain On Sale Of Security": NaN,
        "Net Non Operating Interest Income Expense": 3022000.0,
        "Interest Expense Non Operating": 493000.0,
        "Interest Income Non Operating": 3515000.0,
        "Operating Income": 33871000.0,
        "Operating Expense": 124933000.0,
        "Other Operating Expenses": 1967000.0,
        "Depreciation Amortization Depletion Income Statement": 10696000.0,
        "Depreciation And Amortization In Income Statement": 10696000.0,
        "Depreciation Income Statement": NaN,
        "Selling General And Administration": 112270000.0,
        "General And Administrative Expense": 112270000.0,
        "Other Gand A": 9111000.0,
        "Rent And Landing Fees": 2398000.0,
        "Salaries And Wages": 100761000.0,
        "Total Revenue": 158804000.0,
        "Operating Revenue": 158804000.0
    }
}