{
    "2023-03-31": {
        "Tax Effect Of Unusual Items": NaN,
        "Tax Rate For Calcs": NaN,
        "Normalized EBITDA": NaN,
        "Total Unusual Items": NaN,
        "Total Unusual Items Excluding Goodwill": NaN,
        "Net Income From Continuing Operation Net Minority Interest": NaN,
        "Reconciled Depreciation": NaN,
        "Reconciled Cost Of Revenue": NaN,
        "EBITDA": NaN,
        "EBIT": NaN,
        "Net Interest Income": NaN,
        "Interest Expense": NaN,
        "Normalized Income": NaN,
        "Net Income From Continuing And Discontinued Operation": NaN,
        "Total Expenses": NaN,
        "Total Operating Income As Reported": NaN,
        "Diluted Average Shares": NaN,
        "Basic Average Shares": NaN,
        "Diluted EPS": NaN,
        "Basic EPS": NaN,
        "Diluted NI Availto Com Stockholders": NaN,
        "Net Income Common Stockholders": NaN,
        "Otherunder Preferred Stock Dividend": NaN,
        "Net Income": NaN,
        "Minority Interests": NaN,
        "Net Income Including Noncontrolling Interests": NaN,
        "Net Income Discontinuous Operations": 0.0,
        "Net Income Continuous Operations": NaN,
        "Tax Provision": NaN,
        "Pretax Income": NaN,
        "Other Income Expense": NaN,
        "Other Non Operating Income Expenses": NaN,
        "Special Income Charges": NaN,
        "Write Off": 0.0,
        "Restructuring And Mergern Acquisition": NaN,
        "Net Non Operating Interest Income Expense": NaN,
        "Total Other Finance Cost": NaN,
        "Interest Expense Non Operating": NaN,
        "Operating Income": NaN,
        "Operating Expense": NaN,
        "Depreciation Amortization Depletion Income Statement": NaN,
        "Depreciation And Amortization In Income Statement": NaN,
        "Amortization": NaN,
        "Amortization Of Intangibles Income Statement": NaN,
        "Selling General And Administration": NaN,
        "General And Administrative Expense": NaN,
        "Other Gand A": NaN,
        "Salaries And Wages": NaN,
        "Gross Profit": NaN,
        "Cost Of Revenue": NaN,
        "Total Revenue": NaN,
        "Operating Revenue": NaN
    },
    "2022-12-31": {
        "Tax Effect Of Unusual Items": NaN,
        "Tax Rate For Calcs": NaN,
        "Normalized EBITDA": NaN,
        "Total Unusual Items": NaN,
        "Total Unusual Items Excluding Goodwill": NaN,
        "Net Income From Continuing Operation Net Minority Interest": NaN,
        "Reconciled Depreciation": NaN,
        "Reconciled Cost Of Revenue": NaN,
        "EBITDA": NaN,
        "EBIT": NaN,
        "Net Interest Income": NaN,
        "Interest Expense": NaN,
        "Normalized Income": NaN,
        "Net Income From Continuing And Discontinued Operation": NaN,
        "Total Expenses": NaN,
        "Total Operating Income As Reported": NaN,
        "Diluted Average Shares": NaN,
        "Basic Average Shares": NaN,
        "Diluted EPS": NaN,
        "Basic EPS": NaN,
        "Diluted NI Availto Com Stockholders": NaN,
        "Net Income Common Stockholders": NaN,
        "Otherunder Preferred Stock Dividend": NaN,
        "Net Income": NaN,
        "Minority Interests": NaN,
        "Net Income Including Noncontrolling Interests": NaN,
        "Net Income Discontinuous Operations": 0.0,
        "Net Income Continuous Operations": NaN,
        "Tax Provision": NaN,
        "Pretax Income": NaN,
        "Other Income Expense": NaN,
        "Other Non Operating Income Expenses": NaN,
        "Special Income Charges": NaN,
        "Write Off": NaN,
        "Restructuring And Mergern Acquisition": NaN,
        "Net Non Operating Interest Income Expense": NaN,
        "Total Other Finance Cost": NaN,
        "Interest Expense Non Operating": NaN,
        "Operating Income": NaN,
        "Operating Expense": NaN,
        "Depreciation Amortization Depletion Income Statement": NaN,
        "Depreciation And Amortization In Income Statement": NaN,
        "Amortization": NaN,
        "Amortization Of Intangibles Income Statement": NaN,
        "Selling General And Administration": NaN,
        "General And Administrative Expense": NaN,
        "Other Gand A": NaN,
        "Salaries And Wages": NaN,
        "Gross Profit": NaN,
        "Cost Of Revenue": NaN,
        "Total Revenue": NaN,
        "Operating Revenue": NaN
    },
    "2022-09-30": {
        "Tax Effect Of Unusual Items": NaN,
        "Tax Rate For Calcs": NaN,
        "Normalized EBITDA": NaN,
        "Total Unusual Items": NaN,
        "Total Unusual Items Excluding Goodwill": NaN,
        "Net Income From Continuing Operation Net Minority Interest": NaN,
        "Reconciled Depreciation": NaN,
        "Reconciled Cost Of Revenue": NaN,
        "EBITDA": NaN,
        "EBIT": NaN,
        "Net Interest Income": NaN,
        "Interest Expense": NaN,
        "Normalized Income": NaN,
        "Net Income From Continuing And Discontinued Operation": NaN,
        "Total Expenses": NaN,
        "Total Operating Income As Reported": NaN,
        "Diluted Average Shares": NaN,
        "Basic Average Shares": NaN,
        "Diluted EPS": NaN,
        "Basic EPS": NaN,
        "Diluted NI Availto Com Stockholders": NaN,
        "Net Income Common Stockholders": NaN,
        "Otherunder Preferred Stock Dividend": NaN,
        "Net Income": NaN,
        "Minority Interests": NaN,
        "Net Income Including Noncontrolling Interests": NaN,
        "Net Income Discontinuous Operations": 0.0,
        "Net Income Continuous Operations": NaN,
        "Tax Provision": NaN,
        "Pretax Income": NaN,
        "Other Income Expense": -22000000.0,
        "Other Non Operating Income Expenses": NaN,
        "Special Income Charges": NaN,
        "Gain On Sale Of Business": 1000000.0,
        "Write Off": NaN,
        "Restructuring And Mergern Acquisition": NaN,
        "Net Non Operating Interest Income Expense": NaN,
        "Total Other Finance Cost": NaN,
        "Interest Expense Non Operating": NaN,
        "Operating Income": NaN,
        "Operating Expense": NaN,
        "Depreciation Amortization Depletion Income Statement": NaN,
        "Depreciation And Amortization In Income Statement": NaN,
        "Amortization": NaN,
        "Amortization Of Intangibles Income Statement": NaN,
        "Selling General And Administration": NaN,
        "General And Administrative Expense": NaN,
        "Other Gand A": NaN,
        "Salaries And Wages": NaN,
        "Gross Profit": NaN,
        "Cost Of Revenue": NaN,
        "Total Revenue": NaN,
        "Operating Revenue": NaN
    },
    "2022-06-30": {
        "Tax Effect Of Unusual Items": 702000.0,
        "Tax Rate For Calcs": 0.234,
        "Normalized EBITDA": 639000000.0,
        "Total Unusual Items": 3000000.0,
        "Total Unusual Items Excluding Goodwill": 3000000.0,
        "Net Income From Continuing Operation Net Minority Interest": 238000000.0,
        "Reconciled Depreciation": 61000000.0,
        "Reconciled Cost Of Revenue": 554000000.0,
        "EBITDA": 642000000.0,
        "EBIT": 581000000.0,
        "Net Interest Income": -269000000.0,
        "Interest Expense": 269000000.0,
        "Normalized Income": 235702000.0,
        "Net Income From Continuing And Discontinued Operation": 238000000.0,
        "Total Expenses": 799000000.0,
        "Total Operating Income As Reported": 599000000.0,
        "Diluted Average Shares": 58000000.0,
        "Basic Average Shares": 58000000.0,
        "Diluted EPS": 4.1,
        "Basic EPS": 4.1,
        "Diluted NI Availto Com Stockholders": 238000000.0,
        "Net Income Common Stockholders": 238000000.0,
        "Otherunder Preferred Stock Dividend": NaN,
        "Net Income": 238000000.0,
        "Minority Interests": -1000000.0,
        "Net Income Including Noncontrolling Interests": 239000000.0,
        "Net Income Discontinuous Operations": 0.0,
        "Net Income Continuous Operations": 239000000.0,
        "Tax Provision": 73000000.0,
        "Pretax Income": 312000000.0,
        "Other Income Expense": -18000000.0,
        "Other Non Operating Income Expenses": -21000000.0,
        "Special Income Charges": 3000000.0,
        "Gain On Sale Of Business": 3000000.0,
        "Write Off": NaN,
        "Restructuring And Mergern Acquisition": NaN,
        "Net Non Operating Interest Income Expense": -269000000.0,
        "Total Other Finance Cost": NaN,
        "Interest Expense Non Operating": 269000000.0,
        "Operating Income": 599000000.0,
        "Operating Expense": 217000000.0,
        "Depreciation Amortization Depletion Income Statement": 33000000.0,
        "Depreciation And Amortization In Income Statement": 33000000.0,
        "Amortization": 33000000.0,
        "Amortization Of Intangibles Income Statement": 33000000.0,
        "Selling General And Administration": 184000000.0,
        "General And Administrative Expense": NaN,
        "Other Gand A": NaN,
        "Salaries And Wages": NaN,
        "Gross Profit": 816000000.0,
        "Cost Of Revenue": 582000000.0,
        "Total Revenue": 1398000000.0,
        "Operating Revenue": 1398000000.0
    },
    "2022-03-31": {
        "Diluted EPS": 3.38,
        "Total Revenue": NaN,
        "Gross Profit": 736,
        "Operating Income": 520,
        "EBIT": 584,
        "Net Income": 199
    },
    "2021-12-31": {
        "Diluted EPS": 1.98,
        "Total Revenue": NaN,
        "Gross Profit": 661,
        "Operating Income": 455,
        "EBIT": 516,
        "Net Income": 117
    },
    "2021-09-30": {
        "Diluted EPS": 3.61,
        "Total Revenue": NaN,
        "Gross Profit": 725,
        "Operating Income": 535,
        "EBIT": 600,
        "Net Income": 209
    },
    "2021-06-30": {
        "Diluted EPS": 5.43,
        "Total Revenue": NaN,
        "Gross Profit": 655,
        "Operating Income": 447,
        "EBIT": 500,
        "Net Income": 317
    },
    "2021-03-31": {
        "Diluted EPS": 1.79,
        "Total Revenue": NaN,
        "Gross Profit": 592,
        "Operating Income": 394,
        "EBIT": 465,
        "Net Income": 104
    },
    "2020-12-31": {
        "Diluted EPS": -0.42,
        "Total Revenue": NaN,
        "Gross Profit": 541,
        "Operating Income": 315,
        "EBIT": 364,
        "Net Income": -23
    },
    "2020-09-30": {
        "Diluted EPS": 1.43,
        "Total Revenue": NaN,
        "Gross Profit": 537,
        "Operating Income": 313,
        "EBIT": 389,
        "Net Income": 82
    },
    "2020-06-30": {
        "Diluted EPS": -0.1,
        "Total Revenue": NaN,
        "Gross Profit": 491,
        "Operating Income": 286,
        "EBIT": 358,
        "Net Income": -6
    },
    "2020-03-31": {
        "Diluted EPS": 5.56,
        "Total Revenue": NaN,
        "Gross Profit": 818,
        "Operating Income": 592,
        "EBIT": 658,
        "Net Income": 319
    },
    "2019-12-31": {
        "Diluted EPS": 2.07,
        "Total Revenue": NaN,
        "Gross Profit": 801,
        "Operating Income": 560,
        "EBIT": 626,
        "Net Income": 119
    },
    "2019-09-30": {
        "Diluted EPS": 4.62,
        "Total Revenue": NaN,
        "Gross Profit": 882,
        "Operating Income": 613,
        "EBIT": 650,
        "Net Income": 236
    },
    "2019-06-30": {
        "Diluted EPS": 2.57,
        "Total Revenue": NaN,
        "Gross Profit": 713,
        "Operating Income": 423,
        "EBIT": 577,
        "Net Income": 145
    },
    "2019-03-31": {
        "Diluted EPS": 3.6,
        "Total Revenue": NaN,
        "Gross Profit": 650,
        "Operating Income": 468,
        "EBIT": 527,
        "Net Income": 202
    },
    "2018-12-31": {
        "Diluted EPS": 3.05,
        "Total Revenue": 993,
        "Gross Profit": 564,
        "Operating Income": 422,
        "EBIT": 465,
        "Net Income": 196
    },
    "2018-09-30": {
        "Diluted EPS": 4.11,
        "Total Revenue": NaN,
        "Gross Profit": 597,
        "Operating Income": 455,
        "EBIT": 489,
        "Net Income": 229
    },
    "2018-06-30": {
        "Diluted EPS": 3.91,
        "Total Revenue": 981,
        "Gross Profit": 570,
        "Operating Income": 437,
        "EBIT": 480,
        "Net Income": 217
    },
    "2018-03-31": {
        "Diluted EPS": 3.53,
        "Total Revenue": 933,
        "Gross Profit": 534,
        "Operating Income": 409,
        "EBIT": 445,
        "Net Income": 196
    },
    "2017-12-31": {
        "Diluted EPS": 4.65,
        "Total Revenue": 848,
        "Gross Profit": 477,
        "Operating Income": 353,
        "EBIT": 389,
        "Net Income": 259
    },
    "2017-09-30": {
        "Diluted EPS": 1.61,
        "Total Revenue": 924,
        "Gross Profit": 531,
        "Operating Income": 411,
        "EBIT": 466,
        "Net Income": 90
    },
    "2017-06-30": {
        "Diluted EPS": 3.08,
        "Total Revenue": 898,
        "Gross Profit": 520,
        "Operating Income": 388,
        "EBIT": 430,
        "Net Income": 169
    },
    "2017-03-31": {
        "Diluted EPS": 2.78,
        "Total Revenue": 869,
        "Gross Profit": 489,
        "Operating Income": 367,
        "EBIT": 407,
        "Net Income": 156
    },
    "2016-12-31": {
        "Diluted EPS": 0.41,
        "Total Revenue": 814,
        "Gross Profit": 444,
        "Operating Income": 317,
        "EBIT": 360,
        "Net Income": 23
    },
    "2016-09-30": {
        "Diluted EPS": 2.76,
        "Total Revenue": 875,
        "Gross Profit": 484,
        "Operating Income": 349,
        "EBIT": 390,
        "Net Income": 155
    },
    "2016-06-30": {
        "Diluted EPS": 2.88,
        "Total Revenue": 798,
        "Gross Profit": 444,
        "Operating Income": 331,
        "EBIT": 364,
        "Net Income": 161
    },
    "2016-03-31": {
        "Diluted EPS": 2.52,
        "Total Revenue": 797,
        "Gross Profit": 426,
        "Operating Income": 312,
        "EBIT": 345,
        "Net Income": 142
    },
    "2015-12-31": {
        "Diluted EPS": 2.23,
        "Total Revenue": 702,
        "Gross Profit": 375,
        "Operating Income": 276,
        "EBIT": 306,
        "Net Income": 126
    },
    "2015-09-30": {
        "Diluted EPS": 2.5,
        "Total Revenue": 810,
        "Gross Profit": 428,
        "Operating Income": 313,
        "EBIT": 343,
        "Net Income": 142
    },
    "2015-06-30": {
        "Diluted EPS": 1.75,
        "Total Revenue": 691,
        "Gross Profit": 359,
        "Operating Income": 264,
        "EBIT": 295,
        "Net Income": 99
    },
    "2015-03-31": {
        "Diluted EPS": 1.96,
        "Total Revenue": 619,
        "Gross Profit": 342,
        "Operating Income": 257,
        "EBIT": 280,
        "Net Income": 111
    },
    "2014-12-31": {
        "Diluted EPS": 1.63,
        "Total Revenue": 587,
        "Gross Profit": 321,
        "Operating Income": 241,
        "EBIT": 266,
        "Net Income": 92
    },
    "2014-09-30": {
        "Diluted EPS": 1.89,
        "Total Revenue": 642,
        "Gross Profit": 349,
        "Operating Income": 259,
        "EBIT": 285,
        "Net Income": 108
    },
    "2014-06-30": {
        "Diluted EPS": -1.66,
        "Total Revenue": 611,
        "Gross Profit": 328,
        "Operating Income": 240,
        "EBIT": 268,
        "Net Income": -95
    },
    "2014-03-31": {
        "Diluted EPS": 1.49,
        "Total Revenue": 591,
        "Gross Profit": 308,
        "Operating Income": 218,
        "EBIT": 248,
        "Net Income": 85
    },
    "2013-12-31": {
        "Diluted EPS": 1.44,
        "Total Revenue": 529,
        "Gross Profit": 284,
        "Operating Income": 211,
        "EBIT": 238,
        "Net Income": 82
    },
    "2013-09-30": {
        "Diluted EPS": -0.23,
        "Total Revenue": 540,
        "Gross Profit": 283,
        "Operating Income": 206,
        "EBIT": 233,
        "Net Income": -11
    },
    "2013-06-30": {
        "Diluted EPS": 0.71,
        "Total Revenue": 489,
        "Gross Profit": 269,
        "Operating Income": 177,
        "EBIT": 195,
        "Net Income": 39
    },
    "2013-03-31": {
        "Diluted EPS": 1.25,
        "Total Revenue": 466,
        "Gross Profit": 259,
        "Operating Income": 194,
        "EBIT": 214,
        "Net Income": 68
    },
    "2012-12-31": {
        "Diluted EPS": 0.66,
        "Total Revenue": 430,
        "Gross Profit": 239,
        "Operating Income": 173,
        "EBIT": 194,
        "Net Income": 36
    },
    "2012-09-30": {
        "Diluted EPS": 1.63,
        "Total Revenue": 463,
        "Gross Profit": 257,
        "Operating Income": 191,
        "EBIT": 212,
        "Net Income": 88
    },
    "2012-06-30": {
        "Diluted EPS": 1.68,
        "Total Revenue": 462,
        "Gross Profit": 253,
        "Operating Income": 186,
        "EBIT": 207,
        "Net Income": 90
    },
    "2012-03-31": {
        "Diluted EPS": 1.51,
        "Total Revenue": 423,
        "Gross Profit": 236,
        "Operating Income": 177,
        "EBIT": 196,
        "Net Income": 82
    },
    "2011-12-31": {
        "Diluted EPS": 1.15,
        "Total Revenue": 352,
        "Gross Profit": 200,
        "Operating Income": 145,
        "EBIT": 166,
        "Net Income": 62
    },
    "2011-09-30": {
        "Diluted EPS": 1.26,
        "Total Revenue": 343,
        "Gross Profit": 193,
        "Operating Income": 142,
        "EBIT": 163,
        "Net Income": 67
    },
    "2011-06-30": {
        "Diluted EPS": 1.06,
        "Total Revenue": 325,
        "Gross Profit": 183,
        "Operating Income": 139,
        "EBIT": 159,
        "Net Income": 56
    },
    "2011-03-31": {
        "Diluted EPS": 1.04,
        "Total Revenue": 304,
        "Gross Profit": 158,
        "Operating Income": 113,
        "EBIT": 132,
        "Net Income": 56
    },
    "2010-12-31": {
        "Diluted EPS": -0.19,
        "Total Revenue": 234,
        "Gross Profit": 127,
        "Operating Income": 92,
        "EBIT": 103,
        "Net Income": -10
    },
    "2010-09-30": {
        "Diluted EPS": 0.96,
        "Total Revenue": 223,
        "Gross Profit": 132,
        "Operating Income": 103,
        "EBIT": 113,
        "Net Income": 51
    },
    "2010-06-30": {
        "Diluted EPS": 0.83,
        "Total Revenue": 214,
        "Gross Profit": 122,
        "Operating Income": 95,
        "EBIT": 105,
        "Net Income": 44
    },
    "2010-03-31": {
        "Diluted EPS": 0.72,
        "Total Revenue": 206,
        "Gross Profit": 115,
        "Operating Income": 88,
        "EBIT": 97,
        "Net Income": 38
    },
    "2009-12-31": {
        "Diluted EPS": 0.01,
        "Total Revenue": 184,
        "Gross Profit": 103,
        "Operating Income": 76,
        "EBIT": 86,
        "Net Income": 0
    },
    "2009-09-30": {
        "Diluted EPS": 0.79,
        "Total Revenue": 197,
        "Gross Profit": 108,
        "Operating Income": 83,
        "EBIT": 91,
        "Net Income": 42
    },
    "2009-06-30": {
        "Diluted EPS": 0.79,
        "Total Revenue": 190,
        "Gross Profit": 108,
        "Operating Income": 85,
        "EBIT": 93,
        "Net Income": 41
    },
    "2009-03-31": {
        "Diluted EPS": 0.77,
        "Total Revenue": 193,
        "Gross Profit": 109,
        "Operating Income": 85,
        "EBIT": 92,
        "Net Income": 40
    },
    "2023-06-30": {
        "Tax Effect Of Unusual Items": NaN,
        "Tax Rate For Calcs": NaN,
        "Normalized EBITDA": NaN,
        "Total Unusual Items": NaN,
        "Total Unusual Items Excluding Goodwill": NaN,
        "Net Income From Continuing Operation Net Minority Interest": NaN,
        "Reconciled Depreciation": NaN,
        "Reconciled Cost Of Revenue": NaN,
        "EBITDA": NaN,
        "EBIT": NaN,
        "Net Interest Income": NaN,
        "Interest Expense": NaN,
        "Normalized Income": NaN,
        "Net Income From Continuing And Discontinued Operation": NaN,
        "Total Expenses": NaN,
        "Total Operating Income As Reported": NaN,
        "Diluted Average Shares": NaN,
        "Basic Average Shares": NaN,
        "Diluted EPS": NaN,
        "Basic EPS": NaN,
        "Diluted NI Availto Com Stockholders": NaN,
        "Net Income Common Stockholders": NaN,
        "Otherunder Preferred Stock Dividend": NaN,
        "Net Income": NaN,
        "Minority Interests": NaN,
        "Net Income Including Noncontrolling Interests": NaN,
        "Net Income Discontinuous Operations": 0.0,
        "Net Income Continuous Operations": NaN,
        "Tax Provision": NaN,
        "Pretax Income": NaN,
        "Other Income Expense": NaN,
        "Other Non Operating Income Expenses": NaN,
        "Special Income Charges": NaN,
        "Write Off": NaN,
        "Restructuring And Mergern Acquisition": NaN,
        "Net Non Operating Interest Income Expense": NaN,
        "Total Other Finance Cost": 32000000.0,
        "Interest Expense Non Operating": NaN,
        "Operating Income": NaN,
        "Operating Expense": NaN,
        "Depreciation Amortization Depletion Income Statement": NaN,
        "Depreciation And Amortization In Income Statement": NaN,
        "Amortization": NaN,
        "Amortization Of Intangibles Income Statement": NaN,
        "Selling General And Administration": NaN,
        "General And Administrative Expense": NaN,
        "Other Gand A": NaN,
        "Salaries And Wages": NaN,
        "Gross Profit": NaN,
        "Cost Of Revenue": NaN,
        "Total Revenue": NaN,
        "Operating Revenue": NaN
    },
    "2023-09-30": {
        "Tax Effect Of Unusual Items": NaN,
        "Tax Rate For Calcs": NaN,
        "Normalized EBITDA": NaN,
        "Total Unusual Items": NaN,
        "Total Unusual Items Excluding Goodwill": NaN,
        "Net Income From Continuing Operation Net Minority Interest": NaN,
        "Reconciled Depreciation": NaN,
        "Reconciled Cost Of Revenue": NaN,
        "EBITDA": NaN,
        "EBIT": NaN,
        "Net Interest Income": NaN,
        "Interest Expense": NaN,
        "Normalized Income": NaN,
        "Net Income From Continuing And Discontinued Operation": NaN,
        "Total Expenses": NaN,
        "Total Operating Income As Reported": NaN,
        "Diluted Average Shares": NaN,
        "Basic Average Shares": NaN,
        "Diluted EPS": NaN,
        "Basic EPS": NaN,
        "Diluted NI Availto Com Stockholders": NaN,
        "Net Income Common Stockholders": NaN,
        "Otherunder Preferred Stock Dividend": NaN,
        "Net Income": NaN,
        "Minority Interests": NaN,
        "Net Income Including Noncontrolling Interests": NaN,
        "Net Income Discontinuous Operations": 0.0,
        "Net Income Continuous Operations": NaN,
        "Tax Provision": NaN,
        "Pretax Income": NaN,
        "Other Income Expense": NaN,
        "Other Non Operating Income Expenses": NaN,
        "Special Income Charges": NaN,
        "Write Off": -1000000.0,
        "Restructuring And Mergern Acquisition": NaN,
        "Net Non Operating Interest Income Expense": NaN,
        "Total Other Finance Cost": 15000000.0,
        "Interest Expense Non Operating": NaN,
        "Operating Income": NaN,
        "Operating Expense": NaN,
        "Depreciation Amortization Depletion Income Statement": NaN,
        "Depreciation And Amortization In Income Statement": NaN,
        "Amortization": NaN,
        "Amortization Of Intangibles Income Statement": NaN,
        "Selling General And Administration": NaN,
        "General And Administrative Expense": NaN,
        "Other Gand A": NaN,
        "Salaries And Wages": NaN,
        "Gross Profit": NaN,
        "Cost Of Revenue": NaN,
        "Total Revenue": NaN,
        "Operating Revenue": NaN
    },
    "2023-12-31": {
        "Tax Effect Of Unusual Items": -217000.0,
        "Tax Rate For Calcs": 0.217,
        "Normalized EBITDA": 860000000.0,
        "Total Unusual Items": -1000000.0,
        "Total Unusual Items Excluding Goodwill": -1000000.0,
        "Net Income From Continuing Operation Net Minority Interest": 382000000.0,
        "Reconciled Depreciation": 71000000.0,
        "Reconciled Cost Of Revenue": 711000000.0,
        "EBITDA": 859000000.0,
        "EBIT": 788000000.0,
        "Net Interest Income": -300000000.0,
        "Interest Expense": 300000000.0,
        "Normalized Income": 382783000.0,
        "Net Income From Continuing And Discontinued Operation": 382000000.0,
        "Total Expenses": 1001000000.0,
        "Total Operating Income As Reported": 787000000.0,
        "Diluted Average Shares": 57700000.0,
        "Basic Average Shares": 57700000.0,
        "Diluted EPS": 4.87,
        "Basic EPS": 4.87,
        "Diluted NI Availto Com Stockholders": 281000000.0,
        "Net Income Common Stockholders": 281000000.0,
        "Otherunder Preferred Stock Dividend": 101000000.0,
        "Net Income": 382000000.0,
        "Minority Interests": 0.0,
        "Net Income Including Noncontrolling Interests": 382000000.0,
        "Net Income Discontinuous Operations": NaN,
        "Net Income Continuous Operations": 382000000.0,
        "Tax Provision": 106000000.0,
        "Pretax Income": 488000000.0,
        "Other Income Expense": 1000000.0,
        "Other Non Operating Income Expenses": 1000000.0,
        "Special Income Charges": -1000000.0,
        "Write Off": NaN,
        "Restructuring And Mergern Acquisition": 1000000.0,
        "Net Non Operating Interest Income Expense": -300000000.0,
        "Total Other Finance Cost": NaN,
        "Interest Expense Non Operating": 300000000.0,
        "Operating Income": 788000000.0,
        "Operating Expense": 254000000.0,
        "Depreciation Amortization Depletion Income Statement": 35000000.0,
        "Depreciation And Amortization In Income Statement": 35000000.0,
        "Amortization": 35000000.0,
        "Amortization Of Intangibles Income Statement": 35000000.0,
        "Selling General And Administration": 219000000.0,
        "General And Administrative Expense": 219000000.0,
        "Other Gand A": 174000000.0,
        "Salaries And Wages": 45000000.0,
        "Gross Profit": 1042000000.0,
        "Cost Of Revenue": 747000000.0,
        "Total Revenue": 1789000000.0,
        "Operating Revenue": 1789000000.0
    },
    "2024-03-31": {
        "Tax Effect Of Unusual Items": NaN,
        "Tax Rate For Calcs": NaN,
        "Normalized EBITDA": NaN,
        "Total Unusual Items": NaN,
        "Total Unusual Items Excluding Goodwill": NaN,
        "Net Income From Continuing Operation Net Minority Interest": NaN,
        "Reconciled Depreciation": NaN,
        "Reconciled Cost Of Revenue": NaN,
        "EBITDA": NaN,
        "EBIT": NaN,
        "Net Interest Income": NaN,
        "Interest Expense": NaN,
        "Normalized Income": NaN,
        "Net Income From Continuing And Discontinued Operation": NaN,
        "Total Expenses": NaN,
        "Total Operating Income As Reported": NaN,
        "Diluted Average Shares": NaN,
        "Basic Average Shares": NaN,
        "Diluted EPS": NaN,
        "Basic EPS": NaN,
        "Diluted NI Availto Com Stockholders": NaN,
        "Net Income Common Stockholders": NaN,
        "Otherunder Preferred Stock Dividend": NaN,
        "Net Income": NaN,
        "Minority Interests": NaN,
        "Net Income Including Noncontrolling Interests": NaN,
        "Net Income Continuous Operations": NaN,
        "Tax Provision": NaN,
        "Pretax Income": NaN,
        "Other Income Expense": NaN,
        "Other Non Operating Income Expenses": 6000000.0,
        "Special Income Charges": NaN,
        "Write Off": NaN,
        "Restructuring And Mergern Acquisition": NaN,
        "Net Non Operating Interest Income Expense": NaN,
        "Total Other Finance Cost": 28000000.0,
        "Interest Expense Non Operating": NaN,
        "Operating Income": NaN,
        "Operating Expense": NaN,
        "Depreciation Amortization Depletion Income Statement": NaN,
        "Depreciation And Amortization In Income Statement": NaN,
        "Amortization": NaN,
        "Amortization Of Intangibles Income Statement": NaN,
        "Selling General And Administration": NaN,
        "General And Administrative Expense": NaN,
        "Other Gand A": NaN,
        "Salaries And Wages": NaN,
        "Gross Profit": NaN,
        "Cost Of Revenue": NaN,
        "Total Revenue": NaN,
        "Operating Revenue": NaN
    },
    "2024-06-30": {
        "Tax Effect Of Unusual Items": -4918604.651163,
        "Tax Rate For Calcs": 0.234219,
        "Normalized EBITDA": 1015000000.0,
        "Total Unusual Items": -21000000.0,
        "Total Unusual Items Excluding Goodwill": -21000000.0,
        "Net Income From Continuing Operation Net Minority Interest": 461000000.0,
        "Reconciled Depreciation": 76000000.0,
        "Reconciled Cost Of Revenue": 788000000.0,
        "EBITDA": 994000000.0,
        "EBIT": 918000000.0,
        "Net Interest Income": -346000000.0,
        "Interest Expense": 316000000.0,
        "Normalized Income": 477081395.348837,
        "Net Income From Continuing And Discontinued Operation": 461000000.0,
        "Total Expenses": 1091000000.0,
        "Total Operating Income As Reported": 934000000.0,
        "Diluted Average Shares": 57900000.0,
        "Basic Average Shares": 57900000.0,
        "Diluted EPS": 7.96,
        "Basic EPS": 7.96,
        "Diluted NI Availto Com Stockholders": 461000000.0,
        "Net Income Common Stockholders": 461000000.0,
        "Otherunder Preferred Stock Dividend": 0.0,
        "Net Income": 461000000.0,
        "Minority Interests": 0.0,
        "Net Income Including Noncontrolling Interests": 461000000.0,
        "Net Income Continuous Operations": 461000000.0,
        "Tax Provision": 141000000.0,
        "Pretax Income": 602000000.0,
        "Other Income Expense": -7000000.0,
        "Other Non Operating Income Expenses": 14000000.0,
        "Special Income Charges": -21000000.0,
        "Write Off": NaN,
        "Restructuring And Mergern Acquisition": 21000000.0,
        "Net Non Operating Interest Income Expense": -346000000.0,
        "Total Other Finance Cost": 30000000.0,
        "Interest Expense Non Operating": 316000000.0,
        "Operating Income": 955000000.0,
        "Operating Expense": 265000000.0,
        "Depreciation Amortization Depletion Income Statement": 38000000.0,
        "Depreciation And Amortization In Income Statement": 38000000.0,
        "Amortization": 38000000.0,
        "Amortization Of Intangibles Income Statement": 38000000.0,
        "Selling General And Administration": 227000000.0,
        "General And Administrative Expense": 227000000.0,
        "Other Gand A": 184000000.0,
        "Salaries And Wages": 43000000.0,
        "Gross Profit": 1220000000.0,
        "Cost Of Revenue": 826000000.0,
        "Total Revenue": 2046000000.0,
        "Operating Revenue": 2046000000.0
    },
    "2024-09-30": {
        "Tax Effect Of Unusual Items": -2965289.256198,
        "Tax Rate For Calcs": 0.228099,
        "Normalized EBITDA": 1054000000.0,
        "Total Unusual Items": -13000000.0,
        "Total Unusual Items Excluding Goodwill": -13000000.0,
        "Net Income From Continuing Operation Net Minority Interest": 468000000.0,
        "Reconciled Depreciation": 93000000.0,
        "Reconciled Cost Of Revenue": 885000000.0,
        "EBITDA": 1041000000.0,
        "EBIT": 948000000.0,
        "Net Interest Income": -342000000.0,
        "Interest Expense": 343000000.0,
        "Normalized Income": 478034710.743802,
        "Net Income From Continuing And Discontinued Operation": 468000000.0,
        "Total Expenses": 1230000000.0,
        "Total Operating Income As Reported": 943000000.0,
        "Diluted Average Shares": 58000000.0,
        "Basic Average Shares": 58000000.0,
        "Diluted EPS": 5.8,
        "Basic EPS": 5.8,
        "Diluted NI Availto Com Stockholders": 336000000.0,
        "Net Income Common Stockholders": 336000000.0,
        "Otherunder Preferred Stock Dividend": 132000000.0,
        "Net Income": 468000000.0,
        "Minority Interests": 1000000.0,
        "Net Income Including Noncontrolling Interests": 467000000.0,
        "Net Income Continuous Operations": 467000000.0,
        "Tax Provision": 138000000.0,
        "Pretax Income": 605000000.0,
        "Other Income Expense": -9000000.0,
        "Other Non Operating Income Expenses": 4000000.0,
        "Special Income Charges": -13000000.0,
        "Write Off": 1000000.0,
        "Restructuring And Mergern Acquisition": 12000000.0,
        "Net Non Operating Interest Income Expense": -342000000.0,
        "Total Other Finance Cost": -1000000.0,
        "Interest Expense Non Operating": 343000000.0,
        "Operating Income": 956000000.0,
        "Operating Expense": 303000000.0,
        "Depreciation Amortization Depletion Income Statement": 51000000.0,
        "Depreciation And Amortization In Income Statement": 51000000.0,
        "Amortization": 51000000.0,
        "Amortization Of Intangibles Income Statement": 51000000.0,
        "Selling General And Administration": 252000000.0,
        "General And Administrative Expense": 252000000.0,
        "Other Gand A": 198000000.0,
        "Salaries And Wages": 54000000.0,
        "Gross Profit": 1259000000.0,
        "Cost Of Revenue": 927000000.0,
        "Total Revenue": 2186000000.0,
        "Operating Revenue": 2186000000.0
    },
    "2024-12-31": {
        "Tax Effect Of Unusual Items": -816000.0,
        "Tax Rate For Calcs": 0.204,
        "Normalized EBITDA": 1091000000.0,
        "Total Unusual Items": -4000000.0,
        "Total Unusual Items Excluding Goodwill": -4000000.0,
        "Net Income From Continuing Operation Net Minority Interest": 493000000.0,
        "Reconciled Depreciation": 90000000.0,
        "Reconciled Cost Of Revenue": 731000000.0,
        "EBITDA": 1087000000.0,
        "EBIT": 997000000.0,
        "Net Interest Income": -378000000.0,
        "Interest Expense": 378000000.0,
        "Normalized Income": 496184000.0,
        "Net Income From Continuing And Discontinued Operation": 493000000.0,
        "Total Expenses": 1028000000.0,
        "Total Operating Income As Reported": 974000000.0,
        "Diluted Average Shares": 58300000.0,
        "Basic Average Shares": 58300000.0,
        "Diluted EPS": 7.62,
        "Basic EPS": 7.62,
        "Diluted NI Availto Com Stockholders": 444000000.0,
        "Net Income Common Stockholders": 444000000.0,
        "Otherunder Preferred Stock Dividend": 49000000.0,
        "Net Income": 493000000.0,
        "Minority Interests": 0.0,
        "Net Income Including Noncontrolling Interests": 493000000.0,
        "Net Income Continuous Operations": 493000000.0,
        "Tax Provision": 126000000.0,
        "Pretax Income": 619000000.0,
        "Other Income Expense": 19000000.0,
        "Other Non Operating Income Expenses": 23000000.0,
        "Special Income Charges": -4000000.0,
        "Write Off": NaN,
        "Restructuring And Mergern Acquisition": 4000000.0,
        "Net Non Operating Interest Income Expense": -378000000.0,
        "Total Other Finance Cost": NaN,
        "Interest Expense Non Operating": 378000000.0,
        "Operating Income": 978000000.0,
        "Operating Expense": 257000000.0,
        "Depreciation Amortization Depletion Income Statement": 50000000.0,
        "Depreciation And Amortization In Income Statement": 50000000.0,
        "Amortization": 50000000.0,
        "Amortization Of Intangibles Income Statement": 50000000.0,
        "Selling General And Administration": 207000000.0,
        "General And Administrative Expense": 207000000.0,
        "Other Gand A": 184000000.0,
        "Salaries And Wages": 23000000.0,
        "Gross Profit": 1235000000.0,
        "Cost Of Revenue": 771000000.0,
        "Total Revenue": 2006000000.0,
        "Operating Revenue": 2006000000.0
    },
    "2025-03-31": {
        "Tax Effect Of Unusual Items": -1150000.0,
        "Tax Rate For Calcs": 0.23,
        "Normalized EBITDA": 1094000000.0,
        "Total Unusual Items": -5000000.0,
        "Total Unusual Items Excluding Goodwill": -5000000.0,
        "Net Income From Continuing Operation Net Minority Interest": 479000000.0,
        "Reconciled Depreciation": 89000000.0,
        "Reconciled Cost Of Revenue": 834000000.0,
        "EBITDA": 1089000000.0,
        "EBIT": 1000000000.0,
        "Net Interest Income": -378000000.0,
        "Interest Expense": 378000000.0,
        "Normalized Income": 482850000.0,
        "Net Income From Continuing And Discontinued Operation": 479000000.0,
        "Total Expenses": 1154000000.0,
        "Total Operating Income As Reported": 991000000.0,
        "Diluted Average Shares": 58100000.0,
        "Basic Average Shares": 58100000.0,
        "Diluted EPS": 8.24,
        "Basic EPS": 8.24,
        "Diluted NI Availto Com Stockholders": 479000000.0,
        "Net Income Common Stockholders": 479000000.0,
        "Otherunder Preferred Stock Dividend": 0.0,
        "Net Income": 479000000.0,
        "Minority Interests": 0.0,
        "Net Income Including Noncontrolling Interests": 479000000.0,
        "Net Income Continuous Operations": 479000000.0,
        "Tax Provision": 143000000.0,
        "Pretax Income": 622000000.0,
        "Other Income Expense": 4000000.0,
        "Other Non Operating Income Expenses": 9000000.0,
        "Special Income Charges": -5000000.0,
        "Write Off": NaN,
        "Restructuring And Mergern Acquisition": 5000000.0,
        "Net Non Operating Interest Income Expense": -378000000.0,
        "Total Other Finance Cost": NaN,
        "Interest Expense Non Operating": 378000000.0,
        "Operating Income": 996000000.0,
        "Operating Expense": 278000000.0,
        "Depreciation Amortization Depletion Income Statement": 47000000.0,
        "Depreciation And Amortization In Income Statement": 47000000.0,
        "Amortization": 47000000.0,
        "Amortization Of Intangibles Income Statement": 47000000.0,
        "Selling General And Administration": 231000000.0,
        "General And Administrative Expense": 231000000.0,
        "Other Gand A": 188000000.0,
        "Salaries And Wages": 43000000.0,
        "Gross Profit": 1274000000.0,
        "Cost Of Revenue": 876000000.0,
        "Total Revenue": 2150000000.0,
        "Operating Revenue": 2150000000.0
    },
    "2025-06-30": {
        "Tax Effect Of Unusual Items": -1341732.283465,
        "Tax Rate For Calcs": 0.223622,
        "Normalized EBITDA": 1130000000.0,
        "Total Unusual Items": -6000000.0,
        "Total Unusual Items Excluding Goodwill": -6000000.0,
        "Net Income From Continuing Operation Net Minority Interest": 492000000.0,
        "Reconciled Depreciation": 92000000.0,
        "Reconciled Cost Of Revenue": 864000000.0,
        "EBITDA": 1124000000.0,
        "EBIT": 1032000000.0,
        "Net Interest Income": -404000000.0,
        "Interest Expense": 397000000.0,
        "Normalized Income": 496658267.716535,
        "Net Income From Continuing And Discontinued Operation": 492000000.0,
        "Total Expenses": 1192000000.0,
        "Total Operating Income As Reported": 1039000000.0,
        "Diluted Average Shares": 58100000.0,
        "Basic Average Shares": 58100000.0,
        "Diluted EPS": 8.47,
        "Basic EPS": 8.47,
        "Diluted NI Availto Com Stockholders": 492000000.0,
        "Net Income Common Stockholders": 492000000.0,
        "Otherunder Preferred Stock Dividend": 0.0,
        "Net Income": 492000000.0,
        "Minority Interests": -1000000.0,
        "Net Income Including Noncontrolling Interests": 493000000.0,
        "Net Income Continuous Operations": 493000000.0,
        "Tax Provision": 142000000.0,
        "Pretax Income": 635000000.0,
        "Other Income Expense": -6000000.0,
        "Other Non Operating Income Expenses": NaN,
        "Special Income Charges": -6000000.0,
        "Write Off": NaN,
        "Restructuring And Mergern Acquisition": 6000000.0,
        "Net Non Operating Interest Income Expense": -404000000.0,
        "Total Other Finance Cost": 7000000.0,
        "Interest Expense Non Operating": 397000000.0,
        "Operating Income": 1045000000.0,
        "Operating Expense": 287000000.0,
        "Depreciation Amortization Depletion Income Statement": 51000000.0,
        "Depreciation And Amortization In Income Statement": 51000000.0,
        "Amortization": 51000000.0,
        "Amortization Of Intangibles Income Statement": 51000000.0,
        "Selling General And Administration": 236000000.0,
        "General And Administrative Expense": 236000000.0,
        "Other Gand A": 190000000.0,
        "Salaries And Wages": 46000000.0,
        "Gross Profit": 1332000000.0,
        "Cost Of Revenue": 905000000.0,
        "Total Revenue": 2237000000.0,
        "Operating Revenue": 2237000000.0
    }
}