{
    "2023-03-31": {
        "Tax Effect Of Unusual Items": 0.0,
        "Tax Rate For Calcs": 0.21,
        "Normalized EBITDA": -16026000.0,
        "Net Income From Continuing Operation Net Minority Interest": -19793000.0,
        "Reconciled Depreciation": 3681000.0,
        "Reconciled Cost Of Revenue": 24829000.0,
        "EBITDA": -16026000.0,
        "EBIT": -19707000.0,
        "Net Interest Income": -77000.0,
        "Interest Expense": 77000.0,
        "Normalized Income": -19793000.0,
        "Net Income From Continuing And Discontinued Operation": -19793000.0,
        "Total Expenses": 96105000.0,
        "Total Operating Income As Reported": -20183000.0,
        "Diluted Average Shares": 101984000.0,
        "Basic Average Shares": 101984000.0,
        "Diluted EPS": -0.19,
        "Basic EPS": -0.19,
        "Diluted NI Availto Com Stockholders": -19793000.0,
        "Net Income Common Stockholders": -19793000.0,
        "Net Income": -19793000.0,
        "Net Income Including Noncontrolling Interests": -19793000.0,
        "Net Income Continuous Operations": -19793000.0,
        "Tax Provision": 9000.0,
        "Pretax Income": -19784000.0,
        "Other Income Expense": 476000.0,
        "Other Non Operating Income Expenses": 476000.0,
        "Net Non Operating Interest Income Expense": -77000.0,
        "Interest Expense Non Operating": 77000.0,
        "Operating Income": -20183000.0,
        "Operating Expense": 71276000.0,
        "Other Operating Expenses": 38347000.0,
        "Selling General And Administration": 32929000.0,
        "Selling And Marketing Expense": 16870000.0,
        "General And Administrative Expense": 16059000.0,
        "Other Gand A": 16059000.0,
        "Gross Profit": 51093000.0,
        "Cost Of Revenue": 24829000.0,
        "Total Revenue": 75922000.0,
        "Operating Revenue": 75922000.0
    },
    "2022-12-31": {
        "Tax Effect Of Unusual Items": NaN,
        "Tax Rate For Calcs": NaN,
        "Normalized EBITDA": NaN,
        "Net Income From Continuing Operation Net Minority Interest": NaN,
        "Reconciled Depreciation": NaN,
        "Reconciled Cost Of Revenue": NaN,
        "EBITDA": NaN,
        "EBIT": NaN,
        "Net Interest Income": NaN,
        "Interest Expense": NaN,
        "Normalized Income": NaN,
        "Net Income From Continuing And Discontinued Operation": NaN,
        "Total Expenses": NaN,
        "Total Operating Income As Reported": NaN,
        "Diluted Average Shares": 101027000.0,
        "Basic Average Shares": 101027000.0,
        "Diluted EPS": -0.19,
        "Basic EPS": -0.19,
        "Diluted NI Availto Com Stockholders": NaN,
        "Net Income Common Stockholders": NaN,
        "Net Income": NaN,
        "Net Income Including Noncontrolling Interests": NaN,
        "Net Income Continuous Operations": NaN,
        "Tax Provision": NaN,
        "Pretax Income": NaN,
        "Other Income Expense": NaN,
        "Other Non Operating Income Expenses": NaN,
        "Net Non Operating Interest Income Expense": NaN,
        "Interest Expense Non Operating": NaN,
        "Operating Income": NaN,
        "Operating Expense": NaN,
        "Other Operating Expenses": NaN,
        "Selling General And Administration": NaN,
        "Selling And Marketing Expense": NaN,
        "General And Administrative Expense": NaN,
        "Other Gand A": NaN,
        "Gross Profit": NaN,
        "Cost Of Revenue": NaN,
        "Total Revenue": NaN,
        "Operating Revenue": NaN
    },
    "2022-09-30": {
        "Tax Effect Of Unusual Items": 0.0,
        "Tax Rate For Calcs": 0.4,
        "Normalized EBITDA": -20027000.0,
        "Net Income From Continuing Operation Net Minority Interest": -23678000.0,
        "Reconciled Depreciation": 3539000.0,
        "Reconciled Cost Of Revenue": 23449000.0,
        "EBITDA": -20027000.0,
        "EBIT": -23566000.0,
        "Net Interest Income": -103000.0,
        "Interest Expense": 103000.0,
        "Normalized Income": -23678000.0,
        "Net Income From Continuing And Discontinued Operation": -23678000.0,
        "Total Expenses": 92135000.0,
        "Total Operating Income As Reported": -24190000.0,
        "Diluted Average Shares": 100253000.0,
        "Basic Average Shares": 100253000.0,
        "Diluted EPS": -0.24,
        "Basic EPS": -0.24,
        "Diluted NI Availto Com Stockholders": -23678000.0,
        "Net Income Common Stockholders": -23678000.0,
        "Net Income": -23678000.0,
        "Net Income Including Noncontrolling Interests": -23678000.0,
        "Net Income Continuous Operations": -23678000.0,
        "Tax Provision": 9000.0,
        "Pretax Income": -23669000.0,
        "Other Income Expense": 624000.0,
        "Other Non Operating Income Expenses": 624000.0,
        "Net Non Operating Interest Income Expense": -103000.0,
        "Interest Expense Non Operating": 103000.0,
        "Operating Income": -24190000.0,
        "Operating Expense": 68686000.0,
        "Other Operating Expenses": 38702000.0,
        "Selling General And Administration": 29984000.0,
        "Selling And Marketing Expense": 14752000.0,
        "General And Administrative Expense": 15232000.0,
        "Other Gand A": 15232000.0,
        "Gross Profit": 44496000.0,
        "Cost Of Revenue": 23449000.0,
        "Total Revenue": 67945000.0,
        "Operating Revenue": 67945000.0
    },
    "2022-06-30": {
        "Tax Effect Of Unusual Items": 0.0,
        "Tax Rate For Calcs": 0.4,
        "Normalized EBITDA": -24745000.0,
        "Net Income From Continuing Operation Net Minority Interest": -28399000.0,
        "Reconciled Depreciation": 3407000.0,
        "Reconciled Cost Of Revenue": 23773000.0,
        "EBITDA": -24745000.0,
        "EBIT": -28152000.0,
        "Net Interest Income": -238000.0,
        "Interest Expense": 238000.0,
        "Normalized Income": -28399000.0,
        "Net Income From Continuing And Discontinued Operation": -28399000.0,
        "Total Expenses": 104754000.0,
        "Total Operating Income As Reported": -28333000.0,
        "Diluted Average Shares": 99331000.0,
        "Basic Average Shares": 99331000.0,
        "Diluted EPS": -0.29,
        "Basic EPS": -0.29,
        "Diluted NI Availto Com Stockholders": -28399000.0,
        "Net Income Common Stockholders": -28399000.0,
        "Net Income": -28399000.0,
        "Net Income Including Noncontrolling Interests": -28399000.0,
        "Net Income Continuous Operations": -28399000.0,
        "Tax Provision": 9000.0,
        "Pretax Income": -28390000.0,
        "Other Income Expense": 181000.0,
        "Other Non Operating Income Expenses": 181000.0,
        "Net Non Operating Interest Income Expense": -238000.0,
        "Interest Expense Non Operating": 238000.0,
        "Operating Income": -28333000.0,
        "Operating Expense": 80981000.0,
        "Other Operating Expenses": 547000.0,
        "Selling General And Administration": 80434000.0,
        "Selling And Marketing Expense": 16172000.0,
        "General And Administrative Expense": 64262000.0,
        "Other Gand A": 22343000.0,
        "Salaries And Wages": 41919000.0,
        "Gross Profit": 52648000.0,
        "Cost Of Revenue": 23773000.0,
        "Total Revenue": 76421000.0,
        "Operating Revenue": 76421000.0
    },
    "2022-03-31": {
        "Diluted EPS": -0.21,
        "Total Revenue": 73,
        "Gross Profit": 50,
        "Operating Income": -21,
        "EBIT": -16,
        "Net Income": -21
    },
    "2021-12-31": {
        "Diluted EPS": 0.34,
        "Total Revenue": 73,
        "Gross Profit": 48,
        "Operating Income": -18,
        "EBIT": -15,
        "Net Income": -18
    },
    "2021-09-30": {
        "Diluted EPS": -0.15,
        "Total Revenue": 63,
        "Gross Profit": 46,
        "Operating Income": -15,
        "EBIT": -12,
        "Net Income": -15
    },
    "2021-06-30": {
        "Diluted EPS": -0.15,
        "Total Revenue": 60,
        "Gross Profit": 44,
        "Operating Income": -14,
        "EBIT": -11,
        "Net Income": -14
    },
    "2021-03-31": {
        "Diluted EPS": -0.86,
        "Total Revenue": 56,
        "Gross Profit": 40,
        "Operating Income": -15,
        "EBIT": -11,
        "Net Income": -16
    },
    "2020-12-31": {
        "Diluted EPS": -1.37,
        "Total Revenue": 43,
        "Gross Profit": 30,
        "Operating Income": -16,
        "EBIT": -13,
        "Net Income": -17
    },
    "2020-09-30": {
        "Diluted EPS": -0.93,
        "Total Revenue": 47,
        "Gross Profit": 33,
        "Operating Income": -11,
        "EBIT": -8,
        "Net Income": -11
    },
    "2020-06-30": {
        "Diluted EPS": -0.61,
        "Total Revenue": 47,
        "Gross Profit": 33,
        "Operating Income": -6,
        "EBIT": -4,
        "Net Income": -7
    },
    "2020-03-31": {
        "Diluted EPS": -1.23,
        "Total Revenue": 48,
        "Gross Profit": 33,
        "Operating Income": -13,
        "EBIT": -11,
        "Net Income": -13
    },
    "2019-12-31": {
        "Diluted EPS": 0.0,
        "Total Revenue": NaN,
        "Gross Profit": NaN,
        "Operating Income": NaN,
        "EBIT": NaN,
        "Net Income": NaN
    },
    "2018-12-31": {
        "Diluted EPS": 0.0,
        "Total Revenue": NaN,
        "Gross Profit": NaN,
        "Operating Income": NaN,
        "EBIT": NaN,
        "Net Income": NaN
    },
    "2023-06-30": {
        "Tax Effect Of Unusual Items": 0.0,
        "Tax Rate For Calcs": 0.21,
        "Normalized EBITDA": -13191000.0,
        "Net Income From Continuing Operation Net Minority Interest": -18760000.0,
        "Reconciled Depreciation": 4836000.0,
        "Reconciled Cost Of Revenue": 26926000.0,
        "EBITDA": -13191000.0,
        "EBIT": -18027000.0,
        "Net Interest Income": -721000.0,
        "Interest Expense": 721000.0,
        "Normalized Income": -18760000.0,
        "Net Income From Continuing And Discontinued Operation": -18760000.0,
        "Total Expenses": 101370000.0,
        "Total Operating Income As Reported": -18712000.0,
        "Diluted Average Shares": 103905000.0,
        "Basic Average Shares": 103905000.0,
        "Diluted EPS": -0.18,
        "Basic EPS": -0.18,
        "Diluted NI Availto Com Stockholders": -18760000.0,
        "Net Income Common Stockholders": -18760000.0,
        "Net Income": -18760000.0,
        "Net Income Including Noncontrolling Interests": -18760000.0,
        "Net Income Continuous Operations": -18760000.0,
        "Tax Provision": 12000.0,
        "Pretax Income": -18748000.0,
        "Other Income Expense": 685000.0,
        "Other Non Operating Income Expenses": 685000.0,
        "Net Non Operating Interest Income Expense": -721000.0,
        "Interest Expense Non Operating": 721000.0,
        "Operating Income": -18712000.0,
        "Operating Expense": 74444000.0,
        "Other Operating Expenses": 39771000.0,
        "Selling General And Administration": 34673000.0,
        "Selling And Marketing Expense": 18643000.0,
        "General And Administrative Expense": 16030000.0,
        "Other Gand A": 16030000.0,
        "Gross Profit": 55732000.0,
        "Cost Of Revenue": 26926000.0,
        "Total Revenue": 82658000.0,
        "Operating Revenue": 82658000.0
    },
    "2023-09-30": {
        "Tax Effect Of Unusual Items": NaN,
        "Tax Rate For Calcs": NaN,
        "Normalized EBITDA": NaN,
        "Total Unusual Items": 0.0,
        "Total Unusual Items Excluding Goodwill": 0.0,
        "Net Income From Continuing Operation Net Minority Interest": NaN,
        "Reconciled Depreciation": NaN,
        "Reconciled Cost Of Revenue": NaN,
        "EBITDA": NaN,
        "EBIT": NaN,
        "Net Interest Income": NaN,
        "Interest Expense": NaN,
        "Normalized Income": NaN,
        "Net Income From Continuing And Discontinued Operation": NaN,
        "Total Expenses": NaN,
        "Total Operating Income As Reported": NaN,
        "Diluted Average Shares": NaN,
        "Basic Average Shares": NaN,
        "Diluted EPS": NaN,
        "Basic EPS": NaN,
        "Diluted NI Availto Com Stockholders": NaN,
        "Net Income Common Stockholders": NaN,
        "Net Income": NaN,
        "Net Income Including Noncontrolling Interests": NaN,
        "Net Income Discontinuous Operations": NaN,
        "Net Income Continuous Operations": NaN,
        "Tax Provision": NaN,
        "Pretax Income": NaN,
        "Other Income Expense": NaN,
        "Other Non Operating Income Expenses": NaN,
        "Special Income Charges": 0.0,
        "Impairment Of Capital Assets": 0.0,
        "Net Non Operating Interest Income Expense": NaN,
        "Interest Expense Non Operating": NaN,
        "Operating Income": NaN,
        "Operating Expense": NaN,
        "Other Operating Expenses": NaN,
        "Selling General And Administration": NaN,
        "Selling And Marketing Expense": NaN,
        "General And Administrative Expense": NaN,
        "Other Gand A": NaN,
        "Gross Profit": NaN,
        "Cost Of Revenue": NaN,
        "Total Revenue": NaN,
        "Operating Revenue": NaN
    },
    "2023-12-31": {
        "Tax Effect Of Unusual Items": 0.0,
        "Tax Rate For Calcs": 0.000342,
        "Normalized EBITDA": -9058000.0,
        "Total Unusual Items": NaN,
        "Total Unusual Items Excluding Goodwill": NaN,
        "Net Income From Continuing Operation Net Minority Interest": -14613000.0,
        "Reconciled Depreciation": 4851000.0,
        "Reconciled Cost Of Revenue": 31040000.0,
        "EBITDA": -9058000.0,
        "EBIT": -13909000.0,
        "Net Interest Income": -709000.0,
        "Interest Expense": 709000.0,
        "Normalized Income": -14613000.0,
        "Net Income From Continuing And Discontinued Operation": -14613000.0,
        "Total Expenses": 96143000.0,
        "Total Operating Income As Reported": -14750000.0,
        "Diluted Average Shares": 107716000.0,
        "Basic Average Shares": 107716000.0,
        "Diluted EPS": -0.14,
        "Basic EPS": -0.14,
        "Diluted NI Availto Com Stockholders": -14613000.0,
        "Net Income Common Stockholders": -14613000.0,
        "Net Income": -14613000.0,
        "Net Income Including Noncontrolling Interests": -14613000.0,
        "Net Income Continuous Operations": -14613000.0,
        "Tax Provision": -5000.0,
        "Pretax Income": -14618000.0,
        "Other Income Expense": 841000.0,
        "Other Non Operating Income Expenses": 841000.0,
        "Special Income Charges": NaN,
        "Impairment Of Capital Assets": NaN,
        "Net Non Operating Interest Income Expense": -709000.0,
        "Interest Expense Non Operating": 709000.0,
        "Operating Income": -14750000.0,
        "Operating Expense": 65103000.0,
        "Other Operating Expenses": 38239000.0,
        "Selling General And Administration": 26864000.0,
        "Selling And Marketing Expense": 11354000.0,
        "General And Administrative Expense": 15510000.0,
        "Other Gand A": 15510000.0,
        "Gross Profit": 50353000.0,
        "Cost Of Revenue": 31040000.0,
        "Total Revenue": 81393000.0,
        "Operating Revenue": 81393000.0
    },
    "2024-03-31": {
        "Tax Effect Of Unusual Items": NaN,
        "Tax Rate For Calcs": NaN,
        "Normalized EBITDA": NaN,
        "Total Unusual Items": NaN,
        "Total Unusual Items Excluding Goodwill": NaN,
        "Net Income From Continuing Operation Net Minority Interest": NaN,
        "Reconciled Depreciation": NaN,
        "Reconciled Cost Of Revenue": NaN,
        "EBITDA": NaN,
        "EBIT": NaN,
        "Net Interest Income": NaN,
        "Interest Expense": NaN,
        "Normalized Income": NaN,
        "Net Income From Continuing And Discontinued Operation": NaN,
        "Total Expenses": NaN,
        "Total Operating Income As Reported": NaN,
        "Diluted Average Shares": NaN,
        "Basic Average Shares": NaN,
        "Diluted EPS": NaN,
        "Basic EPS": NaN,
        "Diluted NI Availto Com Stockholders": NaN,
        "Net Income Common Stockholders": NaN,
        "Net Income": NaN,
        "Net Income Including Noncontrolling Interests": NaN,
        "Net Income Discontinuous Operations": -4364000.0,
        "Net Income Continuous Operations": NaN,
        "Tax Provision": NaN,
        "Pretax Income": NaN,
        "Other Income Expense": NaN,
        "Other Non Operating Income Expenses": NaN,
        "Special Income Charges": NaN,
        "Impairment Of Capital Assets": NaN,
        "Net Non Operating Interest Income Expense": NaN,
        "Interest Expense Non Operating": NaN,
        "Operating Income": NaN,
        "Operating Expense": NaN,
        "Other Operating Expenses": NaN,
        "Selling General And Administration": NaN,
        "Selling And Marketing Expense": NaN,
        "General And Administrative Expense": NaN,
        "Other Gand A": NaN,
        "Gross Profit": NaN,
        "Cost Of Revenue": NaN,
        "Total Revenue": NaN,
        "Operating Revenue": NaN
    },
    "2024-06-30": {
        "Tax Effect Of Unusual Items": 0.0,
        "Tax Rate For Calcs": 0.21,
        "Normalized EBITDA": -5112000.0,
        "Total Unusual Items": NaN,
        "Total Unusual Items Excluding Goodwill": NaN,
        "Net Income From Continuing Operation Net Minority Interest": -9392000.0,
        "Reconciled Depreciation": 3622000.0,
        "Reconciled Cost Of Revenue": 14159000.0,
        "EBITDA": -5112000.0,
        "EBIT": -8734000.0,
        "Net Interest Income": -652000.0,
        "Interest Expense": 652000.0,
        "Normalized Income": -9392000.0,
        "Net Income From Continuing And Discontinued Operation": -13954000.0,
        "Total Expenses": 76322000.0,
        "Total Operating Income As Reported": -9605000.0,
        "Diluted Average Shares": 110997000.0,
        "Basic Average Shares": 110997000.0,
        "Diluted EPS": -0.13,
        "Basic EPS": -0.13,
        "Diluted NI Availto Com Stockholders": -13954000.0,
        "Net Income Common Stockholders": -13954000.0,
        "Net Income": -13954000.0,
        "Net Income Including Noncontrolling Interests": -13954000.0,
        "Net Income Discontinuous Operations": -4562000.0,
        "Net Income Continuous Operations": -9392000.0,
        "Tax Provision": 6000.0,
        "Pretax Income": -9386000.0,
        "Other Income Expense": 871000.0,
        "Other Non Operating Income Expenses": 871000.0,
        "Special Income Charges": NaN,
        "Impairment Of Capital Assets": NaN,
        "Net Non Operating Interest Income Expense": -652000.0,
        "Interest Expense Non Operating": 652000.0,
        "Operating Income": -9605000.0,
        "Operating Expense": 62163000.0,
        "Other Operating Expenses": 34975000.0,
        "Selling General And Administration": 27188000.0,
        "Selling And Marketing Expense": 13258000.0,
        "General And Administrative Expense": 13930000.0,
        "Other Gand A": 13930000.0,
        "Gross Profit": 52558000.0,
        "Cost Of Revenue": 14159000.0,
        "Total Revenue": 66717000.0,
        "Operating Revenue": 66717000.0
    },
    "2024-09-30": {
        "Tax Effect Of Unusual Items": -2060940.0,
        "Tax Rate For Calcs": 0.21,
        "Normalized EBITDA": -7197000.0,
        "Total Unusual Items": -9814000.0,
        "Total Unusual Items Excluding Goodwill": -9814000.0,
        "Net Income From Continuing Operation Net Minority Interest": -24771000.0,
        "Reconciled Depreciation": 7127000.0,
        "Reconciled Cost Of Revenue": 21041000.0,
        "EBITDA": -17011000.0,
        "EBIT": -24138000.0,
        "Net Interest Income": -629000.0,
        "Interest Expense": 629000.0,
        "Normalized Income": -17017940.0,
        "Net Income From Continuing And Discontinued Operation": -24771000.0,
        "Total Expenses": 88075000.0,
        "Total Operating Income As Reported": -24868000.0,
        "Diluted Average Shares": 112854000.0,
        "Basic Average Shares": 112854000.0,
        "Diluted EPS": -0.22,
        "Basic EPS": -0.22,
        "Diluted NI Availto Com Stockholders": -24771000.0,
        "Net Income Common Stockholders": -24771000.0,
        "Net Income": -24771000.0,
        "Net Income Including Noncontrolling Interests": -24771000.0,
        "Net Income Discontinuous Operations": NaN,
        "Net Income Continuous Operations": -24771000.0,
        "Tax Provision": 4000.0,
        "Pretax Income": -24767000.0,
        "Other Income Expense": -9084000.0,
        "Other Non Operating Income Expenses": 730000.0,
        "Special Income Charges": -9814000.0,
        "Impairment Of Capital Assets": 9814000.0,
        "Net Non Operating Interest Income Expense": -629000.0,
        "Interest Expense Non Operating": 629000.0,
        "Operating Income": -15054000.0,
        "Operating Expense": 67034000.0,
        "Other Operating Expenses": 37190000.0,
        "Selling General And Administration": 29844000.0,
        "Selling And Marketing Expense": 15299000.0,
        "General And Administrative Expense": 14545000.0,
        "Other Gand A": 14545000.0,
        "Gross Profit": 51980000.0,
        "Cost Of Revenue": 21041000.0,
        "Total Revenue": 73021000.0,
        "Operating Revenue": 73021000.0
    },
    "2024-12-31": {
        "Tax Effect Of Unusual Items": 0.0,
        "Tax Rate For Calcs": 0.000523,
        "Normalized EBITDA": 18686000.0,
        "Total Unusual Items": NaN,
        "Total Unusual Items Excluding Goodwill": NaN,
        "Net Income From Continuing Operation Net Minority Interest": 15280000.0,
        "Reconciled Depreciation": 2831000.0,
        "Reconciled Cost Of Revenue": -16032000.0,
        "EBITDA": 18686000.0,
        "EBIT": 15855000.0,
        "Net Interest Income": -567000.0,
        "Interest Expense": 567000.0,
        "Normalized Income": 15280000.0,
        "Net Income From Continuing And Discontinued Operation": -21707000.0,
        "Total Expenses": 22227000.0,
        "Total Operating Income As Reported": 15254000.0,
        "Diluted Average Shares": 114656000.0,
        "Basic Average Shares": 114656000.0,
        "Diluted EPS": -0.19,
        "Basic EPS": -0.19,
        "Diluted NI Availto Com Stockholders": -21707000.0,
        "Net Income Common Stockholders": -21707000.0,
        "Net Income": -21707000.0,
        "Net Income Including Noncontrolling Interests": -21707000.0,
        "Net Income Discontinuous Operations": NaN,
        "Net Income Continuous Operations": 15280000.0,
        "Tax Provision": 8000.0,
        "Pretax Income": 15288000.0,
        "Other Income Expense": 10415000.0,
        "Other Non Operating Income Expenses": 601000.0,
        "Special Income Charges": NaN,
        "Impairment Of Capital Assets": NaN,
        "Net Non Operating Interest Income Expense": -567000.0,
        "Interest Expense Non Operating": 567000.0,
        "Operating Income": 5440000.0,
        "Operating Expense": 38259000.0,
        "Other Operating Expenses": 25048000.0,
        "Selling General And Administration": 13211000.0,
        "Selling And Marketing Expense": 3874000.0,
        "General And Administrative Expense": 9337000.0,
        "Other Gand A": 9337000.0,
        "Gross Profit": 43699000.0,
        "Cost Of Revenue": -16032000.0,
        "Total Revenue": 27667000.0,
        "Operating Revenue": 27667000.0
    },
    "2025-03-31": {
        "Tax Effect Of Unusual Items": 0.0,
        "Tax Rate For Calcs": 0.21,
        "Normalized EBITDA": -1475000.0,
        "Total Unusual Items": NaN,
        "Total Unusual Items Excluding Goodwill": NaN,
        "Net Income From Continuing Operation Net Minority Interest": -5215000.0,
        "Reconciled Depreciation": 3169000.0,
        "Reconciled Cost Of Revenue": 14920000.0,
        "EBITDA": -1475000.0,
        "EBIT": -4644000.0,
        "Net Interest Income": -514000.0,
        "Interest Expense": 514000.0,
        "Normalized Income": -5215000.0,
        "Net Income From Continuing And Discontinued Operation": -5215000.0,
        "Total Expenses": 76725000.0,
        "Total Operating Income As Reported": -5434000.0,
        "Diluted Average Shares": 116698000.0,
        "Basic Average Shares": 116698000.0,
        "Diluted EPS": -0.04,
        "Basic EPS": -0.04,
        "Diluted NI Availto Com Stockholders": -5215000.0,
        "Net Income Common Stockholders": -5215000.0,
        "Net Income": -5215000.0,
        "Net Income Including Noncontrolling Interests": -5215000.0,
        "Net Income Discontinuous Operations": 0.0,
        "Net Income Continuous Operations": -5215000.0,
        "Tax Provision": 57000.0,
        "Pretax Income": -5158000.0,
        "Other Income Expense": 790000.0,
        "Other Non Operating Income Expenses": 790000.0,
        "Special Income Charges": NaN,
        "Impairment Of Capital Assets": NaN,
        "Net Non Operating Interest Income Expense": -514000.0,
        "Interest Expense Non Operating": 514000.0,
        "Operating Income": -5434000.0,
        "Operating Expense": 61805000.0,
        "Other Operating Expenses": 35126000.0,
        "Selling General And Administration": 26679000.0,
        "Selling And Marketing Expense": 13143000.0,
        "General And Administrative Expense": 13536000.0,
        "Other Gand A": 13536000.0,
        "Gross Profit": 56371000.0,
        "Cost Of Revenue": 14920000.0,
        "Total Revenue": 71291000.0,
        "Operating Revenue": 71291000.0
    },
    "2025-06-30": {
        "Tax Effect Of Unusual Items": 0.0,
        "Tax Rate For Calcs": 0.21,
        "Normalized EBITDA": -1483000.0,
        "Total Unusual Items": NaN,
        "Total Unusual Items Excluding Goodwill": NaN,
        "Net Income From Continuing Operation Net Minority Interest": -5176000.0,
        "Reconciled Depreciation": 3166000.0,
        "Reconciled Cost Of Revenue": 15921000.0,
        "EBITDA": -1483000.0,
        "EBIT": -4649000.0,
        "Net Interest Income": -496000.0,
        "Interest Expense": 496000.0,
        "Normalized Income": -5176000.0,
        "Net Income From Continuing And Discontinued Operation": -5176000.0,
        "Total Expenses": 82902000.0,
        "Total Operating Income As Reported": -5245000.0,
        "Diluted Average Shares": 120275000.0,
        "Basic Average Shares": 120275000.0,
        "Diluted EPS": -0.04,
        "Basic EPS": -0.04,
        "Diluted NI Availto Com Stockholders": -5176000.0,
        "Net Income Common Stockholders": -5176000.0,
        "Net Income": -5176000.0,
        "Net Income Including Noncontrolling Interests": -5176000.0,
        "Net Income Discontinuous Operations": 0.0,
        "Net Income Continuous Operations": -5176000.0,
        "Tax Provision": 31000.0,
        "Pretax Income": -5145000.0,
        "Other Income Expense": 596000.0,
        "Other Non Operating Income Expenses": 596000.0,
        "Special Income Charges": NaN,
        "Impairment Of Capital Assets": NaN,
        "Net Non Operating Interest Income Expense": -496000.0,
        "Interest Expense Non Operating": 496000.0,
        "Operating Income": -5245000.0,
        "Operating Expense": 66981000.0,
        "Other Operating Expenses": 37525000.0,
        "Selling General And Administration": 29456000.0,
        "Selling And Marketing Expense": 16206000.0,
        "General And Administrative Expense": 13250000.0,
        "Other Gand A": 13250000.0,
        "Gross Profit": 61736000.0,
        "Cost Of Revenue": 15921000.0,
        "Total Revenue": 77657000.0,
        "Operating Revenue": 77657000.0
    }
}