{
    "2023-06-30": {
        "Tax Effect Of Unusual Items": NaN,
        "Tax Rate For Calcs": NaN,
        "Normalized EBITDA": NaN,
        "Total Unusual Items": NaN,
        "Total Unusual Items Excluding Goodwill": NaN,
        "Net Income From Continuing Operation Net Minority Interest": NaN,
        "Reconciled Depreciation": NaN,
        "Reconciled Cost Of Revenue": NaN,
        "EBITDA": NaN,
        "EBIT": NaN,
        "Net Interest Income": NaN,
        "Interest Expense": 22300000.0,
        "Normalized Income": NaN,
        "Net Income From Continuing And Discontinued Operation": NaN,
        "Total Expenses": NaN,
        "Total Operating Income As Reported": NaN,
        "Diluted Average Shares": NaN,
        "Basic Average Shares": NaN,
        "Diluted EPS": NaN,
        "Basic EPS": NaN,
        "Diluted NI Availto Com Stockholders": NaN,
        "Net Income Common Stockholders": NaN,
        "Net Income": NaN,
        "Minority Interests": NaN,
        "Net Income Including Noncontrolling Interests": NaN,
        "Net Income Continuous Operations": NaN,
        "Tax Provision": NaN,
        "Pretax Income": NaN,
        "Other Income Expense": NaN,
        "Other Non Operating Income Expenses": NaN,
        "Special Income Charges": NaN,
        "Other Special Charges": -1600000.0,
        "Net Non Operating Interest Income Expense": NaN,
        "Total Other Finance Cost": 22300000.0,
        "Interest Expense Non Operating": 22300000.0,
        "Operating Income": NaN,
        "Operating Expense": NaN,
        "Depreciation Amortization Depletion Income Statement": NaN,
        "Depreciation And Amortization In Income Statement": NaN,
        "Amortization": NaN,
        "Amortization Of Intangibles Income Statement": NaN,
        "Selling General And Administration": NaN,
        "General And Administrative Expense": 310100000.0,
        "Other Gand A": 313000000.0,
        "Salaries And Wages": -2900000.0,
        "Gross Profit": NaN,
        "Cost Of Revenue": NaN,
        "Total Revenue": NaN,
        "Operating Revenue": NaN
    },
    "2023-03-31": {
        "Tax Effect Of Unusual Items": NaN,
        "Tax Rate For Calcs": NaN,
        "Normalized EBITDA": NaN,
        "Total Unusual Items": NaN,
        "Total Unusual Items Excluding Goodwill": NaN,
        "Net Income From Continuing Operation Net Minority Interest": NaN,
        "Reconciled Depreciation": NaN,
        "Reconciled Cost Of Revenue": NaN,
        "EBITDA": NaN,
        "EBIT": NaN,
        "Net Interest Income": NaN,
        "Interest Expense": 21000000.0,
        "Normalized Income": NaN,
        "Net Income From Continuing And Discontinued Operation": NaN,
        "Total Expenses": NaN,
        "Total Operating Income As Reported": NaN,
        "Diluted Average Shares": NaN,
        "Basic Average Shares": NaN,
        "Diluted EPS": NaN,
        "Basic EPS": NaN,
        "Diluted NI Availto Com Stockholders": NaN,
        "Net Income Common Stockholders": NaN,
        "Net Income": NaN,
        "Minority Interests": NaN,
        "Net Income Including Noncontrolling Interests": NaN,
        "Net Income Continuous Operations": NaN,
        "Tax Provision": NaN,
        "Pretax Income": NaN,
        "Other Income Expense": NaN,
        "Other Non Operating Income Expenses": NaN,
        "Special Income Charges": NaN,
        "Other Special Charges": NaN,
        "Net Non Operating Interest Income Expense": NaN,
        "Total Other Finance Cost": NaN,
        "Interest Expense Non Operating": 21000000.0,
        "Operating Income": NaN,
        "Operating Expense": NaN,
        "Depreciation Amortization Depletion Income Statement": NaN,
        "Depreciation And Amortization In Income Statement": NaN,
        "Amortization": NaN,
        "Amortization Of Intangibles Income Statement": NaN,
        "Selling General And Administration": NaN,
        "General And Administrative Expense": NaN,
        "Other Gand A": NaN,
        "Salaries And Wages": NaN,
        "Gross Profit": NaN,
        "Cost Of Revenue": NaN,
        "Total Revenue": NaN,
        "Operating Revenue": NaN
    },
    "2022-12-31": {
        "Tax Effect Of Unusual Items": NaN,
        "Tax Rate For Calcs": NaN,
        "Normalized EBITDA": NaN,
        "Total Unusual Items": 0.0,
        "Total Unusual Items Excluding Goodwill": 0.0,
        "Net Income From Continuing Operation Net Minority Interest": NaN,
        "Reconciled Depreciation": NaN,
        "Reconciled Cost Of Revenue": NaN,
        "EBITDA": NaN,
        "EBIT": NaN,
        "Net Interest Income": NaN,
        "Interest Expense": 22500000.0,
        "Normalized Income": NaN,
        "Net Income From Continuing And Discontinued Operation": NaN,
        "Total Expenses": NaN,
        "Total Operating Income As Reported": NaN,
        "Diluted Average Shares": NaN,
        "Basic Average Shares": NaN,
        "Diluted EPS": NaN,
        "Basic EPS": NaN,
        "Diluted NI Availto Com Stockholders": NaN,
        "Net Income Common Stockholders": NaN,
        "Net Income": NaN,
        "Minority Interests": NaN,
        "Net Income Including Noncontrolling Interests": NaN,
        "Net Income Continuous Operations": NaN,
        "Tax Provision": NaN,
        "Pretax Income": NaN,
        "Other Income Expense": NaN,
        "Other Non Operating Income Expenses": NaN,
        "Special Income Charges": 0.0,
        "Other Special Charges": 0.0,
        "Net Non Operating Interest Income Expense": NaN,
        "Total Other Finance Cost": NaN,
        "Interest Expense Non Operating": 22500000.0,
        "Operating Income": NaN,
        "Operating Expense": NaN,
        "Depreciation Amortization Depletion Income Statement": NaN,
        "Depreciation And Amortization In Income Statement": NaN,
        "Amortization": NaN,
        "Amortization Of Intangibles Income Statement": NaN,
        "Selling General And Administration": NaN,
        "General And Administrative Expense": NaN,
        "Other Gand A": NaN,
        "Salaries And Wages": NaN,
        "Gross Profit": NaN,
        "Cost Of Revenue": NaN,
        "Total Revenue": NaN,
        "Operating Revenue": NaN
    },
    "2022-09-30": {
        "Tax Effect Of Unusual Items": NaN,
        "Tax Rate For Calcs": NaN,
        "Normalized EBITDA": NaN,
        "Total Unusual Items": 0.0,
        "Total Unusual Items Excluding Goodwill": 0.0,
        "Net Income From Continuing Operation Net Minority Interest": NaN,
        "Reconciled Depreciation": NaN,
        "Reconciled Cost Of Revenue": NaN,
        "EBITDA": NaN,
        "EBIT": NaN,
        "Net Interest Income": NaN,
        "Interest Expense": NaN,
        "Normalized Income": NaN,
        "Net Income From Continuing And Discontinued Operation": NaN,
        "Total Expenses": NaN,
        "Total Operating Income As Reported": NaN,
        "Diluted Average Shares": NaN,
        "Basic Average Shares": NaN,
        "Diluted EPS": NaN,
        "Basic EPS": NaN,
        "Diluted NI Availto Com Stockholders": NaN,
        "Net Income Common Stockholders": NaN,
        "Net Income": NaN,
        "Minority Interests": NaN,
        "Net Income Including Noncontrolling Interests": NaN,
        "Net Income Continuous Operations": NaN,
        "Tax Provision": NaN,
        "Pretax Income": NaN,
        "Other Income Expense": NaN,
        "Other Non Operating Income Expenses": NaN,
        "Special Income Charges": 0.0,
        "Other Special Charges": NaN,
        "Net Non Operating Interest Income Expense": NaN,
        "Total Other Finance Cost": NaN,
        "Interest Expense Non Operating": NaN,
        "Operating Income": NaN,
        "Operating Expense": NaN,
        "Depreciation Amortization Depletion Income Statement": NaN,
        "Depreciation And Amortization In Income Statement": NaN,
        "Amortization": NaN,
        "Amortization Of Intangibles Income Statement": NaN,
        "Selling General And Administration": NaN,
        "General And Administrative Expense": NaN,
        "Other Gand A": NaN,
        "Salaries And Wages": NaN,
        "Gross Profit": NaN,
        "Cost Of Revenue": NaN,
        "Total Revenue": NaN,
        "Operating Revenue": NaN
    },
    "2022-06-30": {
        "Tax Effect Of Unusual Items": 2406200.0,
        "Tax Rate For Calcs": 0.227,
        "Normalized EBITDA": 284700000.0,
        "Total Unusual Items": 10600000.0,
        "Total Unusual Items Excluding Goodwill": 10600000.0,
        "Net Income From Continuing Operation Net Minority Interest": 171300000.0,
        "Reconciled Depreciation": 51300000.0,
        "Reconciled Cost Of Revenue": 788600000.0,
        "EBITDA": 295300000.0,
        "EBIT": 244000000.0,
        "Net Interest Income": -22500000.0,
        "Interest Expense": 22500000.0,
        "Normalized Income": 163106200.0,
        "Net Income From Continuing And Discontinued Operation": 171300000.0,
        "Total Expenses": 1126300000.0,
        "Total Operating Income As Reported": 229500000.0,
        "Diluted Average Shares": 47700000.0,
        "Basic Average Shares": 46862209.0,
        "Diluted EPS": 3.59,
        "Basic EPS": 3.656908,
        "Diluted NI Availto Com Stockholders": 171300000.0,
        "Net Income Common Stockholders": 171300000.0,
        "Net Income": 171300000.0,
        "Minority Interests": NaN,
        "Net Income Including Noncontrolling Interests": 171300000.0,
        "Net Income Discontinuous Operations": NaN,
        "Net Income Continuous Operations": 171300000.0,
        "Tax Provision": 50200000.0,
        "Pretax Income": 221500000.0,
        "Other Income Expense": 14500000.0,
        "Other Non Operating Income Expenses": 3900000.0,
        "Special Income Charges": 10600000.0,
        "Other Special Charges": -10600000.0,
        "Net Non Operating Interest Income Expense": -22500000.0,
        "Total Other Finance Cost": NaN,
        "Interest Expense Non Operating": 22500000.0,
        "Operating Income": 229500000.0,
        "Operating Expense": 337700000.0,
        "Depreciation Amortization Depletion Income Statement": 51300000.0,
        "Depreciation And Amortization In Income Statement": 51300000.0,
        "Amortization": 51300000.0,
        "Amortization Of Intangibles Income Statement": 51300000.0,
        "Selling General And Administration": 286400000.0,
        "Gross Profit": 567200000.0,
        "Cost Of Revenue": 788600000.0,
        "Total Revenue": 1355800000.0,
        "Operating Revenue": 1355800000.0
    },
    "2022-03-31": {
        "Diluted EPS": 4.46,
        "Total Revenue": NaN,
        "Gross Profit": 568,
        "Operating Income": 224,
        "EBIT": 310,
        "Net Income": 213
    },
    "2021-12-31": {
        "Diluted EPS": 3.53,
        "Total Revenue": NaN,
        "Gross Profit": 546,
        "Operating Income": 195,
        "EBIT": 329,
        "Net Income": 162
    },
    "2021-09-30": {
        "Diluted EPS": 2.81,
        "Total Revenue": NaN,
        "Gross Profit": 524,
        "Operating Income": 190,
        "EBIT": 315,
        "Net Income": 134
    },
    "2021-06-30": {
        "Diluted EPS": 1.48,
        "Total Revenue": NaN,
        "Gross Profit": 458,
        "Operating Income": 104,
        "EBIT": 188,
        "Net Income": 65
    },
    "2021-03-31": {
        "Diluted EPS": 2.23,
        "Total Revenue": 806,
        "Gross Profit": 313,
        "Operating Income": 135,
        "EBIT": 165,
        "Net Income": 85
    },
    "2020-12-31": {
        "Diluted EPS": 3.49,
        "Total Revenue": 809,
        "Gross Profit": 316,
        "Operating Income": 144,
        "EBIT": 173,
        "Net Income": 132
    },
    "2020-09-30": {
        "Diluted EPS": 2.48,
        "Total Revenue": 749,
        "Gross Profit": 291,
        "Operating Income": 123,
        "EBIT": 152,
        "Net Income": 94
    },
    "2020-06-30": {
        "Diluted EPS": 2.48,
        "Total Revenue": 743,
        "Gross Profit": 283,
        "Operating Income": 110,
        "EBIT": 139,
        "Net Income": 94
    },
    "2020-03-31": {
        "Diluted EPS": 2.17,
        "Total Revenue": 785,
        "Gross Profit": 292,
        "Operating Income": 104,
        "EBIT": 133,
        "Net Income": 82
    },
    "2019-12-31": {
        "Diluted EPS": 3.07,
        "Total Revenue": 834,
        "Gross Profit": 329,
        "Operating Income": 134,
        "EBIT": 163,
        "Net Income": 116
    },
    "2019-09-30": {
        "Diluted EPS": 2.84,
        "Total Revenue": 802,
        "Gross Profit": 315,
        "Operating Income": 129,
        "EBIT": 157,
        "Net Income": 107
    },
    "2019-06-30": {
        "Diluted EPS": 2.8,
        "Total Revenue": 782,
        "Gross Profit": 318,
        "Operating Income": 132,
        "EBIT": 159,
        "Net Income": 105
    },
    "2019-03-31": {
        "Diluted EPS": 2.02,
        "Total Revenue": 745,
        "Gross Profit": 281,
        "Operating Income": 97,
        "EBIT": 125,
        "Net Income": 75
    },
    "2018-12-31": {
        "Diluted EPS": 2.45,
        "Total Revenue": 748,
        "Gross Profit": 289,
        "Operating Income": 111,
        "EBIT": 141,
        "Net Income": 91
    },
    "2018-09-30": {
        "Diluted EPS": 2.43,
        "Total Revenue": 725,
        "Gross Profit": 279,
        "Operating Income": 106,
        "EBIT": 133,
        "Net Income": 90
    },
    "2018-06-30": {
        "Diluted EPS": 2.32,
        "Total Revenue": 733,
        "Gross Profit": 286,
        "Operating Income": 112,
        "EBIT": 139,
        "Net Income": 86
    },
    "2018-03-31": {
        "Diluted EPS": 1.81,
        "Total Revenue": 696,
        "Gross Profit": 257,
        "Operating Income": 88,
        "EBIT": 117,
        "Net Income": 67
    },
    "2017-12-31": {
        "Diluted EPS": 1.86,
        "Total Revenue": 704,
        "Gross Profit": 267,
        "Operating Income": 95,
        "EBIT": 120,
        "Net Income": 68
    },
    "2017-09-30": {
        "Diluted EPS": 1.9,
        "Total Revenue": 662,
        "Gross Profit": 254,
        "Operating Income": 90,
        "EBIT": 121,
        "Net Income": 69
    },
    "2017-06-30": {
        "Diluted EPS": 1.66,
        "Total Revenue": 671,
        "Gross Profit": 250,
        "Operating Income": 83,
        "EBIT": 116,
        "Net Income": 60
    },
    "2017-03-31": {
        "Diluted EPS": 0.84,
        "Total Revenue": 566,
        "Gross Profit": 209,
        "Operating Income": 55,
        "EBIT": 78,
        "Net Income": 31
    },
    "2016-12-31": {
        "Diluted EPS": 1.47,
        "Total Revenue": 553,
        "Gross Profit": 201,
        "Operating Income": 57,
        "EBIT": 79,
        "Net Income": 53
    },
    "2016-09-30": {
        "Diluted EPS": 1.46,
        "Total Revenue": 527,
        "Gross Profit": 210,
        "Operating Income": 69,
        "EBIT": 92,
        "Net Income": 52
    },
    "2016-06-30": {
        "Diluted EPS": 1.33,
        "Total Revenue": 540,
        "Gross Profit": 204,
        "Operating Income": 54,
        "EBIT": 75,
        "Net Income": 47
    },
    "2016-03-31": {
        "Diluted EPS": 1.11,
        "Total Revenue": 531,
        "Gross Profit": 206,
        "Operating Income": 61,
        "EBIT": 82,
        "Net Income": 39
    },
    "2015-12-31": {
        "Diluted EPS": 1.56,
        "Total Revenue": 608,
        "Gross Profit": 220,
        "Operating Income": 74,
        "EBIT": 96,
        "Net Income": 56
    },
    "2015-09-30": {
        "Diluted EPS": 1.34,
        "Total Revenue": 552,
        "Gross Profit": 211,
        "Operating Income": 72,
        "EBIT": 94,
        "Net Income": 48
    },
    "2015-06-30": {
        "Diluted EPS": 1.34,
        "Total Revenue": 574,
        "Gross Profit": 220,
        "Operating Income": 69,
        "EBIT": 92,
        "Net Income": 48
    },
    "2015-03-31": {
        "Diluted EPS": 1.2,
        "Total Revenue": 565,
        "Gross Profit": 219,
        "Operating Income": 67,
        "EBIT": 91,
        "Net Income": 44
    },
    "2014-12-31": {
        "Diluted EPS": 1.61,
        "Total Revenue": 622,
        "Gross Profit": 231,
        "Operating Income": 80,
        "EBIT": 104,
        "Net Income": 60
    },
    "2014-09-30": {
        "Diluted EPS": 1.47,
        "Total Revenue": 601,
        "Gross Profit": 226,
        "Operating Income": 74,
        "EBIT": 98,
        "Net Income": 56
    },
    "2014-06-30": {
        "Diluted EPS": 1.47,
        "Total Revenue": 597,
        "Gross Profit": 229,
        "Operating Income": 74,
        "EBIT": 98,
        "Net Income": 56
    },
    "2014-03-31": {
        "Diluted EPS": 1.2,
        "Total Revenue": 574,
        "Gross Profit": 222,
        "Operating Income": 66,
        "EBIT": 89,
        "Net Income": 46
    },
    "2013-12-31": {
        "Diluted EPS": 1.44,
        "Total Revenue": 597,
        "Gross Profit": 215,
        "Operating Income": 64,
        "EBIT": 88,
        "Net Income": 55
    },
    "2013-09-30": {
        "Diluted EPS": 1.23,
        "Total Revenue": 572,
        "Gross Profit": 203,
        "Operating Income": 53,
        "EBIT": 76,
        "Net Income": 47
    },
    "2013-06-30": {
        "Diluted EPS": 1.13,
        "Total Revenue": 601,
        "Gross Profit": 217,
        "Operating Income": 65,
        "EBIT": 87,
        "Net Income": 43
    },
    "2013-03-31": {
        "Diluted EPS": 1.07,
        "Total Revenue": 569,
        "Gross Profit": 204,
        "Operating Income": 59,
        "EBIT": 81,
        "Net Income": 40
    },
    "2012-12-31": {
        "Diluted EPS": 1.23,
        "Total Revenue": 567,
        "Gross Profit": 208,
        "Operating Income": 68,
        "EBIT": 90,
        "Net Income": 46
    },
    "2012-09-30": {
        "Diluted EPS": 1.14,
        "Total Revenue": 547,
        "Gross Profit": 198,
        "Operating Income": 60,
        "EBIT": 82,
        "Net Income": 43
    },
    "2012-06-30": {
        "Diluted EPS": 1.06,
        "Total Revenue": 519,
        "Gross Profit": 176,
        "Operating Income": 60,
        "EBIT": 78,
        "Net Income": 40
    },
    "2012-03-31": {
        "Diluted EPS": 0.96,
        "Total Revenue": 494,
        "Gross Profit": 166,
        "Operating Income": 56,
        "EBIT": 72,
        "Net Income": 36
    },
    "2011-12-31": {
        "Diluted EPS": 0.99,
        "Total Revenue": 475,
        "Gross Profit": 159,
        "Operating Income": 54,
        "EBIT": 71,
        "Net Income": 37
    },
    "2011-09-30": {
        "Diluted EPS": 0.91,
        "Total Revenue": 496,
        "Gross Profit": 165,
        "Operating Income": 57,
        "EBIT": 74,
        "Net Income": 34
    },
    "2011-06-30": {
        "Diluted EPS": 4.08,
        "Total Revenue": 503,
        "Gross Profit": 172,
        "Operating Income": 62,
        "EBIT": 79,
        "Net Income": 152
    },
    "2011-03-31": {
        "Diluted EPS": 0.86,
        "Total Revenue": 468,
        "Gross Profit": 155,
        "Operating Income": 55,
        "EBIT": 69,
        "Net Income": 32
    },
    "2010-12-31": {
        "Diluted EPS": 0.99,
        "Total Revenue": 422,
        "Gross Profit": 134,
        "Operating Income": 49,
        "EBIT": 61,
        "Net Income": 37
    },
    "2010-09-30": {
        "Diluted EPS": 0.82,
        "Total Revenue": 410,
        "Gross Profit": 125,
        "Operating Income": 46,
        "EBIT": 58,
        "Net Income": 30
    },
    "2010-06-30": {
        "Diluted EPS": 0.78,
        "Total Revenue": 408,
        "Gross Profit": 121,
        "Operating Income": 44,
        "EBIT": 55,
        "Net Income": 29
    },
    "2010-03-31": {
        "Diluted EPS": 0.68,
        "Total Revenue": 405,
        "Gross Profit": 117,
        "Operating Income": 40,
        "EBIT": 51,
        "Net Income": 25
    },
    "2009-12-31": {
        "Diluted EPS": 0.88,
        "Total Revenue": 341,
        "Gross Profit": 96,
        "Operating Income": 49,
        "EBIT": 58,
        "Net Income": 32
    },
    "2009-09-30": {
        "Diluted EPS": 0.96,
        "Total Revenue": 429,
        "Gross Profit": 125,
        "Operating Income": 44,
        "EBIT": 54,
        "Net Income": 35
    },
    "2009-06-30": {
        "Diluted EPS": 0.69,
        "Total Revenue": 441,
        "Gross Profit": 127,
        "Operating Income": 44,
        "EBIT": 55,
        "Net Income": 25
    },
    "2009-03-31": {
        "Diluted EPS": 0.57,
        "Total Revenue": 440,
        "Gross Profit": 127,
        "Operating Income": 35,
        "EBIT": 47,
        "Net Income": 21
    },
    "2023-09-30": {
        "Tax Effect Of Unusual Items": NaN,
        "Tax Rate For Calcs": NaN,
        "Normalized EBITDA": NaN,
        "Total Unusual Items": 0.0,
        "Total Unusual Items Excluding Goodwill": 0.0,
        "Net Income From Continuing Operation Net Minority Interest": NaN,
        "Reconciled Depreciation": NaN,
        "Reconciled Cost Of Revenue": NaN,
        "EBITDA": NaN,
        "EBIT": NaN,
        "Net Interest Income": NaN,
        "Interest Expense": 18400000.0,
        "Normalized Income": NaN,
        "Net Income From Continuing And Discontinued Operation": NaN,
        "Total Expenses": NaN,
        "Total Operating Income As Reported": NaN,
        "Diluted Average Shares": NaN,
        "Basic Average Shares": NaN,
        "Diluted EPS": NaN,
        "Basic EPS": NaN,
        "Diluted NI Availto Com Stockholders": NaN,
        "Net Income Common Stockholders": NaN,
        "Net Income": NaN,
        "Minority Interests": NaN,
        "Net Income Including Noncontrolling Interests": NaN,
        "Net Income Continuous Operations": NaN,
        "Tax Provision": NaN,
        "Pretax Income": NaN,
        "Other Income Expense": NaN,
        "Other Non Operating Income Expenses": NaN,
        "Special Income Charges": 0.0,
        "Other Special Charges": NaN,
        "Net Non Operating Interest Income Expense": NaN,
        "Total Other Finance Cost": 18400000.0,
        "Interest Expense Non Operating": 18400000.0,
        "Operating Income": NaN,
        "Operating Expense": NaN,
        "Depreciation Amortization Depletion Income Statement": NaN,
        "Depreciation And Amortization In Income Statement": NaN,
        "Amortization": NaN,
        "Amortization Of Intangibles Income Statement": NaN,
        "Selling General And Administration": NaN,
        "General And Administrative Expense": 288800000.0,
        "Other Gand A": 291900000.0,
        "Salaries And Wages": -3100000.0,
        "Gross Profit": NaN,
        "Cost Of Revenue": NaN,
        "Total Revenue": NaN,
        "Operating Revenue": NaN
    },
    "2023-12-31": {
        "Tax Effect Of Unusual Items": 0.0,
        "Tax Rate For Calcs": 0.21,
        "Normalized EBITDA": 347200000.0,
        "Total Unusual Items": 0.0,
        "Total Unusual Items Excluding Goodwill": 0.0,
        "Net Income From Continuing Operation Net Minority Interest": 323100000.0,
        "Reconciled Depreciation": 77400000.0,
        "Reconciled Cost Of Revenue": 773100000.0,
        "EBITDA": 347200000.0,
        "EBIT": 269800000.0,
        "Net Interest Income": -15600000.0,
        "Interest Expense": 15600000.0,
        "Normalized Income": 323100000.0,
        "Net Income From Continuing And Discontinued Operation": 323100000.0,
        "Total Expenses": 1153500000.0,
        "Total Operating Income As Reported": 271500000.0,
        "Diluted Average Shares": 47900000.0,
        "Basic Average Shares": 47331845.0,
        "Diluted EPS": 6.75,
        "Basic EPS": 6.826271,
        "Diluted NI Availto Com Stockholders": 323100000.0,
        "Net Income Common Stockholders": 323100000.0,
        "Net Income": 323100000.0,
        "Minority Interests": -1400000.0,
        "Net Income Including Noncontrolling Interests": 323500000.0,
        "Net Income Continuous Operations": 323500000.0,
        "Tax Provision": -69300000.0,
        "Pretax Income": 254200000.0,
        "Other Income Expense": -1700000.0,
        "Other Non Operating Income Expenses": -1700000.0,
        "Special Income Charges": 0.0,
        "Other Special Charges": 0.0,
        "Net Non Operating Interest Income Expense": -15600000.0,
        "Total Other Finance Cost": NaN,
        "Interest Expense Non Operating": 15600000.0,
        "Operating Income": 271500000.0,
        "Operating Expense": 351600000.0,
        "Depreciation Amortization Depletion Income Statement": 48600000.0,
        "Depreciation And Amortization In Income Statement": 48600000.0,
        "Amortization": 48600000.0,
        "Amortization Of Intangibles Income Statement": 48600000.0,
        "Selling General And Administration": 303000000.0,
        "General And Administrative Expense": 299900000.0,
        "Other Gand A": 303000000.0,
        "Salaries And Wages": -3100000.0,
        "Gross Profit": 623100000.0,
        "Cost Of Revenue": 801900000.0,
        "Total Revenue": 1425000000.0,
        "Operating Revenue": 1425000000.0
    },
    "2024-03-31": {
        "Tax Effect Of Unusual Items": 0.0,
        "Tax Rate For Calcs": 0.206,
        "Normalized EBITDA": 312300000.0,
        "Total Unusual Items": NaN,
        "Total Unusual Items Excluding Goodwill": NaN,
        "Net Income From Continuing Operation Net Minority Interest": 178500000.0,
        "Reconciled Depreciation": 78000000.0,
        "Reconciled Cost Of Revenue": 741600000.0,
        "EBITDA": 312300000.0,
        "EBIT": 234300000.0,
        "Net Interest Income": -12700000.0,
        "Interest Expense": NaN,
        "Normalized Income": 178500000.0,
        "Net Income From Continuing And Discontinued Operation": 178500000.0,
        "Total Expenses": 1115800000.0,
        "Total Operating Income As Reported": 234300000.0,
        "Diluted Average Shares": 48000000.0,
        "Basic Average Shares": 47420690.0,
        "Diluted EPS": 3.72,
        "Basic EPS": 3.76418,
        "Diluted NI Availto Com Stockholders": 178500000.0,
        "Net Income Common Stockholders": 178500000.0,
        "Net Income": 178500000.0,
        "Minority Interests": -600000.0,
        "Net Income Including Noncontrolling Interests": 179100000.0,
        "Net Income Continuous Operations": 179100000.0,
        "Tax Provision": 46400000.0,
        "Pretax Income": 225500000.0,
        "Other Income Expense": 3900000.0,
        "Other Non Operating Income Expenses": 3900000.0,
        "Special Income Charges": NaN,
        "Other Special Charges": NaN,
        "Net Non Operating Interest Income Expense": -12700000.0,
        "Total Other Finance Cost": 12700000.0,
        "Interest Expense Non Operating": NaN,
        "Operating Income": 234300000.0,
        "Operating Expense": 345600000.0,
        "Depreciation Amortization Depletion Income Statement": 49400000.0,
        "Depreciation And Amortization In Income Statement": 49400000.0,
        "Amortization": 49400000.0,
        "Amortization Of Intangibles Income Statement": 49400000.0,
        "Selling General And Administration": 296200000.0,
        "General And Administrative Expense": 293500000.0,
        "Other Gand A": 296200000.0,
        "Salaries And Wages": -2700000.0,
        "Gross Profit": 579900000.0,
        "Cost Of Revenue": 770200000.0,
        "Total Revenue": 1350100000.0,
        "Operating Revenue": 1350100000.0
    },
    "2024-06-30": {
        "Tax Effect Of Unusual Items": 0.0,
        "Tax Rate For Calcs": 0.222,
        "Normalized EBITDA": 324800000.0,
        "Total Unusual Items": 0.0,
        "Total Unusual Items Excluding Goodwill": 0.0,
        "Net Income From Continuing Operation Net Minority Interest": 180200000.0,
        "Reconciled Depreciation": 77800000.0,
        "Reconciled Cost Of Revenue": 752800000.0,
        "EBITDA": 324800000.0,
        "EBIT": 247000000.0,
        "Net Interest Income": -15800000.0,
        "Interest Expense": NaN,
        "Normalized Income": 180200000.0,
        "Net Income From Continuing And Discontinued Operation": 180200000.0,
        "Total Expenses": 1127100000.0,
        "Total Operating Income As Reported": 247000000.0,
        "Diluted Average Shares": 47800000.0,
        "Basic Average Shares": 46943484.0,
        "Diluted EPS": 3.77,
        "Basic EPS": 3.838658,
        "Diluted NI Availto Com Stockholders": 180200000.0,
        "Net Income Common Stockholders": 180200000.0,
        "Net Income": 180200000.0,
        "Minority Interests": -100000.0,
        "Net Income Including Noncontrolling Interests": 180300000.0,
        "Net Income Continuous Operations": 180300000.0,
        "Tax Provision": 51400000.0,
        "Pretax Income": 231700000.0,
        "Other Income Expense": 500000.0,
        "Other Non Operating Income Expenses": 500000.0,
        "Special Income Charges": 0.0,
        "Other Special Charges": NaN,
        "Net Non Operating Interest Income Expense": -15800000.0,
        "Total Other Finance Cost": 15800000.0,
        "Interest Expense Non Operating": NaN,
        "Operating Income": 247000000.0,
        "Operating Expense": 345600000.0,
        "Depreciation Amortization Depletion Income Statement": 49100000.0,
        "Depreciation And Amortization In Income Statement": 49100000.0,
        "Amortization": 49100000.0,
        "Amortization Of Intangibles Income Statement": 49100000.0,
        "Selling General And Administration": 296500000.0,
        "General And Administrative Expense": 293800000.0,
        "Other Gand A": 296500000.0,
        "Salaries And Wages": -2700000.0,
        "Gross Profit": 592600000.0,
        "Cost Of Revenue": 781500000.0,
        "Total Revenue": 1374100000.0,
        "Operating Revenue": 1374100000.0
    },
    "2024-09-30": {
        "Tax Effect Of Unusual Items": 0.0,
        "Tax Rate For Calcs": 0.21,
        "Normalized EBITDA": 347600000.0,
        "Total Unusual Items": 0.0,
        "Total Unusual Items Excluding Goodwill": 0.0,
        "Net Income From Continuing Operation Net Minority Interest": 262000000.0,
        "Reconciled Depreciation": 76900000.0,
        "Reconciled Cost Of Revenue": 796800000.0,
        "EBITDA": 347600000.0,
        "EBIT": 270700000.0,
        "Net Interest Income": -15700000.0,
        "Interest Expense": NaN,
        "Normalized Income": 262000000.0,
        "Net Income From Continuing And Discontinued Operation": 262000000.0,
        "Total Expenses": 1172800000.0,
        "Total Operating Income As Reported": 270700000.0,
        "Diluted Average Shares": 47300000.0,
        "Basic Average Shares": 46624244.0,
        "Diluted EPS": 5.54,
        "Basic EPS": 5.619394,
        "Diluted NI Availto Com Stockholders": 262000000.0,
        "Net Income Common Stockholders": 262000000.0,
        "Net Income": 262000000.0,
        "Minority Interests": 200000.0,
        "Net Income Including Noncontrolling Interests": 262200000.0,
        "Net Income Continuous Operations": 262200000.0,
        "Tax Provision": -7100000.0,
        "Pretax Income": 255100000.0,
        "Other Income Expense": 100000.0,
        "Other Non Operating Income Expenses": 100000.0,
        "Special Income Charges": 0.0,
        "Other Special Charges": NaN,
        "Net Non Operating Interest Income Expense": -15700000.0,
        "Total Other Finance Cost": 15700000.0,
        "Interest Expense Non Operating": NaN,
        "Operating Income": 270700000.0,
        "Operating Expense": 348900000.0,
        "Depreciation Amortization Depletion Income Statement": 49800000.0,
        "Depreciation And Amortization In Income Statement": 49800000.0,
        "Amortization": 49800000.0,
        "Amortization Of Intangibles Income Statement": 49800000.0,
        "Selling General And Administration": 299100000.0,
        "General And Administrative Expense": NaN,
        "Other Gand A": NaN,
        "Salaries And Wages": NaN,
        "Gross Profit": 619600000.0,
        "Cost Of Revenue": 823900000.0,
        "Total Revenue": 1443500000.0,
        "Operating Revenue": 1443500000.0
    },
    "2024-12-31": {
        "Tax Effect Of Unusual Items": -6166888.297872,
        "Tax Rate For Calcs": 0.117465,
        "Normalized EBITDA": 373500000.0,
        "Total Unusual Items": -52500000.0,
        "Total Unusual Items Excluding Goodwill": -52500000.0,
        "Net Income From Continuing Operation Net Minority Interest": 198500000.0,
        "Reconciled Depreciation": 77200000.0,
        "Reconciled Cost Of Revenue": 832100000.0,
        "EBITDA": 321000000.0,
        "EBIT": 243800000.0,
        "Net Interest Income": -13700000.0,
        "Interest Expense": NaN,
        "Normalized Income": 244833111.702128,
        "Net Income From Continuing And Discontinued Operation": 198500000.0,
        "Total Expenses": 1212700000.0,
        "Total Operating Income As Reported": 237100000.0,
        "Diluted Average Shares": 47300000.0,
        "Basic Average Shares": 46706612.0,
        "Diluted EPS": 4.2,
        "Basic EPS": 4.249934,
        "Diluted NI Availto Com Stockholders": 198500000.0,
        "Net Income Common Stockholders": 198500000.0,
        "Net Income": 198500000.0,
        "Minority Interests": -600000.0,
        "Net Income Including Noncontrolling Interests": 199100000.0,
        "Net Income Continuous Operations": 199100000.0,
        "Tax Provision": 26500000.0,
        "Pretax Income": 225600000.0,
        "Other Income Expense": -50300000.0,
        "Other Non Operating Income Expenses": 2200000.0,
        "Special Income Charges": -52500000.0,
        "Other Special Charges": NaN,
        "Net Non Operating Interest Income Expense": -13700000.0,
        "Total Other Finance Cost": NaN,
        "Interest Expense Non Operating": NaN,
        "Operating Income": 289600000.0,
        "Operating Expense": 353100000.0,
        "Depreciation Amortization Depletion Income Statement": 49700000.0,
        "Depreciation And Amortization In Income Statement": 49700000.0,
        "Amortization": 49700000.0,
        "Amortization Of Intangibles Income Statement": 49700000.0,
        "Selling General And Administration": 10800000.0,
        "General And Administrative Expense": NaN,
        "Other Gand A": NaN,
        "Salaries And Wages": NaN,
        "Gross Profit": 642700000.0,
        "Cost Of Revenue": 859600000.0,
        "Total Revenue": 1502300000.0,
        "Operating Revenue": 1502300000.0
    }
}