{
    "2023-03-31": {
        "Tax Effect Of Unusual Items": NaN,
        "Tax Rate For Calcs": NaN,
        "Normalized EBITDA": NaN,
        "Total Unusual Items": 314000.0,
        "Total Unusual Items Excluding Goodwill": 314000.0,
        "Net Income From Continuing Operation Net Minority Interest": NaN,
        "Reconciled Depreciation": NaN,
        "Reconciled Cost Of Revenue": NaN,
        "EBITDA": NaN,
        "EBIT": NaN,
        "Net Interest Income": NaN,
        "Interest Expense": NaN,
        "Interest Income": NaN,
        "Normalized Income": NaN,
        "Net Income From Continuing And Discontinued Operation": NaN,
        "Total Expenses": NaN,
        "Total Operating Income As Reported": NaN,
        "Diluted Average Shares": NaN,
        "Basic Average Shares": NaN,
        "Diluted EPS": NaN,
        "Basic EPS": NaN,
        "Diluted NI Availto Com Stockholders": NaN,
        "Net Income Common Stockholders": NaN,
        "Otherunder Preferred Stock Dividend": NaN,
        "Net Income": NaN,
        "Minority Interests": NaN,
        "Net Income Including Noncontrolling Interests": NaN,
        "Net Income Continuous Operations": NaN,
        "Tax Provision": NaN,
        "Pretax Income": NaN,
        "Other Income Expense": NaN,
        "Other Non Operating Income Expenses": NaN,
        "Earnings From Equity Interest": NaN,
        "Gain On Sale Of Security": 314000.0,
        "Net Non Operating Interest Income Expense": NaN,
        "Interest Expense Non Operating": NaN,
        "Interest Income Non Operating": NaN,
        "Operating Income": NaN,
        "Operating Expense": NaN,
        "Research And Development": NaN,
        "Selling General And Administration": NaN,
        "Gross Profit": NaN,
        "Cost Of Revenue": NaN,
        "Total Revenue": NaN,
        "Operating Revenue": NaN
    },
    "2022-12-31": {
        "Tax Effect Of Unusual Items": NaN,
        "Tax Rate For Calcs": NaN,
        "Normalized EBITDA": NaN,
        "Total Unusual Items": NaN,
        "Total Unusual Items Excluding Goodwill": NaN,
        "Net Income From Continuing Operation Net Minority Interest": NaN,
        "Reconciled Depreciation": NaN,
        "Reconciled Cost Of Revenue": NaN,
        "EBITDA": NaN,
        "EBIT": NaN,
        "Net Interest Income": NaN,
        "Interest Expense": NaN,
        "Interest Income": NaN,
        "Normalized Income": NaN,
        "Net Income From Continuing And Discontinued Operation": NaN,
        "Total Expenses": NaN,
        "Total Operating Income As Reported": NaN,
        "Diluted Average Shares": NaN,
        "Basic Average Shares": NaN,
        "Diluted EPS": NaN,
        "Basic EPS": NaN,
        "Diluted NI Availto Com Stockholders": NaN,
        "Net Income Common Stockholders": NaN,
        "Otherunder Preferred Stock Dividend": NaN,
        "Net Income": NaN,
        "Minority Interests": NaN,
        "Net Income Including Noncontrolling Interests": NaN,
        "Net Income Continuous Operations": NaN,
        "Tax Provision": NaN,
        "Pretax Income": NaN,
        "Other Income Expense": NaN,
        "Other Non Operating Income Expenses": NaN,
        "Earnings From Equity Interest": 0.0,
        "Gain On Sale Of Security": NaN,
        "Net Non Operating Interest Income Expense": NaN,
        "Interest Expense Non Operating": NaN,
        "Interest Income Non Operating": NaN,
        "Operating Income": NaN,
        "Operating Expense": NaN,
        "Research And Development": NaN,
        "Selling General And Administration": NaN,
        "Gross Profit": NaN,
        "Cost Of Revenue": NaN,
        "Total Revenue": NaN,
        "Operating Revenue": NaN
    },
    "2022-09-30": {
        "Tax Effect Of Unusual Items": NaN,
        "Tax Rate For Calcs": NaN,
        "Normalized EBITDA": NaN,
        "Total Unusual Items": 49769000.0,
        "Total Unusual Items Excluding Goodwill": 49769000.0,
        "Net Income From Continuing Operation Net Minority Interest": NaN,
        "Reconciled Depreciation": NaN,
        "Reconciled Cost Of Revenue": NaN,
        "EBITDA": NaN,
        "EBIT": NaN,
        "Net Interest Income": NaN,
        "Interest Expense": NaN,
        "Interest Income": NaN,
        "Normalized Income": NaN,
        "Net Income From Continuing And Discontinued Operation": NaN,
        "Total Expenses": NaN,
        "Total Operating Income As Reported": NaN,
        "Diluted Average Shares": NaN,
        "Basic Average Shares": NaN,
        "Diluted EPS": NaN,
        "Basic EPS": NaN,
        "Diluted NI Availto Com Stockholders": NaN,
        "Net Income Common Stockholders": NaN,
        "Otherunder Preferred Stock Dividend": NaN,
        "Net Income": NaN,
        "Minority Interests": NaN,
        "Net Income Including Noncontrolling Interests": NaN,
        "Net Income Continuous Operations": NaN,
        "Tax Provision": NaN,
        "Pretax Income": NaN,
        "Other Income Expense": NaN,
        "Other Non Operating Income Expenses": NaN,
        "Earnings From Equity Interest": NaN,
        "Gain On Sale Of Security": 49769000.0,
        "Net Non Operating Interest Income Expense": NaN,
        "Interest Expense Non Operating": NaN,
        "Interest Income Non Operating": NaN,
        "Operating Income": NaN,
        "Operating Expense": NaN,
        "Research And Development": NaN,
        "Selling General And Administration": NaN,
        "Gross Profit": NaN,
        "Cost Of Revenue": NaN,
        "Total Revenue": NaN,
        "Operating Revenue": NaN
    },
    "2022-06-30": {
        "Tax Effect Of Unusual Items": 0.0,
        "Tax Rate For Calcs": 0.217,
        "Normalized EBITDA": 106439000.0,
        "Net Income From Continuing Operation Net Minority Interest": 61524000.0,
        "Reconciled Depreciation": 25866000.0,
        "Reconciled Cost Of Revenue": 87878000.0,
        "EBITDA": 106439000.0,
        "EBIT": 80573000.0,
        "Net Interest Income": -2317000.0,
        "Interest Expense": 2505000.0,
        "Interest Income": 188000.0,
        "Normalized Income": 61524000.0,
        "Net Income From Continuing And Discontinued Operation": 61524000.0,
        "Total Expenses": 207656000.0,
        "Total Operating Income As Reported": 80573000.0,
        "Diluted Average Shares": 163588000.0,
        "Basic Average Shares": 156807000.0,
        "Diluted EPS": 0.3775,
        "Basic EPS": 0.3925,
        "Diluted NI Availto Com Stockholders": 61524000.0,
        "Net Income Common Stockholders": 61524000.0,
        "Otherunder Preferred Stock Dividend": 26000.0,
        "Net Income": 61524000.0,
        "Minority Interests": -392000.0,
        "Net Income Including Noncontrolling Interests": 61916000.0,
        "Net Income Continuous Operations": 61916000.0,
        "Tax Provision": 17137000.0,
        "Pretax Income": 79053000.0,
        "Other Income Expense": -1520000.0,
        "Other Non Operating Income Expenses": -1520000.0,
        "Net Non Operating Interest Income Expense": -2317000.0,
        "Interest Expense Non Operating": 2505000.0,
        "Interest Income Non Operating": 188000.0,
        "Operating Income": 80573000.0,
        "Operating Expense": 119778000.0,
        "Research And Development": 23148000.0,
        "Selling General And Administration": 96630000.0,
        "Gross Profit": 200351000.0,
        "Cost Of Revenue": 87878000.0,
        "Total Revenue": 288229000.0,
        "Operating Revenue": 288229000.0
    },
    "2022-03-31": {
        "Diluted EPS": 0.37,
        "Total Revenue": 290,
        "Gross Profit": 201,
        "Operating Income": 90,
        "EBIT": 116,
        "Net Income": 61
    },
    "2021-12-31": {
        "Diluted EPS": 0.49,
        "Total Revenue": 269,
        "Gross Profit": 184,
        "Operating Income": 62,
        "EBIT": 87,
        "Net Income": 80
    },
    "2021-09-30": {
        "Diluted EPS": 0.42,
        "Total Revenue": 258,
        "Gross Profit": 171,
        "Operating Income": 63,
        "EBIT": 88,
        "Net Income": 70
    },
    "2021-06-30": {
        "Diluted EPS": 0.09,
        "Total Revenue": 259,
        "Gross Profit": 176,
        "Operating Income": 69,
        "EBIT": 93,
        "Net Income": 15
    },
    "2021-03-31": {
        "Diluted EPS": 0.28,
        "Total Revenue": 244,
        "Gross Profit": 168,
        "Operating Income": 69,
        "EBIT": 90,
        "Net Income": 46
    },
    "2020-12-31": {
        "Diluted EPS": 0.29,
        "Total Revenue": 224,
        "Gross Profit": 151,
        "Operating Income": 51,
        "EBIT": 72,
        "Net Income": 46
    },
    "2020-09-30": {
        "Diluted EPS": 0.21,
        "Total Revenue": 204,
        "Gross Profit": 138,
        "Operating Income": 49,
        "EBIT": 70,
        "Net Income": 33
    },
    "2020-06-30": {
        "Diluted EPS": 0.38,
        "Total Revenue": 176,
        "Gross Profit": 113,
        "Operating Income": 39,
        "EBIT": 60,
        "Net Income": 59
    },
    "2020-03-31": {
        "Diluted EPS": 0.23,
        "Total Revenue": 195,
        "Gross Profit": 130,
        "Operating Income": 48,
        "EBIT": 69,
        "Net Income": 36
    },
    "2019-12-31": {
        "Diluted EPS": 0.76,
        "Total Revenue": 185,
        "Gross Profit": 121,
        "Operating Income": 37,
        "EBIT": 58,
        "Net Income": 120
    },
    "2019-09-30": {
        "Diluted EPS": 0.09,
        "Total Revenue": 183,
        "Gross Profit": 118,
        "Operating Income": 33,
        "EBIT": 53,
        "Net Income": 14
    },
    "2019-06-30": {
        "Diluted EPS": 0.11,
        "Total Revenue": 192,
        "Gross Profit": 128,
        "Operating Income": 43,
        "EBIT": 63,
        "Net Income": 16
    },
    "2019-03-31": {
        "Diluted EPS": 0.29,
        "Total Revenue": 185,
        "Gross Profit": 125,
        "Operating Income": 44,
        "EBIT": 63,
        "Net Income": 45
    },
    "2018-12-31": {
        "Diluted EPS": 0.11,
        "Total Revenue": 175,
        "Gross Profit": 113,
        "Operating Income": 34,
        "EBIT": 53,
        "Net Income": 18
    },
    "2018-09-30": {
        "Diluted EPS": 0.11,
        "Total Revenue": 163,
        "Gross Profit": 108,
        "Operating Income": 26,
        "EBIT": 45,
        "Net Income": 17
    },
    "2018-06-30": {
        "Diluted EPS": 0.27,
        "Total Revenue": 180,
        "Gross Profit": 122,
        "Operating Income": 43,
        "EBIT": 60,
        "Net Income": 42
    },
    "2018-03-31": {
        "Diluted EPS": 0.13,
        "Total Revenue": 164,
        "Gross Profit": 110,
        "Operating Income": 43,
        "EBIT": 59,
        "Net Income": 20
    },
    "2017-12-31": {
        "Diluted EPS": 0.32,
        "Total Revenue": 154,
        "Gross Profit": 102,
        "Operating Income": 24,
        "EBIT": 40,
        "Net Income": 49
    },
    "2017-09-30": {
        "Diluted EPS": 0.11,
        "Total Revenue": 145,
        "Gross Profit": 98,
        "Operating Income": 26,
        "EBIT": 41,
        "Net Income": 16
    },
    "2017-06-30": {
        "Diluted EPS": 0.19,
        "Total Revenue": 157,
        "Gross Profit": 102,
        "Operating Income": 40,
        "EBIT": 55,
        "Net Income": 28
    },
    "2017-03-31": {
        "Diluted EPS": 0.15,
        "Total Revenue": 144,
        "Gross Profit": 97,
        "Operating Income": 34,
        "EBIT": 50,
        "Net Income": 22
    },
    "2016-12-31": {
        "Diluted EPS": 0.05,
        "Total Revenue": 132,
        "Gross Profit": 88,
        "Operating Income": 18,
        "EBIT": 33,
        "Net Income": 7
    },
    "2016-09-30": {
        "Diluted EPS": 0.13,
        "Total Revenue": 131,
        "Gross Profit": 87,
        "Operating Income": 29,
        "EBIT": 43,
        "Net Income": 19
    },
    "2016-06-30": {
        "Diluted EPS": 0.17,
        "Total Revenue": 135,
        "Gross Profit": 90,
        "Operating Income": 40,
        "EBIT": 51,
        "Net Income": 26
    },
    "2016-03-31": {
        "Diluted EPS": 0.2,
        "Total Revenue": 131,
        "Gross Profit": 90,
        "Operating Income": 44,
        "EBIT": 54,
        "Net Income": 30
    },
    "2015-12-31": {
        "Diluted EPS": 0.17,
        "Total Revenue": 121,
        "Gross Profit": 82,
        "Operating Income": 36,
        "EBIT": 47,
        "Net Income": 26
    },
    "2015-09-30": {
        "Diluted EPS": 0.15,
        "Total Revenue": 112,
        "Gross Profit": 75,
        "Operating Income": 31,
        "EBIT": 42,
        "Net Income": 23
    },
    "2015-06-30": {
        "Diluted EPS": 0.18,
        "Total Revenue": 118,
        "Gross Profit": 79,
        "Operating Income": 38,
        "EBIT": 47,
        "Net Income": 26
    },
    "2015-03-31": {
        "Diluted EPS": 0.16,
        "Total Revenue": 114,
        "Gross Profit": 79,
        "Operating Income": 39,
        "EBIT": 49,
        "Net Income": 24
    },
    "2014-12-31": {
        "Diluted EPS": 0.22,
        "Total Revenue": 112,
        "Gross Profit": 76,
        "Operating Income": 35,
        "EBIT": 44,
        "Net Income": 33
    },
    "2014-09-30": {
        "Diluted EPS": 0.16,
        "Total Revenue": 108,
        "Gross Profit": 73,
        "Operating Income": 35,
        "EBIT": 44,
        "Net Income": 24
    },
    "2014-06-30": {
        "Diluted EPS": 0.18,
        "Total Revenue": 93,
        "Gross Profit": 64,
        "Operating Income": 39,
        "EBIT": 44,
        "Net Income": 27
    },
    "2014-03-31": {
        "Diluted EPS": 0.21,
        "Total Revenue": 96,
        "Gross Profit": 68,
        "Operating Income": 46,
        "EBIT": 51,
        "Net Income": 32
    },
    "2013-12-31": {
        "Diluted EPS": 0.17,
        "Total Revenue": 84,
        "Gross Profit": 59,
        "Operating Income": 36,
        "EBIT": 41,
        "Net Income": 25
    },
    "2013-09-30": {
        "Diluted EPS": 0.19,
        "Total Revenue": 86,
        "Gross Profit": 61,
        "Operating Income": 39,
        "EBIT": 43,
        "Net Income": 27
    },
    "2013-06-30": {
        "Diluted EPS": 0.19,
        "Total Revenue": 79,
        "Gross Profit": 59,
        "Operating Income": 40,
        "EBIT": 43,
        "Net Income": 28
    },
    "2013-03-31": {
        "Diluted EPS": 0.23,
        "Total Revenue": 81,
        "Gross Profit": 61,
        "Operating Income": 44,
        "EBIT": 47,
        "Net Income": 33
    },
    "2012-12-31": {
        "Diluted EPS": 0.17,
        "Total Revenue": 75,
        "Gross Profit": 55,
        "Operating Income": 37,
        "EBIT": 40,
        "Net Income": 25
    },
    "2012-09-30": {
        "Diluted EPS": 0.18,
        "Total Revenue": 75,
        "Gross Profit": 56,
        "Operating Income": 38,
        "EBIT": 41,
        "Net Income": 26
    },
    "2012-06-30": {
        "Diluted EPS": 0.19,
        "Total Revenue": 79,
        "Gross Profit": 59,
        "Operating Income": 41,
        "EBIT": 44,
        "Net Income": 27
    },
    "2012-03-31": {
        "Diluted EPS": 0.22,
        "Total Revenue": 84,
        "Gross Profit": 63,
        "Operating Income": 46,
        "EBIT": 49,
        "Net Income": 32
    },
    "2011-12-31": {
        "Diluted EPS": 0.18,
        "Total Revenue": 75,
        "Gross Profit": 55,
        "Operating Income": 38,
        "EBIT": 41,
        "Net Income": 26
    },
    "2011-09-30": {
        "Diluted EPS": 0.19,
        "Total Revenue": 78,
        "Gross Profit": 58,
        "Operating Income": 41,
        "EBIT": 44,
        "Net Income": 28
    },
    "2011-06-30": {
        "Diluted EPS": 0.19,
        "Total Revenue": 78,
        "Gross Profit": 60,
        "Operating Income": 43,
        "EBIT": 45,
        "Net Income": 28
    },
    "2011-03-31": {
        "Diluted EPS": 0.21,
        "Total Revenue": 76,
        "Gross Profit": 60,
        "Operating Income": 45,
        "EBIT": 47,
        "Net Income": 31
    },
    "2010-12-31": {
        "Diluted EPS": 0.18,
        "Total Revenue": 68,
        "Gross Profit": 52,
        "Operating Income": 37,
        "EBIT": 39,
        "Net Income": 27
    },
    "2010-09-30": {
        "Diluted EPS": 0.18,
        "Total Revenue": 68,
        "Gross Profit": 53,
        "Operating Income": 38,
        "EBIT": 40,
        "Net Income": 26
    },
    "2010-06-30": {
        "Diluted EPS": 0.17,
        "Total Revenue": 67,
        "Gross Profit": 52,
        "Operating Income": 39,
        "EBIT": 41,
        "Net Income": 26
    },
    "2010-03-31": {
        "Diluted EPS": 0.22,
        "Total Revenue": 70,
        "Gross Profit": 56,
        "Operating Income": 42,
        "EBIT": 44,
        "Net Income": 32
    },
    "2009-12-31": {
        "Diluted EPS": 0.17,
        "Total Revenue": 66,
        "Gross Profit": 52,
        "Operating Income": 37,
        "EBIT": 39,
        "Net Income": 25
    },
    "2009-09-30": {
        "Diluted EPS": 0.18,
        "Total Revenue": 67,
        "Gross Profit": 54,
        "Operating Income": 39,
        "EBIT": 41,
        "Net Income": 27
    },
    "2009-06-30": {
        "Diluted EPS": 0.17,
        "Total Revenue": 65,
        "Gross Profit": 50,
        "Operating Income": 36,
        "EBIT": 38,
        "Net Income": 25
    },
    "2009-03-31": {
        "Diluted EPS": 0.19,
        "Total Revenue": 68,
        "Gross Profit": 54,
        "Operating Income": 40,
        "EBIT": 42,
        "Net Income": 28
    },
    "2023-06-30": {
        "Tax Effect Of Unusual Items": NaN,
        "Tax Rate For Calcs": NaN,
        "Normalized EBITDA": NaN,
        "Total Unusual Items": NaN,
        "Total Unusual Items Excluding Goodwill": NaN,
        "Net Income From Continuing Operation Net Minority Interest": NaN,
        "Reconciled Depreciation": NaN,
        "Reconciled Cost Of Revenue": NaN,
        "EBITDA": NaN,
        "EBIT": NaN,
        "Net Interest Income": NaN,
        "Interest Expense": NaN,
        "Interest Income": NaN,
        "Normalized Income": NaN,
        "Net Income From Continuing And Discontinued Operation": NaN,
        "Total Expenses": NaN,
        "Total Operating Income As Reported": NaN,
        "Diluted Average Shares": NaN,
        "Basic Average Shares": NaN,
        "Diluted EPS": NaN,
        "Basic EPS": NaN,
        "Diluted NI Availto Com Stockholders": NaN,
        "Net Income Common Stockholders": NaN,
        "Otherunder Preferred Stock Dividend": NaN,
        "Net Income": NaN,
        "Minority Interests": 0.0,
        "Net Income Including Noncontrolling Interests": NaN,
        "Net Income Continuous Operations": NaN,
        "Tax Provision": NaN,
        "Pretax Income": NaN,
        "Other Income Expense": NaN,
        "Other Non Operating Income Expenses": NaN,
        "Earnings From Equity Interest": NaN,
        "Gain On Sale Of Security": NaN,
        "Net Non Operating Interest Income Expense": NaN,
        "Interest Expense Non Operating": NaN,
        "Interest Income Non Operating": NaN,
        "Operating Income": NaN,
        "Operating Expense": NaN,
        "Research And Development": NaN,
        "Selling General And Administration": NaN,
        "Gross Profit": NaN,
        "Cost Of Revenue": NaN,
        "Total Revenue": NaN,
        "Operating Revenue": NaN
    },
    "2023-09-30": {
        "Tax Effect Of Unusual Items": NaN,
        "Tax Rate For Calcs": NaN,
        "Normalized EBITDA": NaN,
        "Total Unusual Items": 283000.0,
        "Total Unusual Items Excluding Goodwill": 283000.0,
        "Net Income From Continuing Operation Net Minority Interest": NaN,
        "Reconciled Depreciation": NaN,
        "Reconciled Cost Of Revenue": NaN,
        "EBITDA": NaN,
        "EBIT": NaN,
        "Net Interest Income": NaN,
        "Interest Expense": NaN,
        "Interest Income": NaN,
        "Normalized Income": NaN,
        "Net Income From Continuing And Discontinued Operation": NaN,
        "Total Expenses": NaN,
        "Total Operating Income As Reported": NaN,
        "Diluted Average Shares": NaN,
        "Basic Average Shares": NaN,
        "Diluted EPS": NaN,
        "Basic EPS": NaN,
        "Diluted NI Availto Com Stockholders": NaN,
        "Net Income Common Stockholders": NaN,
        "Otherunder Preferred Stock Dividend": NaN,
        "Net Income": NaN,
        "Minority Interests": 0.0,
        "Net Income Including Noncontrolling Interests": NaN,
        "Net Income Continuous Operations": NaN,
        "Tax Provision": NaN,
        "Pretax Income": NaN,
        "Other Income Expense": NaN,
        "Other Non Operating Income Expenses": NaN,
        "Earnings From Equity Interest": NaN,
        "Gain On Sale Of Security": 283000.0,
        "Net Non Operating Interest Income Expense": NaN,
        "Interest Expense Non Operating": NaN,
        "Interest Income Non Operating": NaN,
        "Operating Income": NaN,
        "Operating Expense": NaN,
        "Research And Development": NaN,
        "Selling General And Administration": NaN,
        "Gross Profit": NaN,
        "Cost Of Revenue": NaN,
        "Total Revenue": NaN,
        "Operating Revenue": NaN
    },
    "2023-12-31": {
        "Tax Effect Of Unusual Items": NaN,
        "Tax Rate For Calcs": NaN,
        "Normalized EBITDA": NaN,
        "Total Unusual Items": NaN,
        "Total Unusual Items Excluding Goodwill": NaN,
        "Net Income From Continuing Operation Net Minority Interest": NaN,
        "Reconciled Depreciation": NaN,
        "Reconciled Cost Of Revenue": NaN,
        "EBITDA": NaN,
        "EBIT": NaN,
        "Net Interest Income": NaN,
        "Interest Expense": NaN,
        "Interest Income": NaN,
        "Normalized Income": NaN,
        "Net Income From Continuing And Discontinued Operation": NaN,
        "Total Expenses": NaN,
        "Total Operating Income As Reported": NaN,
        "Diluted Average Shares": NaN,
        "Basic Average Shares": NaN,
        "Diluted EPS": NaN,
        "Basic EPS": NaN,
        "Diluted NI Availto Com Stockholders": NaN,
        "Net Income Common Stockholders": NaN,
        "Otherunder Preferred Stock Dividend": NaN,
        "Net Income": NaN,
        "Minority Interests": 0.0,
        "Net Income Including Noncontrolling Interests": NaN,
        "Net Income Continuous Operations": NaN,
        "Tax Provision": NaN,
        "Pretax Income": NaN,
        "Other Income Expense": NaN,
        "Other Non Operating Income Expenses": NaN,
        "Earnings From Equity Interest": NaN,
        "Gain On Sale Of Security": NaN,
        "Net Non Operating Interest Income Expense": NaN,
        "Interest Expense Non Operating": NaN,
        "Interest Income Non Operating": NaN,
        "Operating Income": NaN,
        "Operating Expense": NaN,
        "Research And Development": NaN,
        "Selling General And Administration": NaN,
        "Gross Profit": NaN,
        "Cost Of Revenue": NaN,
        "Total Revenue": NaN,
        "Operating Revenue": NaN
    },
    "2024-03-31": {
        "Tax Effect Of Unusual Items": NaN,
        "Tax Rate For Calcs": NaN,
        "Normalized EBITDA": NaN,
        "Total Unusual Items": NaN,
        "Total Unusual Items Excluding Goodwill": NaN,
        "Net Income From Continuing Operation Net Minority Interest": NaN,
        "Reconciled Depreciation": NaN,
        "Reconciled Cost Of Revenue": NaN,
        "EBITDA": NaN,
        "EBIT": NaN,
        "Net Interest Income": NaN,
        "Interest Expense": NaN,
        "Interest Income": NaN,
        "Normalized Income": NaN,
        "Net Income From Continuing And Discontinued Operation": NaN,
        "Total Expenses": NaN,
        "Total Operating Income As Reported": NaN,
        "Diluted Average Shares": NaN,
        "Basic Average Shares": NaN,
        "Diluted EPS": NaN,
        "Basic EPS": NaN,
        "Diluted NI Availto Com Stockholders": NaN,
        "Net Income Common Stockholders": NaN,
        "Otherunder Preferred Stock Dividend": NaN,
        "Net Income": NaN,
        "Minority Interests": 0.0,
        "Net Income Including Noncontrolling Interests": NaN,
        "Net Income Continuous Operations": NaN,
        "Tax Provision": NaN,
        "Pretax Income": NaN,
        "Other Income Expense": NaN,
        "Other Non Operating Income Expenses": NaN,
        "Earnings From Equity Interest": NaN,
        "Gain On Sale Of Security": NaN,
        "Net Non Operating Interest Income Expense": NaN,
        "Interest Expense Non Operating": NaN,
        "Interest Income Non Operating": NaN,
        "Operating Income": NaN,
        "Operating Expense": NaN,
        "Research And Development": NaN,
        "Selling General And Administration": NaN,
        "Gross Profit": NaN,
        "Cost Of Revenue": NaN,
        "Total Revenue": NaN,
        "Operating Revenue": NaN
    },
    "2024-06-30": {
        "Tax Effect Of Unusual Items": NaN,
        "Tax Rate For Calcs": NaN,
        "Normalized EBITDA": NaN,
        "Total Unusual Items": -42071000.0,
        "Total Unusual Items Excluding Goodwill": -42071000.0,
        "Net Income From Continuing Operation Net Minority Interest": NaN,
        "Reconciled Depreciation": NaN,
        "Reconciled Cost Of Revenue": NaN,
        "EBITDA": NaN,
        "EBIT": NaN,
        "Net Interest Income": NaN,
        "Interest Expense": NaN,
        "Interest Income": NaN,
        "Normalized Income": NaN,
        "Net Income From Continuing And Discontinued Operation": NaN,
        "Total Expenses": NaN,
        "Total Operating Income As Reported": NaN,
        "Diluted Average Shares": NaN,
        "Basic Average Shares": NaN,
        "Diluted EPS": NaN,
        "Basic EPS": NaN,
        "Diluted NI Availto Com Stockholders": NaN,
        "Net Income Common Stockholders": NaN,
        "Otherunder Preferred Stock Dividend": NaN,
        "Net Income": NaN,
        "Minority Interests": 0.0,
        "Net Income Including Noncontrolling Interests": NaN,
        "Net Income Continuous Operations": NaN,
        "Tax Provision": NaN,
        "Pretax Income": NaN,
        "Other Income Expense": NaN,
        "Other Non Operating Income Expenses": NaN,
        "Earnings From Equity Interest": NaN,
        "Gain On Sale Of Security": -726000.0,
        "Net Non Operating Interest Income Expense": NaN,
        "Interest Expense Non Operating": NaN,
        "Interest Income Non Operating": NaN,
        "Operating Income": NaN,
        "Operating Expense": NaN,
        "Research And Development": NaN,
        "Selling General And Administration": NaN,
        "Gross Profit": NaN,
        "Cost Of Revenue": NaN,
        "Total Revenue": NaN,
        "Operating Revenue": NaN
    },
    "2024-09-30": {
        "Tax Effect Of Unusual Items": 0.0,
        "Tax Rate For Calcs": 0.163576,
        "Normalized EBITDA": 70484000.0,
        "Total Unusual Items": NaN,
        "Total Unusual Items Excluding Goodwill": NaN,
        "Net Income From Continuing Operation Net Minority Interest": 33600000.0,
        "Reconciled Depreciation": 28137000.0,
        "Reconciled Cost Of Revenue": 106441000.0,
        "EBITDA": 70484000.0,
        "EBIT": 42347000.0,
        "Net Interest Income": -1250000.0,
        "Interest Expense": 2176000.0,
        "Interest Income": 926000.0,
        "Normalized Income": 33600000.0,
        "Net Income From Continuing And Discontinued Operation": 33600000.0,
        "Total Expenses": 249471000.0,
        "Total Operating Income As Reported": 39987000.0,
        "Diluted Average Shares": 161115000.0,
        "Basic Average Shares": 158531000.0,
        "Diluted EPS": 0.21,
        "Basic EPS": 0.21,
        "Diluted NI Availto Com Stockholders": 33594000.0,
        "Net Income Common Stockholders": 33594000.0,
        "Otherunder Preferred Stock Dividend": 6000.0,
        "Net Income": 33600000.0,
        "Minority Interests": NaN,
        "Net Income Including Noncontrolling Interests": 33600000.0,
        "Net Income Continuous Operations": 33600000.0,
        "Tax Provision": 6571000.0,
        "Pretax Income": 40171000.0,
        "Other Income Expense": 1434000.0,
        "Other Non Operating Income Expenses": 1060000.0,
        "Earnings From Equity Interest": 374000.0,
        "Gain On Sale Of Security": NaN,
        "Net Non Operating Interest Income Expense": -1250000.0,
        "Interest Expense Non Operating": 2176000.0,
        "Interest Income Non Operating": 926000.0,
        "Operating Income": 39987000.0,
        "Operating Expense": 143030000.0,
        "Research And Development": 23869000.0,
        "Selling General And Administration": 119161000.0,
        "Gross Profit": 183017000.0,
        "Cost Of Revenue": 106441000.0,
        "Total Revenue": 289458000.0,
        "Operating Revenue": 289458000.0
    },
    "2024-12-31": {
        "Tax Effect Of Unusual Items": 0.0,
        "Tax Rate For Calcs": 0.186258,
        "Normalized EBITDA": 72108000.0,
        "Total Unusual Items": NaN,
        "Total Unusual Items Excluding Goodwill": NaN,
        "Net Income From Continuing Operation Net Minority Interest": 34890000.0,
        "Reconciled Depreciation": 27084000.0,
        "Reconciled Cost Of Revenue": 103145000.0,
        "EBITDA": 72108000.0,
        "EBIT": 45024000.0,
        "Net Interest Income": -800000.0,
        "Interest Expense": 2148000.0,
        "Interest Income": 1348000.0,
        "Normalized Income": 34890000.0,
        "Net Income From Continuing And Discontinued Operation": 34890000.0,
        "Total Expenses": 249612000.0,
        "Total Operating Income As Reported": 47419000.0,
        "Diluted Average Shares": 160626000.0,
        "Basic Average Shares": 158431000.0,
        "Diluted EPS": 0.22,
        "Basic EPS": 0.22,
        "Diluted NI Availto Com Stockholders": 34887000.0,
        "Net Income Common Stockholders": 34887000.0,
        "Otherunder Preferred Stock Dividend": 3000.0,
        "Net Income": 34890000.0,
        "Minority Interests": NaN,
        "Net Income Including Noncontrolling Interests": 34890000.0,
        "Net Income Continuous Operations": 34890000.0,
        "Tax Provision": 7986000.0,
        "Pretax Income": 42876000.0,
        "Other Income Expense": -3743000.0,
        "Other Non Operating Income Expenses": -3789000.0,
        "Earnings From Equity Interest": 46000.0,
        "Gain On Sale Of Security": NaN,
        "Net Non Operating Interest Income Expense": -800000.0,
        "Interest Expense Non Operating": 2148000.0,
        "Interest Income Non Operating": 1348000.0,
        "Operating Income": 47419000.0,
        "Operating Expense": 146467000.0,
        "Research And Development": 25016000.0,
        "Selling General And Administration": 121451000.0,
        "Gross Profit": 193886000.0,
        "Cost Of Revenue": 103145000.0,
        "Total Revenue": 297031000.0,
        "Operating Revenue": 297031000.0
    },
    "2025-03-31": {
        "Tax Effect Of Unusual Items": 0.0,
        "Tax Rate For Calcs": 0.21,
        "Normalized EBITDA": 67852000.0,
        "Total Unusual Items": NaN,
        "Total Unusual Items Excluding Goodwill": NaN,
        "Net Income From Continuing Operation Net Minority Interest": 22588000.0,
        "Reconciled Depreciation": 27571000.0,
        "Reconciled Cost Of Revenue": 101625000.0,
        "EBITDA": 67852000.0,
        "EBIT": 40281000.0,
        "Net Interest Income": -981000.0,
        "Interest Expense": 2007000.0,
        "Interest Income": 1026000.0,
        "Normalized Income": 22588000.0,
        "Net Income From Continuing And Discontinued Operation": 22588000.0,
        "Total Expenses": 277473000.0,
        "Total Operating Income As Reported": 38708000.0,
        "Diluted Average Shares": 158944000.0,
        "Basic Average Shares": 157372000.0,
        "Diluted EPS": 0.14,
        "Basic EPS": 0.14,
        "Diluted NI Availto Com Stockholders": 22585000.0,
        "Net Income Common Stockholders": 22585000.0,
        "Otherunder Preferred Stock Dividend": 3000.0,
        "Net Income": 22588000.0,
        "Minority Interests": NaN,
        "Net Income Including Noncontrolling Interests": 22588000.0,
        "Net Income Continuous Operations": 22588000.0,
        "Tax Provision": 15686000.0,
        "Pretax Income": 38274000.0,
        "Other Income Expense": 547000.0,
        "Other Non Operating Income Expenses": 1136000.0,
        "Earnings From Equity Interest": -589000.0,
        "Gain On Sale Of Security": NaN,
        "Net Non Operating Interest Income Expense": -981000.0,
        "Interest Expense Non Operating": 2007000.0,
        "Interest Income Non Operating": 1026000.0,
        "Operating Income": 38708000.0,
        "Operating Expense": 175848000.0,
        "Research And Development": 24579000.0,
        "Selling General And Administration": 151269000.0,
        "Gross Profit": 214556000.0,
        "Cost Of Revenue": 101625000.0,
        "Total Revenue": 316181000.0,
        "Operating Revenue": 316181000.0
    },
    "2025-06-30": {
        "Tax Effect Of Unusual Items": 0.0,
        "Tax Rate For Calcs": 0.22665,
        "Normalized EBITDA": 6430000.0,
        "Total Unusual Items": NaN,
        "Total Unusual Items Excluding Goodwill": NaN,
        "Net Income From Continuing Operation Net Minority Interest": -17678000.0,
        "Reconciled Depreciation": 27111000.0,
        "Reconciled Cost Of Revenue": 118152000.0,
        "EBITDA": 6430000.0,
        "EBIT": -20681000.0,
        "Net Interest Income": -1593000.0,
        "Interest Expense": 2178000.0,
        "Interest Income": 585000.0,
        "Normalized Income": -17678000.0,
        "Net Income From Continuing And Discontinued Operation": -17678000.0,
        "Total Expenses": 200275000.0,
        "Total Operating Income As Reported": -23860000.0,
        "Diluted Average Shares": 155757000.0,
        "Basic Average Shares": 154913000.0,
        "Diluted EPS": -0.11,
        "Basic EPS": -0.11,
        "Diluted NI Availto Com Stockholders": -17701000.0,
        "Net Income Common Stockholders": -17701000.0,
        "Otherunder Preferred Stock Dividend": 23000.0,
        "Net Income": -17678000.0,
        "Minority Interests": NaN,
        "Net Income Including Noncontrolling Interests": -17678000.0,
        "Net Income Continuous Operations": -17678000.0,
        "Tax Provision": -5181000.0,
        "Pretax Income": -22859000.0,
        "Other Income Expense": -137955000.0,
        "Other Non Operating Income Expenses": 1630000.0,
        "Earnings From Equity Interest": 1107000.0,
        "Gain On Sale Of Security": NaN,
        "Net Non Operating Interest Income Expense": -1593000.0,
        "Interest Expense Non Operating": 2178000.0,
        "Interest Income Non Operating": 585000.0,
        "Operating Income": 116689000.0,
        "Operating Expense": 82123000.0,
        "Research And Development": 26032000.0,
        "Selling General And Administration": 23216000.0,
        "Gross Profit": 198812000.0,
        "Cost Of Revenue": 118152000.0,
        "Total Revenue": 316964000.0,
        "Operating Revenue": 316964000.0
    },
    "2025-09-30": {
        "Tax Effect Of Unusual Items": 0.0,
        "Tax Rate For Calcs": 0.20433,
        "Normalized EBITDA": 75265000.0,
        "Total Unusual Items": NaN,
        "Total Unusual Items Excluding Goodwill": NaN,
        "Net Income From Continuing Operation Net Minority Interest": 38185000.0,
        "Reconciled Depreciation": 24340000.0,
        "Reconciled Cost Of Revenue": 98443000.0,
        "EBITDA": 75265000.0,
        "EBIT": 50925000.0,
        "Net Interest Income": -1963000.0,
        "Interest Expense": 2934000.0,
        "Interest Income": 971000.0,
        "Normalized Income": 38185000.0,
        "Net Income From Continuing And Discontinued Operation": 38185000.0,
        "Total Expenses": 238897000.0,
        "Total Operating Income As Reported": 47658000.0,
        "Diluted Average Shares": 156362000.0,
        "Basic Average Shares": 155464000.0,
        "Diluted EPS": 0.24,
        "Basic EPS": 0.25,
        "Diluted NI Availto Com Stockholders": 38179000.0,
        "Net Income Common Stockholders": 38179000.0,
        "Otherunder Preferred Stock Dividend": 6000.0,
        "Net Income": 38185000.0,
        "Minority Interests": NaN,
        "Net Income Including Noncontrolling Interests": 38185000.0,
        "Net Income Continuous Operations": 38185000.0,
        "Tax Provision": 9806000.0,
        "Pretax Income": 47991000.0,
        "Other Income Expense": 2296000.0,
        "Other Non Operating Income Expenses": 2002000.0,
        "Earnings From Equity Interest": 294000.0,
        "Gain On Sale Of Security": NaN,
        "Net Non Operating Interest Income Expense": -1963000.0,
        "Interest Expense Non Operating": 2934000.0,
        "Interest Income Non Operating": 971000.0,
        "Operating Income": 47658000.0,
        "Operating Expense": 140454000.0,
        "Research And Development": 24241000.0,
        "Selling General And Administration": 116213000.0,
        "Gross Profit": 188112000.0,
        "Cost Of Revenue": 98443000.0,
        "Total Revenue": 286555000.0,
        "Operating Revenue": 286555000.0
    },
    "2025-12-31": {
        "Tax Effect Of Unusual Items": 0.0,
        "Tax Rate For Calcs": 0.251556,
        "Normalized EBITDA": 77664000.0,
        "Total Unusual Items": NaN,
        "Total Unusual Items Excluding Goodwill": NaN,
        "Net Income From Continuing Operation Net Minority Interest": 38009000.0,
        "Reconciled Depreciation": 24709000.0,
        "Reconciled Cost Of Revenue": 104600000.0,
        "EBITDA": 77664000.0,
        "EBIT": 52955000.0,
        "Net Interest Income": -1274000.0,
        "Interest Expense": 2171000.0,
        "Interest Income": 897000.0,
        "Normalized Income": 38009000.0,
        "Net Income From Continuing And Discontinued Operation": 38009000.0,
        "Total Expenses": 241416000.0,
        "Total Operating Income As Reported": 54461000.0,
        "Diluted Average Shares": 156999000.0,
        "Basic Average Shares": 155839000.0,
        "Diluted EPS": 0.24,
        "Basic EPS": 0.24,
        "Diluted NI Availto Com Stockholders": 38003000.0,
        "Net Income Common Stockholders": 38003000.0,
        "Otherunder Preferred Stock Dividend": 6000.0,
        "Net Income": 38009000.0,
        "Minority Interests": NaN,
        "Net Income Including Noncontrolling Interests": 38009000.0,
        "Net Income Continuous Operations": 38009000.0,
        "Tax Provision": 12775000.0,
        "Pretax Income": 50784000.0,
        "Other Income Expense": -2403000.0,
        "Other Non Operating Income Expenses": -2513000.0,
        "Earnings From Equity Interest": 110000.0,
        "Gain On Sale Of Security": NaN,
        "Net Non Operating Interest Income Expense": -1274000.0,
        "Interest Expense Non Operating": 2171000.0,
        "Interest Income Non Operating": 897000.0,
        "Operating Income": 54461000.0,
        "Operating Expense": 136816000.0,
        "Research And Development": 23125000.0,
        "Selling General And Administration": 113691000.0,
        "Gross Profit": 191277000.0,
        "Cost Of Revenue": 104600000.0,
        "Total Revenue": 295877000.0,
        "Operating Revenue": 295877000.0
    }
}