{
    "2022-12-31": {
        "Tax Effect Of Unusual Items": 0.0,
        "Tax Rate For Calcs": 0.0,
        "Normalized EBITDA": -9936000.0,
        "Total Unusual Items": 0.0,
        "Total Unusual Items Excluding Goodwill": 0.0,
        "Net Income From Continuing Operation Net Minority Interest": -10292000.0,
        "Reconciled Depreciation": 322000.0,
        "EBITDA": -9936000.0,
        "EBIT": -10258000.0,
        "Net Interest Income": 53000.0,
        "Interest Expense": 34000.0,
        "Interest Income": 87000.0,
        "Normalized Income": -10292000.0,
        "Net Income From Continuing And Discontinued Operation": -10292000.0,
        "Total Expenses": 10345000.0,
        "Total Operating Income As Reported": -10345000.0,
        "Diluted Average Shares": NaN,
        "Basic Average Shares": NaN,
        "Diluted EPS": NaN,
        "Basic EPS": NaN,
        "Diluted NI Availto Com Stockholders": -10292000.0,
        "Net Income Common Stockholders": -10292000.0,
        "Net Income": -10292000.0,
        "Net Income Including Noncontrolling Interests": -10292000.0,
        "Net Income Continuous Operations": -10292000.0,
        "Pretax Income": -10292000.0,
        "Other Income Expense": 0.0,
        "Other Non Operating Income Expenses": 0.0,
        "Gain On Sale Of Security": 0.0,
        "Net Non Operating Interest Income Expense": 53000.0,
        "Interest Expense Non Operating": 34000.0,
        "Interest Income Non Operating": 87000.0,
        "Operating Income": -10345000.0,
        "Operating Expense": 10345000.0,
        "Research And Development": 8275000.0,
        "Selling General And Administration": 2070000.0,
        "General And Administrative Expense": 2070000.0,
        "Other Gand A": 942000.0,
        "Salaries And Wages": 1128000.0,
        "Total Revenue": 0.0,
        "Operating Revenue": 0.0
    },
    "2024-06-30": {
        "Tax Effect Of Unusual Items": 0.0,
        "Tax Rate For Calcs": 0.0,
        "Normalized EBITDA": -12307000.0,
        "Net Income From Continuing Operation Net Minority Interest": -12671000.0,
        "Reconciled Depreciation": 336000.0,
        "EBITDA": -12307000.0,
        "EBIT": -12643000.0,
        "Net Interest Income": 290000.0,
        "Interest Expense": 28000.0,
        "Interest Income": 318000.0,
        "Normalized Income": -12671000.0,
        "Net Income From Continuing And Discontinued Operation": -12671000.0,
        "Total Expenses": 11421000.0,
        "Total Operating Income As Reported": -11421000.0,
        "Diluted Average Shares": 2919872.0,
        "Basic Average Shares": 2919872.0,
        "Diluted EPS": -4.34,
        "Basic EPS": -4.34,
        "Diluted NI Availto Com Stockholders": -12671000.0,
        "Net Income Common Stockholders": -12671000.0,
        "Net Income": -12671000.0,
        "Net Income Including Noncontrolling Interests": -12671000.0,
        "Net Income Continuous Operations": -12671000.0,
        "Tax Provision": 0.0,
        "Pretax Income": -12671000.0,
        "Other Income Expense": -1540000.0,
        "Other Non Operating Income Expenses": -1540000.0,
        "Net Non Operating Interest Income Expense": 290000.0,
        "Interest Expense Non Operating": 28000.0,
        "Interest Income Non Operating": 318000.0,
        "Operating Income": -11421000.0,
        "Operating Expense": 11421000.0,
        "Research And Development": 7074000.0,
        "Selling General And Administration": 4347000.0,
        "General And Administrative Expense": 4347000.0,
        "Other Gand A": 2804000.0,
        "Salaries And Wages": 1543000.0,
        "Total Revenue": 0.0,
        "Operating Revenue": 0.0
    },
    "2023-09-30": {
        "Tax Effect Of Unusual Items": NaN,
        "Tax Rate For Calcs": NaN,
        "Normalized EBITDA": NaN,
        "Net Income From Continuing Operation Net Minority Interest": NaN,
        "Reconciled Depreciation": NaN,
        "EBITDA": NaN,
        "EBIT": NaN,
        "Net Interest Income": NaN,
        "Interest Expense": NaN,
        "Interest Income": NaN,
        "Normalized Income": NaN,
        "Net Income From Continuing And Discontinued Operation": NaN,
        "Total Expenses": NaN,
        "Total Operating Income As Reported": NaN,
        "Diluted Average Shares": 14734323.0,
        "Basic Average Shares": 14734323.0,
        "Diluted EPS": -0.682352,
        "Basic EPS": -0.682352,
        "Diluted NI Availto Com Stockholders": NaN,
        "Net Income Common Stockholders": NaN,
        "Net Income": NaN,
        "Net Income Including Noncontrolling Interests": NaN,
        "Net Income Continuous Operations": NaN,
        "Pretax Income": NaN,
        "Other Income Expense": NaN,
        "Other Non Operating Income Expenses": NaN,
        "Net Non Operating Interest Income Expense": NaN,
        "Interest Expense Non Operating": NaN,
        "Interest Income Non Operating": NaN,
        "Operating Income": NaN,
        "Operating Expense": NaN,
        "Research And Development": NaN,
        "Selling General And Administration": NaN,
        "General And Administrative Expense": NaN,
        "Other Gand A": NaN,
        "Salaries And Wages": NaN,
        "Total Revenue": NaN,
        "Operating Revenue": NaN
    },
    "2023-06-30": {
        "Tax Effect Of Unusual Items": NaN,
        "Tax Rate For Calcs": NaN,
        "Normalized EBITDA": NaN,
        "Net Income From Continuing Operation Net Minority Interest": NaN,
        "Reconciled Depreciation": NaN,
        "EBITDA": NaN,
        "EBIT": NaN,
        "Net Interest Income": NaN,
        "Interest Expense": NaN,
        "Interest Income": NaN,
        "Normalized Income": NaN,
        "Net Income From Continuing And Discontinued Operation": NaN,
        "Total Expenses": NaN,
        "Total Operating Income As Reported": NaN,
        "Diluted Average Shares": 14734323.0,
        "Basic Average Shares": 14734323.0,
        "Diluted EPS": -0.709568,
        "Basic EPS": -0.709568,
        "Diluted NI Availto Com Stockholders": NaN,
        "Net Income Common Stockholders": NaN,
        "Net Income": NaN,
        "Net Income Including Noncontrolling Interests": NaN,
        "Net Income Continuous Operations": NaN,
        "Pretax Income": NaN,
        "Other Income Expense": NaN,
        "Other Non Operating Income Expenses": NaN,
        "Net Non Operating Interest Income Expense": NaN,
        "Interest Expense Non Operating": NaN,
        "Interest Income Non Operating": NaN,
        "Operating Income": NaN,
        "Operating Expense": NaN,
        "Research And Development": NaN,
        "Selling General And Administration": NaN,
        "General And Administrative Expense": NaN,
        "Other Gand A": NaN,
        "Salaries And Wages": NaN,
        "Total Revenue": NaN,
        "Operating Revenue": NaN
    },
    "2024-09-30": {
        "Tax Effect Of Unusual Items": 0.0,
        "Tax Rate For Calcs": 0.0,
        "Normalized EBITDA": -17268000.0,
        "Net Income From Continuing Operation Net Minority Interest": -17717000.0,
        "Reconciled Depreciation": 424000.0,
        "EBITDA": -17268000.0,
        "EBIT": -17692000.0,
        "Net Interest Income": 1927000.0,
        "Interest Expense": 25000.0,
        "Interest Income": 1952000.0,
        "Normalized Income": -17717000.0,
        "Net Income From Continuing And Discontinued Operation": -17717000.0,
        "Total Expenses": 19637000.0,
        "Total Operating Income As Reported": -19637000.0,
        "Diluted Average Shares": 14729018.0,
        "Basic Average Shares": 14729018.0,
        "Diluted EPS": -1.2,
        "Basic EPS": -1.2,
        "Diluted NI Availto Com Stockholders": -17717000.0,
        "Net Income Common Stockholders": -17717000.0,
        "Net Income": -17717000.0,
        "Net Income Including Noncontrolling Interests": -17717000.0,
        "Net Income Continuous Operations": -17717000.0,
        "Tax Provision": NaN,
        "Pretax Income": -17717000.0,
        "Other Income Expense": -7000.0,
        "Other Non Operating Income Expenses": -7000.0,
        "Net Non Operating Interest Income Expense": 1927000.0,
        "Interest Expense Non Operating": 25000.0,
        "Interest Income Non Operating": 1952000.0,
        "Operating Income": -19637000.0,
        "Operating Expense": 19637000.0,
        "Research And Development": 14317000.0,
        "Selling General And Administration": 5320000.0,
        "General And Administrative Expense": 5320000.0,
        "Other Gand A": 2189000.0,
        "Salaries And Wages": 3131000.0,
        "Total Revenue": 0.0,
        "Operating Revenue": 0.0
    },
    "2024-12-31": {
        "Tax Effect Of Unusual Items": 0.0,
        "Tax Rate For Calcs": 0.0,
        "Normalized EBITDA": -11843000.0,
        "Net Income From Continuing Operation Net Minority Interest": -12373000.0,
        "Reconciled Depreciation": 508000.0,
        "EBITDA": -11843000.0,
        "EBIT": -12351000.0,
        "Net Interest Income": 1713000.0,
        "Interest Expense": 22000.0,
        "Interest Income": 1735000.0,
        "Normalized Income": -12373000.0,
        "Net Income From Continuing And Discontinued Operation": -12373000.0,
        "Total Expenses": 13991000.0,
        "Total Operating Income As Reported": -13991000.0,
        "Diluted Average Shares": 14792618.0,
        "Basic Average Shares": 14792618.0,
        "Diluted EPS": -0.84,
        "Basic EPS": -0.84,
        "Diluted NI Availto Com Stockholders": -12373000.0,
        "Net Income Common Stockholders": -12373000.0,
        "Net Income": -12373000.0,
        "Net Income Including Noncontrolling Interests": -12373000.0,
        "Net Income Continuous Operations": -12373000.0,
        "Tax Provision": NaN,
        "Pretax Income": -12373000.0,
        "Other Income Expense": -95000.0,
        "Other Non Operating Income Expenses": 3515000.0,
        "Net Non Operating Interest Income Expense": 1713000.0,
        "Interest Expense Non Operating": 22000.0,
        "Interest Income Non Operating": 1735000.0,
        "Operating Income": -13991000.0,
        "Operating Expense": 13991000.0,
        "Research And Development": 9156000.0,
        "Selling General And Administration": 4835000.0,
        "General And Administrative Expense": 4835000.0,
        "Other Gand A": 2893000.0,
        "Salaries And Wages": 1942000.0,
        "Total Revenue": 0.0,
        "Operating Revenue": 0.0
    },
    "2023-12-31": {
        "Tax Effect Of Unusual Items": 0.0,
        "Tax Rate For Calcs": 0.0,
        "Normalized EBITDA": -7462000.0,
        "Net Income From Continuing Operation Net Minority Interest": -7869000.0,
        "Reconciled Depreciation": 373000.0,
        "EBITDA": -7462000.0,
        "EBIT": -7835000.0,
        "Net Interest Income": 99000.0,
        "Interest Expense": 34000.0,
        "Interest Income": 133000.0,
        "Normalized Income": -7869000.0,
        "Net Income From Continuing And Discontinued Operation": -7869000.0,
        "Total Expenses": 9374000.0,
        "Total Operating Income As Reported": -9374000.0,
        "Diluted Average Shares": NaN,
        "Basic Average Shares": NaN,
        "Diluted EPS": NaN,
        "Basic EPS": NaN,
        "Diluted NI Availto Com Stockholders": -7869000.0,
        "Net Income Common Stockholders": -7869000.0,
        "Net Income": -7869000.0,
        "Net Income Including Noncontrolling Interests": -7869000.0,
        "Net Income Continuous Operations": -7869000.0,
        "Pretax Income": -7869000.0,
        "Other Income Expense": 1406000.0,
        "Other Non Operating Income Expenses": 151000.0,
        "Net Non Operating Interest Income Expense": 99000.0,
        "Interest Expense Non Operating": 34000.0,
        "Interest Income Non Operating": 133000.0,
        "Operating Income": -9374000.0,
        "Operating Expense": 9374000.0,
        "Research And Development": 7192000.0,
        "Selling General And Administration": 2182000.0,
        "General And Administrative Expense": 2182000.0,
        "Other Gand A": 1279000.0,
        "Salaries And Wages": 903000.0,
        "Total Revenue": 0.0,
        "Operating Revenue": 0.0
    },
    "2025-03-31": {
        "Tax Effect Of Unusual Items": 0.0,
        "Tax Rate For Calcs": 0.0,
        "Normalized EBITDA": -15526000.0,
        "Net Income From Continuing Operation Net Minority Interest": -15906000.0,
        "Reconciled Depreciation": 360000.0,
        "EBITDA": -15526000.0,
        "EBIT": -15886000.0,
        "Net Interest Income": 2424000.0,
        "Interest Expense": 20000.0,
        "Interest Income": 2444000.0,
        "Normalized Income": -15906000.0,
        "Net Income From Continuing And Discontinued Operation": -15906000.0,
        "Total Expenses": 18298000.0,
        "Total Operating Income As Reported": -18298000.0,
        "Diluted Average Shares": 17157661.0,
        "Basic Average Shares": 17157661.0,
        "Diluted EPS": -0.93,
        "Basic EPS": -0.93,
        "Diluted NI Availto Com Stockholders": -15906000.0,
        "Net Income Common Stockholders": -15906000.0,
        "Net Income": -15906000.0,
        "Net Income Including Noncontrolling Interests": -15906000.0,
        "Net Income Continuous Operations": -15906000.0,
        "Tax Provision": NaN,
        "Pretax Income": -15906000.0,
        "Other Income Expense": -32000.0,
        "Other Non Operating Income Expenses": -32000.0,
        "Net Non Operating Interest Income Expense": 2424000.0,
        "Interest Expense Non Operating": 20000.0,
        "Interest Income Non Operating": 2444000.0,
        "Operating Income": -18298000.0,
        "Operating Expense": 18298000.0,
        "Research And Development": 13036000.0,
        "Selling General And Administration": 5262000.0,
        "General And Administrative Expense": 5262000.0,
        "Other Gand A": 2743000.0,
        "Salaries And Wages": 2519000.0,
        "Total Revenue": 0.0,
        "Operating Revenue": 0.0
    },
    "2024-03-31": {
        "Tax Effect Of Unusual Items": 0.0,
        "Tax Rate For Calcs": 0.0,
        "Normalized EBITDA": -14813000.0,
        "Net Income From Continuing Operation Net Minority Interest": -15221000.0,
        "Reconciled Depreciation": 377000.0,
        "EBITDA": -14813000.0,
        "EBIT": -15190000.0,
        "Net Interest Income": 225000.0,
        "Interest Expense": 31000.0,
        "Interest Income": 256000.0,
        "Normalized Income": -15221000.0,
        "Net Income From Continuing And Discontinued Operation": -15221000.0,
        "Total Expenses": 12968000.0,
        "Total Operating Income As Reported": -12968000.0,
        "Diluted Average Shares": 14734323.0,
        "Basic Average Shares": 14734323.0,
        "Diluted EPS": -1.03303,
        "Basic EPS": -1.03303,
        "Diluted NI Availto Com Stockholders": -15221000.0,
        "Net Income Common Stockholders": -15221000.0,
        "Net Income": -15221000.0,
        "Net Income Including Noncontrolling Interests": -15221000.0,
        "Net Income Continuous Operations": -15221000.0,
        "Pretax Income": -15221000.0,
        "Other Income Expense": -2478000.0,
        "Other Non Operating Income Expenses": -2478000.0,
        "Net Non Operating Interest Income Expense": 225000.0,
        "Interest Expense Non Operating": 31000.0,
        "Interest Income Non Operating": 256000.0,
        "Operating Income": -12968000.0,
        "Operating Expense": 12968000.0,
        "Research And Development": 10818000.0,
        "Selling General And Administration": 2150000.0,
        "General And Administrative Expense": 2150000.0,
        "Other Gand A": 904000.0,
        "Salaries And Wages": 1246000.0,
        "Total Revenue": 0.0,
        "Operating Revenue": 0.0
    },
    "2025-06-30": {
        "Tax Effect Of Unusual Items": 0.0,
        "Tax Rate For Calcs": 0.21,
        "Normalized EBITDA": -18651000.0,
        "Net Income From Continuing Operation Net Minority Interest": -19984000.0,
        "Reconciled Depreciation": 340000.0,
        "EBITDA": -18651000.0,
        "EBIT": -18991000.0,
        "Net Interest Income": 3372000.0,
        "Interest Expense": 17000.0,
        "Interest Income": 3389000.0,
        "Normalized Income": -19984000.0,
        "Net Income From Continuing And Discontinued Operation": -19984000.0,
        "Total Expenses": 22332000.0,
        "Total Operating Income As Reported": -22332000.0,
        "Diluted Average Shares": 18680042.0,
        "Basic Average Shares": 18680042.0,
        "Diluted EPS": -1.07,
        "Basic EPS": -1.07,
        "Diluted NI Availto Com Stockholders": -19984000.0,
        "Net Income Common Stockholders": -19984000.0,
        "Net Income": -19984000.0,
        "Net Income Including Noncontrolling Interests": -19984000.0,
        "Net Income Continuous Operations": -19984000.0,
        "Tax Provision": 976000.0,
        "Pretax Income": -19008000.0,
        "Other Income Expense": -48000.0,
        "Other Non Operating Income Expenses": -48000.0,
        "Net Non Operating Interest Income Expense": 3372000.0,
        "Interest Expense Non Operating": 17000.0,
        "Interest Income Non Operating": 3389000.0,
        "Operating Income": -22332000.0,
        "Operating Expense": 22332000.0,
        "Research And Development": 17185000.0,
        "Selling General And Administration": 5147000.0,
        "General And Administrative Expense": 5147000.0,
        "Other Gand A": 2199000.0,
        "Salaries And Wages": 2948000.0,
        "Total Revenue": 0.0,
        "Operating Revenue": 0.0
    }
}