{
    "2023-06-30": {
        "Tax Effect Of Unusual Items": NaN,
        "Tax Rate For Calcs": NaN,
        "Normalized EBITDA": NaN,
        "Total Unusual Items": 0.0,
        "Total Unusual Items Excluding Goodwill": 0.0,
        "Net Income From Continuing Operation Net Minority Interest": NaN,
        "Reconciled Depreciation": NaN,
        "Reconciled Cost Of Revenue": NaN,
        "EBITDA": NaN,
        "EBIT": NaN,
        "Net Interest Income": NaN,
        "Interest Expense": NaN,
        "Interest Income": NaN,
        "Normalized Income": NaN,
        "Net Income From Continuing And Discontinued Operation": NaN,
        "Total Expenses": NaN,
        "Total Operating Income As Reported": NaN,
        "Diluted Average Shares": NaN,
        "Basic Average Shares": NaN,
        "Diluted EPS": NaN,
        "Basic EPS": NaN,
        "Diluted NI Availto Com Stockholders": NaN,
        "Net Income Common Stockholders": NaN,
        "Net Income": NaN,
        "Net Income Including Noncontrolling Interests": NaN,
        "Net Income Continuous Operations": NaN,
        "Tax Provision": NaN,
        "Pretax Income": NaN,
        "Other Income Expense": NaN,
        "Other Non Operating Income Expenses": NaN,
        "Special Income Charges": 0.0,
        "Restructuring And Mergern Acquisition": 0.0,
        "Net Non Operating Interest Income Expense": NaN,
        "Interest Expense Non Operating": NaN,
        "Interest Income Non Operating": NaN,
        "Operating Income": NaN,
        "Operating Expense": NaN,
        "Research And Development": NaN,
        "Selling General And Administration": NaN,
        "Selling And Marketing Expense": NaN,
        "General And Administrative Expense": NaN,
        "Other Gand A": NaN,
        "Gross Profit": NaN,
        "Cost Of Revenue": NaN,
        "Total Revenue": NaN,
        "Operating Revenue": NaN
    },
    "2023-03-31": {
        "Tax Effect Of Unusual Items": NaN,
        "Tax Rate For Calcs": NaN,
        "Normalized EBITDA": NaN,
        "Total Unusual Items": 0.0,
        "Total Unusual Items Excluding Goodwill": 0.0,
        "Net Income From Continuing Operation Net Minority Interest": NaN,
        "Reconciled Depreciation": NaN,
        "Reconciled Cost Of Revenue": NaN,
        "EBITDA": NaN,
        "EBIT": NaN,
        "Net Interest Income": NaN,
        "Interest Expense": NaN,
        "Interest Income": NaN,
        "Normalized Income": NaN,
        "Net Income From Continuing And Discontinued Operation": NaN,
        "Total Expenses": NaN,
        "Total Operating Income As Reported": NaN,
        "Diluted Average Shares": NaN,
        "Basic Average Shares": NaN,
        "Diluted EPS": NaN,
        "Basic EPS": NaN,
        "Diluted NI Availto Com Stockholders": NaN,
        "Net Income Common Stockholders": NaN,
        "Net Income": NaN,
        "Net Income Including Noncontrolling Interests": NaN,
        "Net Income Continuous Operations": NaN,
        "Tax Provision": NaN,
        "Pretax Income": NaN,
        "Other Income Expense": NaN,
        "Other Non Operating Income Expenses": NaN,
        "Special Income Charges": 0.0,
        "Restructuring And Mergern Acquisition": 0.0,
        "Net Non Operating Interest Income Expense": NaN,
        "Interest Expense Non Operating": NaN,
        "Interest Income Non Operating": NaN,
        "Operating Income": NaN,
        "Operating Expense": NaN,
        "Research And Development": NaN,
        "Selling General And Administration": NaN,
        "Selling And Marketing Expense": NaN,
        "General And Administrative Expense": NaN,
        "Other Gand A": NaN,
        "Gross Profit": NaN,
        "Cost Of Revenue": NaN,
        "Total Revenue": NaN,
        "Operating Revenue": NaN
    },
    "2022-12-31": {
        "Tax Effect Of Unusual Items": 0.0,
        "Tax Rate For Calcs": 0.21,
        "Normalized EBITDA": -4145000.0,
        "Net Income From Continuing Operation Net Minority Interest": -21487000.0,
        "Reconciled Depreciation": 6283000.0,
        "Reconciled Cost Of Revenue": 45240000.0,
        "EBITDA": -4145000.0,
        "EBIT": -10428000.0,
        "Net Interest Income": -3217000.0,
        "Interest Expense": 6755000.0,
        "Interest Income": 3538000.0,
        "Normalized Income": -21487000.0,
        "Net Income From Continuing And Discontinued Operation": -21487000.0,
        "Total Expenses": 198720000.0,
        "Total Operating Income As Reported": -14089000.0,
        "Diluted Average Shares": 112742000.0,
        "Basic Average Shares": 112742000.0,
        "Diluted EPS": -0.19,
        "Basic EPS": -0.19,
        "Diluted NI Availto Com Stockholders": -21487000.0,
        "Net Income Common Stockholders": -21487000.0,
        "Net Income": -21487000.0,
        "Net Income Including Noncontrolling Interests": -21487000.0,
        "Net Income Continuous Operations": -21487000.0,
        "Tax Provision": 4304000.0,
        "Pretax Income": -17183000.0,
        "Other Income Expense": 123000.0,
        "Other Non Operating Income Expenses": 123000.0,
        "Net Non Operating Interest Income Expense": -3217000.0,
        "Interest Expense Non Operating": 6755000.0,
        "Interest Income Non Operating": 3538000.0,
        "Operating Income": -14089000.0,
        "Operating Expense": 153480000.0,
        "Research And Development": 36911000.0,
        "Selling General And Administration": 116569000.0,
        "Selling And Marketing Expense": 91311000.0,
        "General And Administrative Expense": 25258000.0,
        "Other Gand A": 25258000.0,
        "Gross Profit": 139391000.0,
        "Cost Of Revenue": 45240000.0,
        "Total Revenue": 184631000.0,
        "Operating Revenue": 184631000.0
    },
    "2022-09-30": {
        "Tax Effect Of Unusual Items": 0.0,
        "Tax Rate For Calcs": 0.21,
        "Normalized EBITDA": -9261000.0,
        "Net Income From Continuing Operation Net Minority Interest": -18730000.0,
        "Reconciled Depreciation": 5770000.0,
        "Reconciled Cost Of Revenue": 38582000.0,
        "EBITDA": -9261000.0,
        "EBIT": -15031000.0,
        "Net Interest Income": -3279000.0,
        "Interest Expense": 3279000.0,
        "Interest Income": 1803000.0,
        "Normalized Income": -18730000.0,
        "Net Income From Continuing And Discontinued Operation": -18730000.0,
        "Total Expenses": 187809000.0,
        "Total Operating Income As Reported": -12958000.0,
        "Diluted Average Shares": 111937000.0,
        "Basic Average Shares": 111937000.0,
        "Diluted EPS": -0.17,
        "Basic EPS": -0.17,
        "Diluted NI Availto Com Stockholders": -18730000.0,
        "Net Income Common Stockholders": -18730000.0,
        "Net Income": -18730000.0,
        "Net Income Including Noncontrolling Interests": -18730000.0,
        "Net Income Continuous Operations": -18730000.0,
        "Tax Provision": 420000.0,
        "Pretax Income": -18310000.0,
        "Other Income Expense": -2073000.0,
        "Other Non Operating Income Expenses": -2073000.0,
        "Net Non Operating Interest Income Expense": -3279000.0,
        "Interest Expense Non Operating": 3279000.0,
        "Interest Income Non Operating": 1803000.0,
        "Operating Income": -12958000.0,
        "Operating Expense": 149227000.0,
        "Research And Development": 36131000.0,
        "Selling General And Administration": 113096000.0,
        "Selling And Marketing Expense": 88123000.0,
        "General And Administrative Expense": 24973000.0,
        "Other Gand A": 24973000.0,
        "Salaries And Wages": NaN,
        "Gross Profit": 136269000.0,
        "Cost Of Revenue": 38582000.0,
        "Total Revenue": 174851000.0,
        "Operating Revenue": 174851000.0
    },
    "2022-06-30": {
        "Tax Effect Of Unusual Items": 0.0,
        "Tax Rate For Calcs": 0.017121,
        "Normalized EBITDA": -19838000.0,
        "Net Income From Continuing Operation Net Minority Interest": -27499000.0,
        "Reconciled Depreciation": 5245000.0,
        "Reconciled Cost Of Revenue": 36037000.0,
        "EBITDA": -19838000.0,
        "EBIT": -25083000.0,
        "Net Interest Income": -2895000.0,
        "Interest Expense": 2895000.0,
        "Interest Income": NaN,
        "Normalized Income": -27499000.0,
        "Net Income From Continuing And Discontinued Operation": -27499000.0,
        "Total Expenses": 187561000.0,
        "Total Operating Income As Reported": -23220000.0,
        "Diluted Average Shares": 111041000.0,
        "Basic Average Shares": 111041000.0,
        "Diluted EPS": -0.25,
        "Basic EPS": -0.25,
        "Diluted NI Availto Com Stockholders": -27499000.0,
        "Net Income Common Stockholders": -27499000.0,
        "Net Income": -27499000.0,
        "Net Income Including Noncontrolling Interests": -27499000.0,
        "Net Income Continuous Operations": -27499000.0,
        "Tax Provision": -479000.0,
        "Pretax Income": -27978000.0,
        "Other Income Expense": -1863000.0,
        "Other Non Operating Income Expenses": -1863000.0,
        "Net Non Operating Interest Income Expense": -2895000.0,
        "Interest Expense Non Operating": 2895000.0,
        "Interest Income Non Operating": NaN,
        "Operating Income": -23220000.0,
        "Operating Expense": 151524000.0,
        "Research And Development": 36228000.0,
        "Selling General And Administration": 115296000.0,
        "Selling And Marketing Expense": 88426000.0,
        "General And Administrative Expense": 26870000.0,
        "Other Gand A": 26870000.0,
        "Gross Profit": 128304000.0,
        "Cost Of Revenue": 36037000.0,
        "Total Revenue": 164341000.0,
        "Operating Revenue": 164341000.0
    },
    "2022-03-31": {
        "Diluted EPS": -0.22,
        "Total Revenue": 159,
        "Gross Profit": 124,
        "Operating Income": -18,
        "EBIT": -13,
        "Net Income": -25
    },
    "2021-12-31": {
        "Diluted EPS": -0.11,
        "Total Revenue": 149,
        "Gross Profit": 118,
        "Operating Income": -13,
        "EBIT": -8,
        "Net Income": -11
    },
    "2021-09-30": {
        "Diluted EPS": -0.15,
        "Total Revenue": 139,
        "Gross Profit": 112,
        "Operating Income": -11,
        "EBIT": -7,
        "Net Income": -16
    },
    "2021-06-30": {
        "Diluted EPS": -0.11,
        "Total Revenue": 130,
        "Gross Profit": 104,
        "Operating Income": -12,
        "EBIT": -8,
        "Net Income": -12
    },
    "2021-03-31": {
        "Diluted EPS": -0.07,
        "Total Revenue": 123,
        "Gross Profit": 101,
        "Operating Income": -6,
        "EBIT": -3,
        "Net Income": -8
    },
    "2020-12-31": {
        "Diluted EPS": -0.01,
        "Total Revenue": 118,
        "Gross Profit": 98,
        "Operating Income": -1,
        "EBIT": 2,
        "Net Income": -2
    },
    "2020-09-30": {
        "Diluted EPS": -0.06,
        "Total Revenue": 112,
        "Gross Profit": 93,
        "Operating Income": -3,
        "EBIT": -1,
        "Net Income": -6
    },
    "2020-06-30": {
        "Diluted EPS": -0.12,
        "Total Revenue": 107,
        "Gross Profit": 88,
        "Operating Income": -11,
        "EBIT": -8,
        "Net Income": -12
    },
    "2020-03-31": {
        "Diluted EPS": -0.23,
        "Total Revenue": 103,
        "Gross Profit": 84,
        "Operating Income": -22,
        "EBIT": -19,
        "Net Income": -23
    },
    "2019-12-31": {
        "Diluted EPS": -0.39,
        "Total Revenue": 97,
        "Gross Profit": 79,
        "Operating Income": -28,
        "EBIT": -25,
        "Net Income": -38
    },
    "2019-09-30": {
        "Diluted EPS": -0.18,
        "Total Revenue": 92,
        "Gross Profit": 77,
        "Operating Income": -18,
        "EBIT": -17,
        "Net Income": -18
    },
    "2019-06-30": {
        "Diluted EPS": -0.23,
        "Total Revenue": 85,
        "Gross Profit": 71,
        "Operating Income": -22,
        "EBIT": -21,
        "Net Income": -22
    },
    "2019-03-31": {
        "Diluted EPS": -0.23,
        "Total Revenue": 80,
        "Gross Profit": 67,
        "Operating Income": -23,
        "EBIT": -21,
        "Net Income": -21
    },
    "2018-12-31": {
        "Diluted EPS": 0.31,
        "Total Revenue": 75,
        "Gross Profit": 63,
        "Operating Income": -20,
        "EBIT": -18,
        "Net Income": -20
    },
    "2018-09-30": {
        "Diluted EPS": -0.28,
        "Total Revenue": 69,
        "Gross Profit": 57,
        "Operating Income": -21,
        "EBIT": -20,
        "Net Income": -21
    },
    "2018-06-30": {
        "Diluted EPS": -0.73,
        "Total Revenue": 64,
        "Gross Profit": 54,
        "Operating Income": -16,
        "EBIT": -15,
        "Net Income": -17
    },
    "2018-03-31": {
        "Diluted EPS": -0.68,
        "Total Revenue": 59,
        "Gross Profit": 50,
        "Operating Income": -15,
        "EBIT": -14,
        "Net Income": -16
    },
    "2017-12-31": {
        "Diluted EPS": 0.0,
        "Total Revenue": NaN,
        "Gross Profit": NaN,
        "Operating Income": NaN,
        "EBIT": NaN,
        "Net Income": NaN
    },
    "2017-09-30": {
        "Diluted EPS": -0.51,
        "Total Revenue": 49,
        "Gross Profit": 42,
        "Operating Income": -11,
        "EBIT": -10,
        "Net Income": -12
    },
    "2017-06-30": {
        "Diluted EPS": -0.43,
        "Total Revenue": 44,
        "Gross Profit": 39,
        "Operating Income": -9,
        "EBIT": -9,
        "Net Income": -9
    },
    "2016-12-31": {
        "Diluted EPS": 0.0,
        "Total Revenue": NaN,
        "Gross Profit": NaN,
        "Operating Income": NaN,
        "EBIT": NaN,
        "Net Income": NaN
    },
    "2023-09-30": {
        "Tax Effect Of Unusual Items": NaN,
        "Tax Rate For Calcs": NaN,
        "Normalized EBITDA": NaN,
        "Total Unusual Items": 0.0,
        "Total Unusual Items Excluding Goodwill": 0.0,
        "Net Income From Continuing Operation Net Minority Interest": NaN,
        "Reconciled Depreciation": NaN,
        "Reconciled Cost Of Revenue": NaN,
        "EBITDA": NaN,
        "EBIT": NaN,
        "Net Interest Income": NaN,
        "Interest Expense": NaN,
        "Interest Income": NaN,
        "Normalized Income": NaN,
        "Net Income From Continuing And Discontinued Operation": NaN,
        "Total Expenses": NaN,
        "Total Operating Income As Reported": NaN,
        "Diluted Average Shares": 115954000.0,
        "Basic Average Shares": 115954000.0,
        "Diluted EPS": -0.13,
        "Basic EPS": -0.13,
        "Diluted NI Availto Com Stockholders": NaN,
        "Net Income Common Stockholders": NaN,
        "Net Income": NaN,
        "Net Income Including Noncontrolling Interests": NaN,
        "Net Income Continuous Operations": NaN,
        "Tax Provision": NaN,
        "Pretax Income": NaN,
        "Other Income Expense": NaN,
        "Other Non Operating Income Expenses": NaN,
        "Special Income Charges": 0.0,
        "Restructuring And Mergern Acquisition": 0.0,
        "Net Non Operating Interest Income Expense": NaN,
        "Interest Expense Non Operating": NaN,
        "Interest Income Non Operating": NaN,
        "Operating Income": NaN,
        "Operating Expense": NaN,
        "Research And Development": NaN,
        "Selling General And Administration": NaN,
        "Selling And Marketing Expense": NaN,
        "General And Administrative Expense": NaN,
        "Other Gand A": NaN,
        "Gross Profit": NaN,
        "Cost Of Revenue": NaN,
        "Total Revenue": NaN,
        "Operating Revenue": NaN
    },
    "2023-12-31": {
        "Tax Effect Of Unusual Items": 0.0,
        "Tax Rate For Calcs": 0.21,
        "Normalized EBITDA": -1370000.0,
        "Total Unusual Items": NaN,
        "Total Unusual Items Excluding Goodwill": NaN,
        "Net Income From Continuing Operation Net Minority Interest": -21648000.0,
        "Reconciled Depreciation": 8208000.0,
        "Reconciled Cost Of Revenue": 48803000.0,
        "EBITDA": -1370000.0,
        "EBIT": -9578000.0,
        "Net Interest Income": -2754000.0,
        "Interest Expense": 8131000.0,
        "Interest Income": 5377000.0,
        "Normalized Income": -21648000.0,
        "Net Income From Continuing And Discontinued Operation": -21648000.0,
        "Total Expenses": 223153000.0,
        "Total Operating Income As Reported": -14346000.0,
        "Diluted Average Shares": 116717000.0,
        "Basic Average Shares": 116717000.0,
        "Diluted EPS": -0.19,
        "Basic EPS": -0.19,
        "Diluted NI Availto Com Stockholders": -21648000.0,
        "Net Income Common Stockholders": -21648000.0,
        "Net Income": -21648000.0,
        "Net Income Including Noncontrolling Interests": -21648000.0,
        "Net Income Continuous Operations": -21648000.0,
        "Tax Provision": 3939000.0,
        "Pretax Income": -17709000.0,
        "Other Income Expense": -5108000.0,
        "Other Non Operating Income Expenses": -609000.0,
        "Special Income Charges": NaN,
        "Restructuring And Mergern Acquisition": NaN,
        "Net Non Operating Interest Income Expense": -2754000.0,
        "Interest Expense Non Operating": 8131000.0,
        "Interest Income Non Operating": 5377000.0,
        "Operating Income": -9847000.0,
        "Operating Expense": 174350000.0,
        "Research And Development": 40083000.0,
        "Selling General And Administration": 134267000.0,
        "Selling And Marketing Expense": 103700000.0,
        "General And Administrative Expense": 30567000.0,
        "Other Gand A": 30567000.0,
        "Gross Profit": 164503000.0,
        "Cost Of Revenue": 48803000.0,
        "Total Revenue": 213306000.0,
        "Operating Revenue": 213306000.0
    },
    "2024-03-31": {
        "Tax Effect Of Unusual Items": -291690.0,
        "Tax Rate For Calcs": 0.21,
        "Normalized EBITDA": 5005000.0,
        "Total Unusual Items": -1389000.0,
        "Total Unusual Items Excluding Goodwill": -1389000.0,
        "Net Income From Continuing Operation Net Minority Interest": -14386000.0,
        "Reconciled Depreciation": 8232000.0,
        "Reconciled Cost Of Revenue": 48932000.0,
        "EBITDA": 3616000.0,
        "EBIT": -4616000.0,
        "Net Interest Income": -2488000.0,
        "Interest Expense": 8112000.0,
        "Interest Income": 5624000.0,
        "Normalized Income": -13288690.0,
        "Net Income From Continuing And Discontinued Operation": -14386000.0,
        "Total Expenses": 223502000.0,
        "Total Operating Income As Reported": -8930000.0,
        "Diluted Average Shares": 117542000.0,
        "Basic Average Shares": 117542000.0,
        "Diluted EPS": -0.12,
        "Basic EPS": -0.12,
        "Diluted NI Availto Com Stockholders": -14386000.0,
        "Net Income Common Stockholders": -14386000.0,
        "Net Income": -14386000.0,
        "Net Income Including Noncontrolling Interests": -14386000.0,
        "Net Income Continuous Operations": -14386000.0,
        "Tax Provision": 1658000.0,
        "Pretax Income": -12728000.0,
        "Other Income Expense": -2699000.0,
        "Other Non Operating Income Expenses": -1310000.0,
        "Special Income Charges": -1389000.0,
        "Restructuring And Mergern Acquisition": 1389000.0,
        "Net Non Operating Interest Income Expense": -2488000.0,
        "Interest Expense Non Operating": 8112000.0,
        "Interest Income Non Operating": 5624000.0,
        "Operating Income": -7541000.0,
        "Operating Expense": 174570000.0,
        "Research And Development": 43727000.0,
        "Selling General And Administration": 130843000.0,
        "Selling And Marketing Expense": 99825000.0,
        "General And Administrative Expense": 31018000.0,
        "Other Gand A": 31018000.0,
        "Gross Profit": 167029000.0,
        "Cost Of Revenue": 48932000.0,
        "Total Revenue": 215961000.0,
        "Operating Revenue": 215961000.0
    },
    "2024-06-30": {
        "Tax Effect Of Unusual Items": -983010.0,
        "Tax Rate For Calcs": 0.21,
        "Normalized EBITDA": 9562000.0,
        "Total Unusual Items": -4681000.0,
        "Total Unusual Items Excluding Goodwill": -4681000.0,
        "Net Income From Continuing Operation Net Minority Interest": -14572000.0,
        "Reconciled Depreciation": 7632000.0,
        "Reconciled Cost Of Revenue": 48798000.0,
        "EBITDA": 4881000.0,
        "EBIT": -2751000.0,
        "Net Interest Income": -2099000.0,
        "Interest Expense": 8073000.0,
        "Interest Income": 5974000.0,
        "Normalized Income": -10874010.0,
        "Net Income From Continuing And Discontinued Operation": -14572000.0,
        "Total Expenses": 225378000.0,
        "Total Operating Income As Reported": -8818000.0,
        "Diluted Average Shares": 118681000.0,
        "Basic Average Shares": 118681000.0,
        "Diluted EPS": -0.12,
        "Basic EPS": -0.12,
        "Diluted NI Availto Com Stockholders": -14572000.0,
        "Net Income Common Stockholders": -14572000.0,
        "Net Income": -14572000.0,
        "Net Income Including Noncontrolling Interests": -14572000.0,
        "Net Income Continuous Operations": -14572000.0,
        "Tax Provision": 3748000.0,
        "Pretax Income": -10824000.0,
        "Other Income Expense": -4588000.0,
        "Other Non Operating Income Expenses": 93000.0,
        "Special Income Charges": -4681000.0,
        "Restructuring And Mergern Acquisition": 4681000.0,
        "Net Non Operating Interest Income Expense": -2099000.0,
        "Interest Expense Non Operating": 8073000.0,
        "Interest Income Non Operating": 5974000.0,
        "Operating Income": -4137000.0,
        "Operating Expense": 176580000.0,
        "Research And Development": 45149000.0,
        "Selling General And Administration": 131431000.0,
        "Selling And Marketing Expense": 101129000.0,
        "General And Administrative Expense": 30302000.0,
        "Other Gand A": 30302000.0,
        "Gross Profit": 172443000.0,
        "Cost Of Revenue": 48798000.0,
        "Total Revenue": 221241000.0,
        "Operating Revenue": 221241000.0
    },
    "2024-09-30": {
        "Tax Effect Of Unusual Items": 0.0,
        "Tax Rate For Calcs": 0.21,
        "Normalized EBITDA": 12835000.0,
        "Total Unusual Items": 0.0,
        "Total Unusual Items Excluding Goodwill": 0.0,
        "Net Income From Continuing Operation Net Minority Interest": -9211000.0,
        "Reconciled Depreciation": 8570000.0,
        "Reconciled Cost Of Revenue": 50499000.0,
        "EBITDA": 12835000.0,
        "EBIT": 4265000.0,
        "Net Interest Income": -2159000.0,
        "Interest Expense": 8148000.0,
        "Interest Income": 5989000.0,
        "Normalized Income": -9211000.0,
        "Net Income From Continuing And Discontinued Operation": -9211000.0,
        "Total Expenses": 229171000.0,
        "Total Operating Income As Reported": -2083000.0,
        "Diluted Average Shares": 119169000.0,
        "Basic Average Shares": 119169000.0,
        "Diluted EPS": -0.08,
        "Basic EPS": -0.08,
        "Diluted NI Availto Com Stockholders": -9211000.0,
        "Net Income Common Stockholders": -9211000.0,
        "Net Income": -9211000.0,
        "Net Income Including Noncontrolling Interests": -9211000.0,
        "Net Income Continuous Operations": -9211000.0,
        "Tax Provision": 5328000.0,
        "Pretax Income": -3883000.0,
        "Other Income Expense": 359000.0,
        "Other Non Operating Income Expenses": 359000.0,
        "Special Income Charges": 0.0,
        "Restructuring And Mergern Acquisition": 0.0,
        "Net Non Operating Interest Income Expense": -2159000.0,
        "Interest Expense Non Operating": 8148000.0,
        "Interest Income Non Operating": 5989000.0,
        "Operating Income": -2083000.0,
        "Operating Expense": 178672000.0,
        "Research And Development": 48020000.0,
        "Selling General And Administration": 130652000.0,
        "Selling And Marketing Expense": 99083000.0,
        "General And Administrative Expense": 31569000.0,
        "Other Gand A": 31569000.0,
        "Gross Profit": 176589000.0,
        "Cost Of Revenue": 50499000.0,
        "Total Revenue": 227088000.0,
        "Operating Revenue": 227088000.0
    },
    "2024-12-31": {
        "Tax Effect Of Unusual Items": 0.0,
        "Tax Rate For Calcs": 0.21,
        "Normalized EBITDA": 24911000.0,
        "Total Unusual Items": 0.0,
        "Total Unusual Items Excluding Goodwill": 0.0,
        "Net Income From Continuing Operation Net Minority Interest": 1868000.0,
        "Reconciled Depreciation": 8775000.0,
        "Reconciled Cost Of Revenue": 51439000.0,
        "EBITDA": 24911000.0,
        "EBIT": 16136000.0,
        "Net Interest Income": -1849000.0,
        "Interest Expense": 7587000.0,
        "Interest Income": 5738000.0,
        "Normalized Income": 1868000.0,
        "Net Income From Continuing And Discontinued Operation": 1868000.0,
        "Total Expenses": 222756000.0,
        "Total Operating Income As Reported": 12975000.0,
        "Diluted Average Shares": 123853000.0,
        "Basic Average Shares": 119748000.0,
        "Diluted EPS": 0.02,
        "Basic EPS": 0.02,
        "Diluted NI Availto Com Stockholders": 1868000.0,
        "Net Income Common Stockholders": 1868000.0,
        "Net Income": 1868000.0,
        "Net Income Including Noncontrolling Interests": 1868000.0,
        "Net Income Continuous Operations": 1868000.0,
        "Tax Provision": 6681000.0,
        "Pretax Income": 8549000.0,
        "Other Income Expense": -2577000.0,
        "Other Non Operating Income Expenses": -2577000.0,
        "Special Income Charges": 0.0,
        "Restructuring And Mergern Acquisition": 0.0,
        "Net Non Operating Interest Income Expense": -1849000.0,
        "Interest Expense Non Operating": 7587000.0,
        "Interest Income Non Operating": 5738000.0,
        "Operating Income": 12975000.0,
        "Operating Expense": 171317000.0,
        "Research And Development": 44728000.0,
        "Selling General And Administration": 126589000.0,
        "Selling And Marketing Expense": 95348000.0,
        "General And Administrative Expense": 31241000.0,
        "Other Gand A": 31241000.0,
        "Gross Profit": 184292000.0,
        "Cost Of Revenue": 51439000.0,
        "Total Revenue": 235731000.0,
        "Operating Revenue": 235731000.0
    },
    "2025-03-31": {
        "Tax Effect Of Unusual Items": 0.0,
        "Tax Rate For Calcs": 0.21,
        "Normalized EBITDA": -2456000.0,
        "Total Unusual Items": 0.0,
        "Total Unusual Items Excluding Goodwill": 0.0,
        "Net Income From Continuing Operation Net Minority Interest": -22935000.0,
        "Reconciled Depreciation": 9854000.0,
        "Reconciled Cost Of Revenue": 52460000.0,
        "EBITDA": -2456000.0,
        "EBIT": -12310000.0,
        "Net Interest Income": -2084000.0,
        "Interest Expense": 7011000.0,
        "Interest Income": 4927000.0,
        "Normalized Income": -22935000.0,
        "Net Income From Continuing And Discontinued Operation": -22935000.0,
        "Total Expenses": 256848000.0,
        "Total Operating Income As Reported": -17711000.0,
        "Diluted Average Shares": 120083000.0,
        "Basic Average Shares": 120083000.0,
        "Diluted EPS": -0.19,
        "Basic EPS": -0.19,
        "Diluted NI Availto Com Stockholders": -22935000.0,
        "Net Income Common Stockholders": -22935000.0,
        "Net Income": -22935000.0,
        "Net Income Including Noncontrolling Interests": -22935000.0,
        "Net Income Continuous Operations": -22935000.0,
        "Tax Provision": 3614000.0,
        "Pretax Income": -19321000.0,
        "Other Income Expense": 474000.0,
        "Other Non Operating Income Expenses": 474000.0,
        "Special Income Charges": 0.0,
        "Restructuring And Mergern Acquisition": 0.0,
        "Net Non Operating Interest Income Expense": -2084000.0,
        "Interest Expense Non Operating": 7011000.0,
        "Interest Income Non Operating": 4927000.0,
        "Operating Income": -17711000.0,
        "Operating Expense": 204388000.0,
        "Research And Development": 53223000.0,
        "Selling General And Administration": 151165000.0,
        "Selling And Marketing Expense": 103182000.0,
        "General And Administrative Expense": 47983000.0,
        "Other Gand A": 47983000.0,
        "Gross Profit": 186677000.0,
        "Cost Of Revenue": 52460000.0,
        "Total Revenue": 239137000.0,
        "Operating Revenue": 239137000.0
    },
    "2025-06-30": {
        "Tax Effect Of Unusual Items": 0.0,
        "Tax Rate For Calcs": 0.21,
        "Normalized EBITDA": 7483000.0,
        "Total Unusual Items": 0.0,
        "Total Unusual Items Excluding Goodwill": 0.0,
        "Net Income From Continuing Operation Net Minority Interest": -14706000.0,
        "Reconciled Depreciation": 10826000.0,
        "Reconciled Cost Of Revenue": 54434000.0,
        "EBITDA": 7483000.0,
        "EBIT": -3343000.0,
        "Net Interest Income": -3059000.0,
        "Interest Expense": 7139000.0,
        "Interest Income": 4080000.0,
        "Normalized Income": -14706000.0,
        "Net Income From Continuing And Discontinued Operation": -14706000.0,
        "Total Expenses": 254743000.0,
        "Total Operating Income As Reported": -7448000.0,
        "Diluted Average Shares": 120979000.0,
        "Basic Average Shares": 120979000.0,
        "Diluted EPS": -0.12,
        "Basic EPS": -0.12,
        "Diluted NI Availto Com Stockholders": -14706000.0,
        "Net Income Common Stockholders": -14706000.0,
        "Net Income": -14706000.0,
        "Net Income Including Noncontrolling Interests": -14706000.0,
        "Net Income Continuous Operations": -14706000.0,
        "Tax Provision": 4224000.0,
        "Pretax Income": -10482000.0,
        "Other Income Expense": 25000.0,
        "Other Non Operating Income Expenses": 25000.0,
        "Special Income Charges": 0.0,
        "Restructuring And Mergern Acquisition": 0.0,
        "Net Non Operating Interest Income Expense": -3059000.0,
        "Interest Expense Non Operating": 7139000.0,
        "Interest Income Non Operating": 4080000.0,
        "Operating Income": -7448000.0,
        "Operating Expense": 200309000.0,
        "Research And Development": 59236000.0,
        "Selling General And Administration": 141073000.0,
        "Selling And Marketing Expense": 107091000.0,
        "General And Administrative Expense": 33982000.0,
        "Other Gand A": 33982000.0,
        "Gross Profit": 192861000.0,
        "Cost Of Revenue": 54434000.0,
        "Total Revenue": 247295000.0,
        "Operating Revenue": 247295000.0
    }
}