{
    "2023-06-30": {
        "Tax Effect Of Unusual Items": NaN,
        "Tax Rate For Calcs": NaN,
        "Normalized EBITDA": NaN,
        "Total Unusual Items": NaN,
        "Total Unusual Items Excluding Goodwill": NaN,
        "Net Income From Continuing Operation Net Minority Interest": NaN,
        "Reconciled Depreciation": NaN,
        "Reconciled Cost Of Revenue": NaN,
        "EBITDA": NaN,
        "EBIT": NaN,
        "Net Interest Income": NaN,
        "Interest Expense": NaN,
        "Interest Income": NaN,
        "Normalized Income": NaN,
        "Net Income From Continuing And Discontinued Operation": NaN,
        "Total Expenses": NaN,
        "Total Operating Income As Reported": NaN,
        "Diluted Average Shares": NaN,
        "Basic Average Shares": NaN,
        "Diluted EPS": NaN,
        "Basic EPS": NaN,
        "Diluted NI Availto Com Stockholders": NaN,
        "Net Income Common Stockholders": NaN,
        "Net Income": NaN,
        "Net Income Including Noncontrolling Interests": NaN,
        "Net Income Continuous Operations": NaN,
        "Earnings From Equity Interest Net Of Tax": NaN,
        "Tax Provision": NaN,
        "Pretax Income": NaN,
        "Other Income Expense": NaN,
        "Other Non Operating Income Expenses": NaN,
        "Special Income Charges": NaN,
        "Gain On Sale Of Business": 0.0,
        "Restructuring And Mergern Acquisition": NaN,
        "Net Non Operating Interest Income Expense": NaN,
        "Interest Expense Non Operating": NaN,
        "Interest Income Non Operating": NaN,
        "Operating Income": NaN,
        "Operating Expense": NaN,
        "Depreciation Amortization Depletion Income Statement": NaN,
        "Depreciation And Amortization In Income Statement": NaN,
        "Amortization": NaN,
        "Amortization Of Intangibles Income Statement": NaN,
        "Research And Development": NaN,
        "Selling General And Administration": NaN,
        "Gross Profit": NaN,
        "Cost Of Revenue": NaN,
        "Total Revenue": NaN,
        "Operating Revenue": NaN
    },
    "2023-03-31": {
        "Tax Effect Of Unusual Items": -285180.0,
        "Tax Rate For Calcs": 0.14,
        "Normalized EBITDA": 127714000.0,
        "Total Unusual Items": -2037000.0,
        "Total Unusual Items Excluding Goodwill": -2037000.0,
        "Net Income From Continuing Operation Net Minority Interest": 83531000.0,
        "Reconciled Depreciation": 27606000.0,
        "Reconciled Cost Of Revenue": 238305000.0,
        "EBITDA": 125677000.0,
        "EBIT": 98071000.0,
        "Net Interest Income": 4271000.0,
        "Interest Expense": 987000.0,
        "Interest Income": 5258000.0,
        "Normalized Income": 85282820.0,
        "Net Income From Continuing And Discontinued Operation": 83531000.0,
        "Total Expenses": 522628000.0,
        "Total Operating Income As Reported": 92864000.0,
        "Diluted Average Shares": 166308000.0,
        "Basic Average Shares": 155904000.0,
        "Diluted EPS": 0.5,
        "Basic EPS": 0.54,
        "Diluted NI Availto Com Stockholders": 83531000.0,
        "Net Income Common Stockholders": 83531000.0,
        "Net Income": 83531000.0,
        "Net Income Including Noncontrolling Interests": 83531000.0,
        "Net Income Continuous Operations": 83531000.0,
        "Tax Provision": 13553000.0,
        "Pretax Income": 97084000.0,
        "Other Income Expense": -2088000.0,
        "Other Non Operating Income Expenses": -51000.0,
        "Special Income Charges": -2037000.0,
        "Restructuring And Mergern Acquisition": 2037000.0,
        "Net Non Operating Interest Income Expense": 4271000.0,
        "Interest Expense Non Operating": 987000.0,
        "Interest Income Non Operating": 5258000.0,
        "Operating Income": 94901000.0,
        "Operating Expense": 261519000.0,
        "Depreciation Amortization Depletion Income Statement": 4802000.0,
        "Depreciation And Amortization In Income Statement": 4802000.0,
        "Amortization": 4802000.0,
        "Amortization Of Intangibles Income Statement": 4802000.0,
        "Research And Development": 105762000.0,
        "Selling General And Administration": 150955000.0,
        "Gross Profit": 356420000.0,
        "Cost Of Revenue": 261109000.0,
        "Total Revenue": 617529000.0,
        "Operating Revenue": 617529000.0
    },
    "2022-12-31": {
        "Tax Effect Of Unusual Items": 628975.778157,
        "Tax Rate For Calcs": 0.117478,
        "Normalized EBITDA": 218659000.0,
        "Total Unusual Items": 5354000.0,
        "Total Unusual Items Excluding Goodwill": 5354000.0,
        "Net Income From Continuing Operation Net Minority Interest": 172301000.0,
        "Reconciled Depreciation": 27761000.0,
        "Reconciled Cost Of Revenue": 288295000.0,
        "EBITDA": 224013000.0,
        "EBIT": 196252000.0,
        "Net Interest Income": 2392000.0,
        "Interest Expense": 1015000.0,
        "Interest Income": 3407000.0,
        "Normalized Income": 167575975.778157,
        "Net Income From Continuing And Discontinued Operation": 172301000.0,
        "Total Expenses": 567618000.0,
        "Total Operating Income As Reported": 166587000.0,
        "Diluted Average Shares": 165468000.0,
        "Basic Average Shares": 155762000.0,
        "Diluted EPS": 1.04,
        "Basic EPS": 1.11,
        "Diluted NI Availto Com Stockholders": 172301000.0,
        "Net Income Common Stockholders": 172301000.0,
        "Net Income": 172301000.0,
        "Net Income Including Noncontrolling Interests": 172301000.0,
        "Net Income Continuous Operations": 172301000.0,
        "Tax Provision": 22936000.0,
        "Pretax Income": 195237000.0,
        "Other Income Expense": 28912000.0,
        "Other Non Operating Income Expenses": 23558000.0,
        "Special Income Charges": 5354000.0,
        "Restructuring And Mergern Acquisition": -16654000.0,
        "Net Non Operating Interest Income Expense": 2392000.0,
        "Interest Expense Non Operating": 1015000.0,
        "Interest Income Non Operating": 3407000.0,
        "Operating Income": 164218000.0,
        "Operating Expense": 256232000.0,
        "Depreciation Amortization Depletion Income Statement": 4670000.0,
        "Depreciation And Amortization In Income Statement": 4670000.0,
        "Amortization": 4670000.0,
        "Amortization Of Intangibles Income Statement": 4670000.0,
        "Research And Development": 108810000.0,
        "Selling General And Administration": 142752000.0,
        "Gross Profit": 420450000.0,
        "Cost Of Revenue": 311386000.0,
        "Total Revenue": 731836000.0,
        "Operating Revenue": 731836000.0
    },
    "2022-09-30": {
        "Tax Effect Of Unusual Items": -339132.490705,
        "Tax Rate For Calcs": 0.188827,
        "Normalized EBITDA": 261662000.0,
        "Total Unusual Items": -1796000.0,
        "Total Unusual Items Excluding Goodwill": -1796000.0,
        "Net Income From Continuing Operation Net Minority Interest": 183485000.0,
        "Reconciled Depreciation": 28359000.0,
        "Reconciled Cost Of Revenue": 318064000.0,
        "EBITDA": 259866000.0,
        "EBIT": 231507000.0,
        "Net Interest Income": -5310000.0,
        "Interest Expense": 5310000.0,
        "Interest Income": 1318000.0,
        "Normalized Income": 184941867.509295,
        "Net Income From Continuing And Discontinued Operation": 183485000.0,
        "Total Expenses": 593770000.0,
        "Total Operating Income As Reported": 231507000.0,
        "Diluted Average Shares": 166733000.0,
        "Basic Average Shares": 156364000.0,
        "Diluted EPS": 1.1,
        "Basic EPS": 1.17,
        "Diluted NI Availto Com Stockholders": 183485000.0,
        "Net Income Common Stockholders": 183485000.0,
        "Net Income": 183485000.0,
        "Net Income Including Noncontrolling Interests": 183485000.0,
        "Net Income Continuous Operations": 183485000.0,
        "Tax Provision": 42712000.0,
        "Pretax Income": 226197000.0,
        "Other Income Expense": -1796000.0,
        "Other Non Operating Income Expenses": -5849000.0,
        "Special Income Charges": -1796000.0,
        "Gain On Sale Of Ppe": NaN,
        "Other Special Charges": NaN,
        "Restructuring And Mergern Acquisition": 1796000.0,
        "Net Non Operating Interest Income Expense": -5310000.0,
        "Total Other Finance Cost": NaN,
        "Interest Expense Non Operating": 5310000.0,
        "Interest Income Non Operating": 1318000.0,
        "Operating Income": 233303000.0,
        "Operating Expense": 252076000.0,
        "Depreciation Amortization Depletion Income Statement": 4729000.0,
        "Depreciation And Amortization In Income Statement": 4729000.0,
        "Amortization": 4729000.0,
        "Amortization Of Intangibles Income Statement": 4729000.0,
        "Research And Development": 111715000.0,
        "Selling General And Administration": 135632000.0,
        "Gross Profit": 485379000.0,
        "Cost Of Revenue": 341694000.0,
        "Total Revenue": 827073000.0,
        "Operating Revenue": 827073000.0
    },
    "2022-06-30": {
        "Tax Effect Of Unusual Items": -349573.414029,
        "Tax Rate For Calcs": 0.171024,
        "Normalized EBITDA": 276853000.0,
        "Total Unusual Items": -2044000.0,
        "Total Unusual Items Excluding Goodwill": -2044000.0,
        "Net Income From Continuing Operation Net Minority Interest": 197787000.0,
        "Reconciled Depreciation": 26819000.0,
        "Reconciled Cost Of Revenue": 312429000.0,
        "EBITDA": 274809000.0,
        "EBIT": 247990000.0,
        "Net Interest Income": -9398000.0,
        "Interest Expense": 9398000.0,
        "Interest Income": 951000.0,
        "Normalized Income": 199481426.585971,
        "Net Income From Continuing And Discontinued Operation": 197787000.0,
        "Total Expenses": 590732000.0,
        "Total Operating Income As Reported": 247990000.0,
        "Diluted Average Shares": 171159000.0,
        "Basic Average Shares": 159563000.0,
        "Diluted EPS": 1.16,
        "Basic EPS": 1.24,
        "Diluted NI Availto Com Stockholders": 197787000.0,
        "Net Income Common Stockholders": 197787000.0,
        "Net Income": 197787000.0,
        "Net Income Including Noncontrolling Interests": 197787000.0,
        "Net Income Continuous Operations": 197787000.0,
        "Tax Provision": 40805000.0,
        "Pretax Income": 238592000.0,
        "Other Income Expense": -2044000.0,
        "Other Non Operating Income Expenses": -9436000.0,
        "Special Income Charges": -2044000.0,
        "Gain On Sale Of Ppe": NaN,
        "Restructuring And Mergern Acquisition": 2044000.0,
        "Net Non Operating Interest Income Expense": -9398000.0,
        "Total Other Finance Cost": NaN,
        "Interest Expense Non Operating": 9398000.0,
        "Interest Income Non Operating": 951000.0,
        "Operating Income": 250034000.0,
        "Operating Expense": 256355000.0,
        "Depreciation Amortization Depletion Income Statement": 4871000.0,
        "Depreciation And Amortization In Income Statement": 4871000.0,
        "Amortization": 4871000.0,
        "Amortization Of Intangibles Income Statement": 4871000.0,
        "Research And Development": 111951000.0,
        "Selling General And Administration": 139533000.0,
        "Gross Profit": 506389000.0,
        "Cost Of Revenue": 334377000.0,
        "Total Revenue": 840766000.0,
        "Operating Revenue": 840766000.0
    },
    "2022-03-31": {
        "Diluted EPS": 0.92,
        "Total Revenue": 755,
        "Gross Profit": 455,
        "Operating Income": 186,
        "EBIT": 214,
        "Net Income": 162
    },
    "2021-12-31": {
        "Diluted EPS": 1.27,
        "Total Revenue": 885,
        "Gross Profit": 527,
        "Operating Income": 256,
        "EBIT": 286,
        "Net Income": 224
    },
    "2021-09-30": {
        "Diluted EPS": 1.41,
        "Total Revenue": 951,
        "Gross Profit": 571,
        "Operating Income": 322,
        "EBIT": 353,
        "Net Income": 257
    },
    "2021-06-30": {
        "Diluted EPS": 1.76,
        "Total Revenue": NaN,
        "Gross Profit": 647,
        "Operating Income": 389,
        "EBIT": 420,
        "Net Income": 328
    },
    "2021-03-31": {
        "Diluted EPS": 1.09,
        "Total Revenue": 782,
        "Gross Profit": 462,
        "Operating Income": 233,
        "EBIT": 267,
        "Net Income": 206
    },
    "2020-12-31": {
        "Diluted EPS": 1.05,
        "Total Revenue": 759,
        "Gross Profit": 450,
        "Operating Income": 234,
        "EBIT": 266,
        "Net Income": 196
    },
    "2020-09-30": {
        "Diluted EPS": 1.21,
        "Total Revenue": 819,
        "Gross Profit": 459,
        "Operating Income": 270,
        "EBIT": 300,
        "Net Income": 223
    },
    "2020-06-30": {
        "Diluted EPS": 1.05,
        "Total Revenue": 839,
        "Gross Profit": 471,
        "Operating Income": 218,
        "EBIT": 251,
        "Net Income": 189
    },
    "2020-03-31": {
        "Diluted EPS": 0.97,
        "Total Revenue": 704,
        "Gross Profit": 406,
        "Operating Income": 207,
        "EBIT": 239,
        "Net Income": 176
    },
    "2019-12-31": {
        "Diluted EPS": 0.68,
        "Total Revenue": 655,
        "Gross Profit": 383,
        "Operating Income": 172,
        "EBIT": 204,
        "Net Income": 125
    },
    "2019-09-30": {
        "Diluted EPS": 0.75,
        "Total Revenue": 582,
        "Gross Profit": 345,
        "Operating Income": 155,
        "EBIT": 184,
        "Net Income": 136
    },
    "2019-06-30": {
        "Diluted EPS": 0.55,
        "Total Revenue": 564,
        "Gross Profit": 324,
        "Operating Income": 134,
        "EBIT": 163,
        "Net Income": 97
    },
    "2019-03-31": {
        "Diluted EPS": 0.62,
        "Total Revenue": 494,
        "Gross Profit": 288,
        "Operating Income": 93,
        "EBIT": 123,
        "Net Income": 109
    },
    "2018-12-31": {
        "Diluted EPS": 0.77,
        "Total Revenue": 520,
        "Gross Profit": 310,
        "Operating Income": 112,
        "EBIT": 143,
        "Net Income": 144
    },
    "2018-09-30": {
        "Diluted EPS": 0.63,
        "Total Revenue": 567,
        "Gross Profit": 334,
        "Operating Income": 144,
        "EBIT": 173,
        "Net Income": 120
    },
    "2018-06-30": {
        "Diluted EPS": 0.52,
        "Total Revenue": 527,
        "Gross Profit": 307,
        "Operating Income": 120,
        "EBIT": 148,
        "Net Income": 101
    },
    "2018-03-31": {
        "Diluted EPS": 0.43,
        "Total Revenue": 487,
        "Gross Profit": 270,
        "Operating Income": 98,
        "EBIT": 123,
        "Net Income": 87
    },
    "2017-12-31": {
        "Diluted EPS": -0.53,
        "Total Revenue": 479,
        "Gross Profit": 271,
        "Operating Income": 95,
        "EBIT": 121,
        "Net Income": -106
    },
    "2017-09-30": {
        "Diluted EPS": 0.52,
        "Total Revenue": 503,
        "Gross Profit": 295,
        "Operating Income": 129,
        "EBIT": 156,
        "Net Income": 103
    },
    "2017-06-30": {
        "Diluted EPS": 0.87,
        "Total Revenue": 697,
        "Gross Profit": 391,
        "Operating Income": 208,
        "EBIT": 235,
        "Net Income": 175
    },
    "2017-03-31": {
        "Diluted EPS": 0.42,
        "Total Revenue": 457,
        "Gross Profit": 265,
        "Operating Income": 94,
        "EBIT": 121,
        "Net Income": 85
    },
    "2016-12-31": {
        "Diluted EPS": 0.34,
        "Total Revenue": 380,
        "Gross Profit": 218,
        "Operating Income": 56,
        "EBIT": 82,
        "Net Income": 66
    },
    "2016-09-30": {
        "Diluted EPS": 0.31,
        "Total Revenue": 410,
        "Gross Profit": 227,
        "Operating Income": 57,
        "EBIT": 82,
        "Net Income": 64
    },
    "2016-06-30": {
        "Diluted EPS": -1.1,
        "Total Revenue": 532,
        "Gross Profit": 283,
        "Operating Income": -232,
        "EBIT": 56,
        "Net Income": -224
    },
    "2016-03-31": {
        "Diluted EPS": 0.24,
        "Total Revenue": 431,
        "Gross Profit": 230,
        "Operating Income": 56,
        "EBIT": 93,
        "Net Income": 50
    },
    "2015-12-31": {
        "Diluted EPS": 0.0,
        "Total Revenue": 318,
        "Gross Profit": 166,
        "Operating Income": -10,
        "EBIT": 26,
        "Net Income": -1
    },
    "2015-09-30": {
        "Diluted EPS": 0.34,
        "Total Revenue": 466,
        "Gross Profit": 259,
        "Operating Income": 87,
        "EBIT": 124,
        "Net Income": 71
    },
    "2015-06-30": {
        "Diluted EPS": 0.48,
        "Total Revenue": 513,
        "Gross Profit": 299,
        "Operating Income": 131,
        "EBIT": 164,
        "Net Income": 103
    },
    "2015-03-31": {
        "Diluted EPS": 0.15,
        "Total Revenue": 342,
        "Gross Profit": 192,
        "Operating Income": 35,
        "EBIT": 70,
        "Net Income": 33
    },
    "2014-12-31": {
        "Diluted EPS": -0.48,
        "Total Revenue": 323,
        "Gross Profit": 160,
        "Operating Income": -126,
        "EBIT": 10,
        "Net Income": -104
    },
    "2014-09-30": {
        "Diluted EPS": 0.38,
        "Total Revenue": 478,
        "Gross Profit": 261,
        "Operating Income": 98,
        "EBIT": 136,
        "Net Income": 83
    },
    "2014-06-30": {
        "Diluted EPS": 0.47,
        "Total Revenue": 526,
        "Gross Profit": 290,
        "Operating Income": 121,
        "EBIT": 158,
        "Net Income": 101
    },
    "2014-03-31": {
        "Diluted EPS": 0.0,
        "Total Revenue": 321,
        "Gross Profit": 167,
        "Operating Income": 4,
        "EBIT": 43,
        "Net Income": 1
    },
    "2013-12-31": {
        "Diluted EPS": 0.1,
        "Total Revenue": 285,
        "Gross Profit": 160,
        "Operating Income": 7,
        "EBIT": 46,
        "Net Income": 22
    },
    "2013-09-30": {
        "Diluted EPS": 0.29,
        "Total Revenue": 433,
        "Gross Profit": 254,
        "Operating Income": 94,
        "EBIT": 131,
        "Net Income": 69
    },
    "2013-06-30": {
        "Diluted EPS": 0.28,
        "Total Revenue": 429,
        "Gross Profit": 241,
        "Operating Income": 86,
        "EBIT": 122,
        "Net Income": 67
    },
    "2013-03-31": {
        "Diluted EPS": 0.03,
        "Total Revenue": 280,
        "Gross Profit": 153,
        "Operating Income": 4,
        "EBIT": 42,
        "Net Income": 7
    },
    "2012-12-31": {
        "Diluted EPS": -0.09,
        "Total Revenue": 248,
        "Gross Profit": 125,
        "Operating Income": -25,
        "EBIT": 14,
        "Net Income": -17
    },
    "2012-09-30": {
        "Diluted EPS": 0.39,
        "Total Revenue": 463,
        "Gross Profit": 260,
        "Operating Income": 108,
        "EBIT": 146,
        "Net Income": 89
    },
    "2012-06-30": {
        "Diluted EPS": 0.49,
        "Total Revenue": 548,
        "Gross Profit": 310,
        "Operating Income": 157,
        "EBIT": 193,
        "Net Income": 111
    },
    "2012-03-31": {
        "Diluted EPS": 0.15,
        "Total Revenue": 397,
        "Gross Profit": 191,
        "Operating Income": 46,
        "EBIT": 81,
        "Net Income": 34
    },
    "2011-12-31": {
        "Diluted EPS": 0.57,
        "Total Revenue": 297,
        "Gross Profit": 134,
        "Operating Income": -10,
        "EBIT": 27,
        "Net Income": 129
    },
    "2011-09-30": {
        "Diluted EPS": 0.26,
        "Total Revenue": 344,
        "Gross Profit": 170,
        "Operating Income": 61,
        "EBIT": 84,
        "Net Income": 57
    },
    "2011-06-30": {
        "Diluted EPS": 0.38,
        "Total Revenue": 411,
        "Gross Profit": 215,
        "Operating Income": 100,
        "EBIT": 123,
        "Net Income": 87
    },
    "2011-03-31": {
        "Diluted EPS": 0.42,
        "Total Revenue": 377,
        "Gross Profit": 193,
        "Operating Income": 80,
        "EBIT": 104,
        "Net Income": 97
    },
    "2010-12-31": {
        "Diluted EPS": 0.3,
        "Total Revenue": 310,
        "Gross Profit": 165,
        "Operating Income": 63,
        "EBIT": 82,
        "Net Income": 65
    },
    "2010-09-30": {
        "Diluted EPS": 0.66,
        "Total Revenue": 491,
        "Gross Profit": 272,
        "Operating Income": 157,
        "EBIT": 181,
        "Net Income": 147
    },
    "2010-06-30": {
        "Diluted EPS": 0.55,
        "Total Revenue": 445,
        "Gross Profit": 251,
        "Operating Income": 136,
        "EBIT": 161,
        "Net Income": 122
    },
    "2010-03-31": {
        "Diluted EPS": 0.24,
        "Total Revenue": 319,
        "Gross Profit": 170,
        "Operating Income": 59,
        "EBIT": 84,
        "Net Income": 50
    },
    "2009-12-31": {
        "Diluted EPS": 0.11,
        "Total Revenue": 225,
        "Gross Profit": 112,
        "Operating Income": 22,
        "EBIT": 47,
        "Net Income": 17
    },
    "2009-09-30": {
        "Diluted EPS": 0.04,
        "Total Revenue": 262,
        "Gross Profit": 107,
        "Operating Income": 9,
        "EBIT": 36,
        "Net Income": 7
    },
    "2009-06-30": {
        "Diluted EPS": -0.39,
        "Total Revenue": 170,
        "Gross Profit": 47,
        "Operating Income": -62,
        "EBIT": -36,
        "Net Income": -67
    },
    "2009-03-31": {
        "Diluted EPS": -0.53,
        "Total Revenue": 121,
        "Gross Profit": 33,
        "Operating Income": -93,
        "EBIT": -68,
        "Net Income": -91
    },
    "2023-09-30": {
        "Tax Effect Of Unusual Items": NaN,
        "Tax Rate For Calcs": NaN,
        "Normalized EBITDA": NaN,
        "Total Unusual Items": NaN,
        "Total Unusual Items Excluding Goodwill": NaN,
        "Net Income From Continuing Operation Net Minority Interest": NaN,
        "Reconciled Depreciation": NaN,
        "Reconciled Cost Of Revenue": NaN,
        "EBITDA": NaN,
        "EBIT": NaN,
        "Net Interest Income": NaN,
        "Interest Expense": NaN,
        "Interest Income": NaN,
        "Normalized Income": NaN,
        "Net Income From Continuing And Discontinued Operation": NaN,
        "Total Expenses": NaN,
        "Total Operating Income As Reported": NaN,
        "Diluted Average Shares": NaN,
        "Basic Average Shares": NaN,
        "Diluted EPS": NaN,
        "Basic EPS": NaN,
        "Diluted NI Availto Com Stockholders": NaN,
        "Net Income Common Stockholders": NaN,
        "Net Income": NaN,
        "Net Income Including Noncontrolling Interests": NaN,
        "Net Income Continuous Operations": NaN,
        "Earnings From Equity Interest Net Of Tax": 0.0,
        "Tax Provision": NaN,
        "Pretax Income": NaN,
        "Other Income Expense": NaN,
        "Other Non Operating Income Expenses": NaN,
        "Special Income Charges": NaN,
        "Gain On Sale Of Business": 0.0,
        "Restructuring And Mergern Acquisition": NaN,
        "Net Non Operating Interest Income Expense": NaN,
        "Interest Expense Non Operating": NaN,
        "Interest Income Non Operating": NaN,
        "Operating Income": NaN,
        "Operating Expense": NaN,
        "Depreciation Amortization Depletion Income Statement": NaN,
        "Depreciation And Amortization In Income Statement": NaN,
        "Amortization": NaN,
        "Amortization Of Intangibles Income Statement": NaN,
        "Research And Development": NaN,
        "Selling General And Administration": NaN,
        "Gross Profit": NaN,
        "Cost Of Revenue": NaN,
        "Total Revenue": NaN,
        "Operating Revenue": NaN
    },
    "2023-12-31": {
        "Tax Effect Of Unusual Items": -980633.925825,
        "Tax Rate For Calcs": 0.162734,
        "Normalized EBITDA": 174588000.0,
        "Total Unusual Items": -6026000.0,
        "Total Unusual Items Excluding Goodwill": -6026000.0,
        "Net Income From Continuing Operation Net Minority Interest": 117054000.0,
        "Reconciled Depreciation": 27945000.0,
        "Reconciled Cost Of Revenue": 267761000.0,
        "EBITDA": 168562000.0,
        "EBIT": 140617000.0,
        "Net Interest Income": 8050000.0,
        "Interest Expense": 812000.0,
        "Interest Income": 8862000.0,
        "Normalized Income": 122099366.074175,
        "Net Income From Continuing And Discontinued Operation": 117054000.0,
        "Total Expenses": 540250000.0,
        "Total Operating Income As Reported": 124323000.0,
        "Diluted Average Shares": 162106000.0,
        "Basic Average Shares": 152812000.0,
        "Diluted EPS": 0.72,
        "Basic EPS": 0.77,
        "Diluted NI Availto Com Stockholders": 117054000.0,
        "Net Income Common Stockholders": 117054000.0,
        "Net Income": 117054000.0,
        "Net Income Including Noncontrolling Interests": 117054000.0,
        "Net Income Continuous Operations": 117054000.0,
        "Earnings From Equity Interest Net Of Tax": NaN,
        "Tax Provision": 22751000.0,
        "Pretax Income": 139805000.0,
        "Other Income Expense": 1406000.0,
        "Other Non Operating Income Expenses": 7432000.0,
        "Special Income Charges": -6026000.0,
        "Gain On Sale Of Business": NaN,
        "Restructuring And Mergern Acquisition": 6026000.0,
        "Net Non Operating Interest Income Expense": 8050000.0,
        "Interest Expense Non Operating": 812000.0,
        "Interest Income Non Operating": 8862000.0,
        "Operating Income": 130349000.0,
        "Operating Expense": 249195000.0,
        "Depreciation Amortization Depletion Income Statement": 4651000.0,
        "Depreciation And Amortization In Income Statement": 4651000.0,
        "Amortization": 4651000.0,
        "Amortization Of Intangibles Income Statement": 4651000.0,
        "Research And Development": 102208000.0,
        "Selling General And Administration": 142336000.0,
        "Gross Profit": 379544000.0,
        "Cost Of Revenue": 291055000.0,
        "Total Revenue": 670599000.0,
        "Operating Revenue": 670599000.0
    },
    "2024-03-31": {
        "Tax Effect Of Unusual Items": NaN,
        "Tax Rate For Calcs": NaN,
        "Normalized EBITDA": NaN,
        "Total Unusual Items": NaN,
        "Total Unusual Items Excluding Goodwill": NaN,
        "Net Income From Continuing Operation Net Minority Interest": NaN,
        "Reconciled Depreciation": NaN,
        "Reconciled Cost Of Revenue": NaN,
        "EBITDA": NaN,
        "EBIT": NaN,
        "Net Interest Income": NaN,
        "Interest Expense": NaN,
        "Interest Income": NaN,
        "Normalized Income": NaN,
        "Net Income From Continuing And Discontinued Operation": NaN,
        "Total Expenses": NaN,
        "Total Operating Income As Reported": NaN,
        "Diluted Average Shares": NaN,
        "Basic Average Shares": NaN,
        "Diluted EPS": NaN,
        "Basic EPS": NaN,
        "Diluted NI Availto Com Stockholders": NaN,
        "Net Income Common Stockholders": NaN,
        "Net Income": NaN,
        "Net Income Including Noncontrolling Interests": NaN,
        "Net Income Continuous Operations": NaN,
        "Earnings From Equity Interest Net Of Tax": 0.0,
        "Tax Provision": NaN,
        "Pretax Income": NaN,
        "Other Income Expense": NaN,
        "Other Non Operating Income Expenses": NaN,
        "Special Income Charges": NaN,
        "Gain On Sale Of Business": NaN,
        "Restructuring And Mergern Acquisition": NaN,
        "Net Non Operating Interest Income Expense": NaN,
        "Interest Expense Non Operating": NaN,
        "Interest Income Non Operating": NaN,
        "Operating Income": NaN,
        "Operating Expense": NaN,
        "Depreciation Amortization Depletion Income Statement": NaN,
        "Depreciation And Amortization In Income Statement": NaN,
        "Amortization": NaN,
        "Amortization Of Intangibles Income Statement": NaN,
        "Research And Development": NaN,
        "Selling General And Administration": NaN,
        "Gross Profit": NaN,
        "Cost Of Revenue": NaN,
        "Total Revenue": NaN,
        "Operating Revenue": NaN
    },
    "2024-06-30": {
        "Tax Effect Of Unusual Items": NaN,
        "Tax Rate For Calcs": NaN,
        "Normalized EBITDA": NaN,
        "Total Unusual Items": NaN,
        "Total Unusual Items Excluding Goodwill": NaN,
        "Net Income From Continuing Operation Net Minority Interest": NaN,
        "Reconciled Depreciation": NaN,
        "Reconciled Cost Of Revenue": NaN,
        "EBITDA": NaN,
        "EBIT": NaN,
        "Net Interest Income": NaN,
        "Interest Expense": NaN,
        "Interest Income": NaN,
        "Normalized Income": NaN,
        "Net Income From Continuing And Discontinued Operation": NaN,
        "Total Expenses": NaN,
        "Total Operating Income As Reported": NaN,
        "Diluted Average Shares": NaN,
        "Basic Average Shares": NaN,
        "Diluted EPS": NaN,
        "Basic EPS": NaN,
        "Diluted NI Availto Com Stockholders": NaN,
        "Net Income Common Stockholders": NaN,
        "Net Income": NaN,
        "Net Income Including Noncontrolling Interests": NaN,
        "Net Income Continuous Operations": NaN,
        "Earnings From Equity Interest Net Of Tax": NaN,
        "Tax Provision": NaN,
        "Pretax Income": NaN,
        "Other Income Expense": NaN,
        "Other Non Operating Income Expenses": NaN,
        "Special Income Charges": NaN,
        "Gain On Sale Of Business": 57486000.0,
        "Restructuring And Mergern Acquisition": NaN,
        "Net Non Operating Interest Income Expense": NaN,
        "Interest Expense Non Operating": NaN,
        "Interest Income Non Operating": NaN,
        "Operating Income": NaN,
        "Operating Expense": NaN,
        "Depreciation Amortization Depletion Income Statement": NaN,
        "Depreciation And Amortization In Income Statement": NaN,
        "Amortization": NaN,
        "Amortization Of Intangibles Income Statement": NaN,
        "Research And Development": NaN,
        "Selling General And Administration": NaN,
        "Gross Profit": NaN,
        "Cost Of Revenue": NaN,
        "Total Revenue": NaN,
        "Operating Revenue": NaN
    },
    "2024-09-30": {
        "Tax Effect Of Unusual Items": -357084.0,
        "Tax Rate For Calcs": 0.078,
        "Normalized EBITDA": 194659000.0,
        "Total Unusual Items": -4578000.0,
        "Total Unusual Items Excluding Goodwill": -4578000.0,
        "Net Income From Continuing Operation Net Minority Interest": 145649000.0,
        "Reconciled Depreciation": 30289000.0,
        "Reconciled Cost Of Revenue": 275243000.0,
        "EBITDA": 190081000.0,
        "EBIT": 159792000.0,
        "Net Interest Income": 4268000.0,
        "Interest Expense": 808000.0,
        "Interest Income": 5076000.0,
        "Normalized Income": 149869916.0,
        "Net Income From Continuing And Discontinued Operation": 145649000.0,
        "Total Expenses": 580655000.0,
        "Total Operating Income As Reported": 152065000.0,
        "Diluted Average Shares": 164253000.0,
        "Basic Average Shares": 163002000.0,
        "Diluted EPS": 0.89,
        "Basic EPS": 0.89,
        "Diluted NI Availto Com Stockholders": 145649000.0,
        "Net Income Common Stockholders": 145649000.0,
        "Net Income": 145649000.0,
        "Net Income Including Noncontrolling Interests": 145649000.0,
        "Net Income Continuous Operations": 145649000.0,
        "Earnings From Equity Interest Net Of Tax": -1075000.0,
        "Tax Provision": 12260000.0,
        "Pretax Income": 158984000.0,
        "Other Income Expense": -1927000.0,
        "Other Non Operating Income Expenses": 2651000.0,
        "Special Income Charges": -4578000.0,
        "Gain On Sale Of Business": 0.0,
        "Restructuring And Mergern Acquisition": 4578000.0,
        "Net Non Operating Interest Income Expense": 4268000.0,
        "Interest Expense Non Operating": 808000.0,
        "Interest Income Non Operating": 5076000.0,
        "Operating Income": 156643000.0,
        "Operating Expense": 279871000.0,
        "Depreciation Amortization Depletion Income Statement": 4748000.0,
        "Depreciation And Amortization In Income Statement": 4748000.0,
        "Amortization": 4748000.0,
        "Amortization Of Intangibles Income Statement": 4748000.0,
        "Research And Development": 117474000.0,
        "Selling General And Administration": 157649000.0,
        "Gross Profit": 436514000.0,
        "Cost Of Revenue": 300784000.0,
        "Total Revenue": 737298000.0,
        "Operating Revenue": 737298000.0
    },
    "2024-12-31": {
        "Tax Effect Of Unusual Items": -168617.654328,
        "Tax Rate For Calcs": 0.034272,
        "Normalized EBITDA": 194434000.0,
        "Total Unusual Items": -4920000.0,
        "Total Unusual Items Excluding Goodwill": -4920000.0,
        "Net Income From Continuing Operation Net Minority Interest": 146253000.0,
        "Reconciled Depreciation": 31128000.0,
        "Reconciled Cost Of Revenue": 279124000.0,
        "EBITDA": 189514000.0,
        "EBIT": 158386000.0,
        "Net Interest Income": 4525000.0,
        "Interest Expense": 589000.0,
        "Interest Income": 5114000.0,
        "Normalized Income": 151004382.345672,
        "Net Income From Continuing And Discontinued Operation": 146253000.0,
        "Total Expenses": 594379000.0,
        "Total Operating Income As Reported": 153585000.0,
        "Diluted Average Shares": 163184000.0,
        "Basic Average Shares": 162478000.0,
        "Diluted EPS": 0.9,
        "Basic EPS": 0.9,
        "Diluted NI Availto Com Stockholders": 146253000.0,
        "Net Income Common Stockholders": 146253000.0,
        "Net Income": 146253000.0,
        "Net Income Including Noncontrolling Interests": 146253000.0,
        "Net Income Continuous Operations": 146253000.0,
        "Earnings From Equity Interest Net Of Tax": -6136000.0,
        "Tax Provision": 5408000.0,
        "Pretax Income": 157797000.0,
        "Other Income Expense": -5233000.0,
        "Other Non Operating Income Expenses": -313000.0,
        "Special Income Charges": -4920000.0,
        "Gain On Sale Of Business": -367000.0,
        "Restructuring And Mergern Acquisition": 4553000.0,
        "Net Non Operating Interest Income Expense": 4525000.0,
        "Interest Expense Non Operating": 589000.0,
        "Interest Income Non Operating": 5114000.0,
        "Operating Income": 158505000.0,
        "Operating Expense": 288783000.0,
        "Depreciation Amortization Depletion Income Statement": 4656000.0,
        "Depreciation And Amortization In Income Statement": 4656000.0,
        "Amortization": 4656000.0,
        "Amortization Of Intangibles Income Statement": 4656000.0,
        "Research And Development": 128387000.0,
        "Selling General And Administration": 155740000.0,
        "Gross Profit": 447288000.0,
        "Cost Of Revenue": 305596000.0,
        "Total Revenue": 752884000.0,
        "Operating Revenue": 752884000.0
    },
    "2025-03-31": {
        "Tax Effect Of Unusual Items": -1770830.0,
        "Tax Rate For Calcs": 0.122,
        "Normalized EBITDA": 164636000.0,
        "Total Unusual Items": -14515000.0,
        "Total Unusual Items Excluding Goodwill": -14515000.0,
        "Net Income From Continuing Operation Net Minority Interest": 98896000.0,
        "Reconciled Depreciation": 30302000.0,
        "Reconciled Cost Of Revenue": 244615000.0,
        "EBITDA": 150121000.0,
        "EBIT": 119819000.0,
        "Net Interest Income": 4281000.0,
        "Interest Expense": 795000.0,
        "Interest Income": 5076000.0,
        "Normalized Income": 111640170.0,
        "Net Income From Continuing And Discontinued Operation": 98896000.0,
        "Total Expenses": 550362000.0,
        "Total Operating Income As Reported": 120803000.0,
        "Diluted Average Shares": 161996000.0,
        "Basic Average Shares": 161501000.0,
        "Diluted EPS": 0.61,
        "Basic EPS": 0.61,
        "Diluted NI Availto Com Stockholders": 98896000.0,
        "Net Income Common Stockholders": 98896000.0,
        "Net Income": 98896000.0,
        "Net Income Including Noncontrolling Interests": 98896000.0,
        "Net Income Continuous Operations": 98896000.0,
        "Earnings From Equity Interest Net Of Tax": -5584000.0,
        "Tax Provision": 14544000.0,
        "Pretax Income": 119024000.0,
        "Other Income Expense": -20575000.0,
        "Other Non Operating Income Expenses": -6060000.0,
        "Special Income Charges": -14515000.0,
        "Gain On Sale Of Business": NaN,
        "Restructuring And Mergern Acquisition": 14515000.0,
        "Net Non Operating Interest Income Expense": 4281000.0,
        "Interest Expense Non Operating": 795000.0,
        "Interest Income Non Operating": 5076000.0,
        "Operating Income": 135318000.0,
        "Operating Expense": 280018000.0,
        "Depreciation Amortization Depletion Income Statement": 4573000.0,
        "Depreciation And Amortization In Income Statement": 4573000.0,
        "Amortization": 4573000.0,
        "Amortization Of Intangibles Income Statement": 4573000.0,
        "Research And Development": 118188000.0,
        "Selling General And Administration": 157257000.0,
        "Gross Profit": 415336000.0,
        "Cost Of Revenue": 270344000.0,
        "Total Revenue": 685680000.0,
        "Operating Revenue": 685680000.0
    },
    "2025-06-30": {
        "Tax Effect Of Unusual Items": -301244.0,
        "Tax Rate For Calcs": 0.127,
        "Normalized EBITDA": 131125000.0,
        "Total Unusual Items": -2372000.0,
        "Total Unusual Items Excluding Goodwill": -2372000.0,
        "Net Income From Continuing Operation Net Minority Interest": 78372000.0,
        "Reconciled Depreciation": 31389000.0,
        "Reconciled Cost Of Revenue": 251129000.0,
        "EBITDA": 128753000.0,
        "EBIT": 97364000.0,
        "Net Interest Income": 3546000.0,
        "Interest Expense": 805000.0,
        "Interest Income": 4351000.0,
        "Normalized Income": 80442756.0,
        "Net Income From Continuing And Discontinued Operation": 78372000.0,
        "Total Expenses": 558682000.0,
        "Total Operating Income As Reported": 90743000.0,
        "Diluted Average Shares": 160135000.0,
        "Basic Average Shares": 159967000.0,
        "Diluted EPS": 0.49,
        "Basic EPS": 0.49,
        "Diluted NI Availto Com Stockholders": 78372000.0,
        "Net Income Common Stockholders": 78372000.0,
        "Net Income": 78372000.0,
        "Net Income Including Noncontrolling Interests": 78372000.0,
        "Net Income Continuous Operations": 78372000.0,
        "Earnings From Equity Interest Net Of Tax": -5927000.0,
        "Tax Provision": 12260000.0,
        "Pretax Income": 96559000.0,
        "Other Income Expense": -102000.0,
        "Other Non Operating Income Expenses": 2270000.0,
        "Special Income Charges": -2372000.0,
        "Gain On Sale Of Business": 0.0,
        "Restructuring And Mergern Acquisition": 2372000.0,
        "Net Non Operating Interest Income Expense": 3546000.0,
        "Interest Expense Non Operating": 805000.0,
        "Interest Income Non Operating": 4351000.0,
        "Operating Income": 93115000.0,
        "Operating Expense": 279897000.0,
        "Depreciation Amortization Depletion Income Statement": 3733000.0,
        "Depreciation And Amortization In Income Statement": 3733000.0,
        "Amortization": 3733000.0,
        "Amortization Of Intangibles Income Statement": 3733000.0,
        "Research And Development": 118382000.0,
        "Selling General And Administration": 157782000.0,
        "Gross Profit": 373012000.0,
        "Cost Of Revenue": 278785000.0,
        "Total Revenue": 651797000.0,
        "Operating Revenue": 651797000.0
    },
    "2025-09-30": {
        "Tax Effect Of Unusual Items": -1040430.0,
        "Tax Rate For Calcs": 0.158,
        "Normalized EBITDA": 186510000.0,
        "Total Unusual Items": -6585000.0,
        "Total Unusual Items Excluding Goodwill": -6585000.0,
        "Net Income From Continuing Operation Net Minority Interest": 119558000.0,
        "Reconciled Depreciation": 30516000.0,
        "Reconciled Cost Of Revenue": 292902000.0,
        "EBITDA": 179925000.0,
        "EBIT": 149409000.0,
        "Net Interest Income": 1882000.0,
        "Interest Expense": 1309000.0,
        "Interest Income": 3191000.0,
        "Normalized Income": 125102570.0,
        "Net Income From Continuing And Discontinued Operation": 119558000.0,
        "Total Expenses": 617322000.0,
        "Total Operating Income As Reported": 145303000.0,
        "Diluted Average Shares": 159097000.0,
        "Basic Average Shares": 158595000.0,
        "Diluted EPS": 0.75,
        "Basic EPS": 0.75,
        "Diluted NI Availto Com Stockholders": 119558000.0,
        "Net Income Common Stockholders": 119558000.0,
        "Net Income": 119558000.0,
        "Net Income Including Noncontrolling Interests": 119558000.0,
        "Net Income Continuous Operations": 119558000.0,
        "Earnings From Equity Interest Net Of Tax": -5198000.0,
        "Tax Provision": 23344000.0,
        "Pretax Income": 148100000.0,
        "Other Income Expense": -5670000.0,
        "Other Non Operating Income Expenses": 915000.0,
        "Special Income Charges": -6585000.0,
        "Gain On Sale Of Business": 0.0,
        "Restructuring And Mergern Acquisition": 6585000.0,
        "Net Non Operating Interest Income Expense": 1882000.0,
        "Interest Expense Non Operating": 1309000.0,
        "Interest Income Non Operating": 3191000.0,
        "Operating Income": 151888000.0,
        "Operating Expense": 297418000.0,
        "Depreciation Amortization Depletion Income Statement": 3514000.0,
        "Depreciation And Amortization In Income Statement": 3514000.0,
        "Amortization": 3514000.0,
        "Amortization Of Intangibles Income Statement": 3514000.0,
        "Research And Development": 124760000.0,
        "Selling General And Administration": 169144000.0,
        "Gross Profit": 449306000.0,
        "Cost Of Revenue": 319904000.0,
        "Total Revenue": 769210000.0,
        "Operating Revenue": 769210000.0
    }
}