{
    "2023-06-30": {
        "Tax Effect Of Unusual Items": NaN,
        "Tax Rate For Calcs": NaN,
        "Total Unusual Items": 0.0,
        "Total Unusual Items Excluding Goodwill": 0.0,
        "Net Income From Continuing Operation Net Minority Interest": NaN,
        "Reconciled Depreciation": NaN,
        "Net Interest Income": NaN,
        "Interest Expense": NaN,
        "Interest Income": NaN,
        "Normalized Income": NaN,
        "Net Income From Continuing And Discontinued Operation": NaN,
        "Diluted Average Shares": NaN,
        "Basic Average Shares": NaN,
        "Diluted EPS": NaN,
        "Basic EPS": NaN,
        "Diluted NI Availto Com Stockholders": NaN,
        "Net Income Common Stockholders": NaN,
        "Preferred Stock Dividends": NaN,
        "Net Income": NaN,
        "Net Income Including Noncontrolling Interests": NaN,
        "Net Income Continuous Operations": NaN,
        "Tax Provision": NaN,
        "Pretax Income": NaN,
        "Gain On Sale Of Security": NaN,
        "Depreciation Amortization Depletion Income Statement": NaN,
        "Depreciation And Amortization In Income Statement": NaN,
        "Amortization": NaN,
        "Amortization Of Intangibles Income Statement": NaN,
        "Selling General And Administration": NaN,
        "Selling And Marketing Expense": NaN,
        "General And Administrative Expense": NaN,
        "Other Gand A": NaN,
        "Insurance And Claims": NaN,
        "Salaries And Wages": NaN,
        "Total Revenue": NaN,
        "Operating Revenue": NaN,
        "Occupancy And Equipment": NaN,
        "Professional Expense And Contract Services Expense": NaN,
        "Other Non Interest Expense": NaN
    },
    "2023-03-31": {
        "Tax Effect Of Unusual Items": NaN,
        "Tax Rate For Calcs": NaN,
        "Total Unusual Items": 0.0,
        "Total Unusual Items Excluding Goodwill": 0.0,
        "Net Income From Continuing Operation Net Minority Interest": NaN,
        "Reconciled Depreciation": NaN,
        "Net Interest Income": NaN,
        "Interest Expense": NaN,
        "Interest Income": NaN,
        "Normalized Income": NaN,
        "Net Income From Continuing And Discontinued Operation": NaN,
        "Diluted Average Shares": NaN,
        "Basic Average Shares": NaN,
        "Diluted EPS": NaN,
        "Basic EPS": NaN,
        "Diluted NI Availto Com Stockholders": NaN,
        "Net Income Common Stockholders": NaN,
        "Preferred Stock Dividends": NaN,
        "Net Income": NaN,
        "Net Income Including Noncontrolling Interests": NaN,
        "Net Income Continuous Operations": NaN,
        "Tax Provision": NaN,
        "Pretax Income": NaN,
        "Gain On Sale Of Security": NaN,
        "Depreciation Amortization Depletion Income Statement": NaN,
        "Depreciation And Amortization In Income Statement": NaN,
        "Amortization": NaN,
        "Amortization Of Intangibles Income Statement": NaN,
        "Selling General And Administration": NaN,
        "Selling And Marketing Expense": NaN,
        "General And Administrative Expense": NaN,
        "Other Gand A": 1898000.0,
        "Insurance And Claims": NaN,
        "Salaries And Wages": NaN,
        "Total Revenue": NaN,
        "Operating Revenue": NaN,
        "Occupancy And Equipment": NaN,
        "Professional Expense And Contract Services Expense": NaN,
        "Other Non Interest Expense": NaN
    },
    "2022-12-31": {
        "Tax Effect Of Unusual Items": NaN,
        "Tax Rate For Calcs": NaN,
        "Total Unusual Items": 0.0,
        "Total Unusual Items Excluding Goodwill": 0.0,
        "Net Income From Continuing Operation Net Minority Interest": NaN,
        "Reconciled Depreciation": NaN,
        "Net Interest Income": NaN,
        "Interest Expense": NaN,
        "Interest Income": NaN,
        "Normalized Income": NaN,
        "Net Income From Continuing And Discontinued Operation": NaN,
        "Diluted Average Shares": NaN,
        "Basic Average Shares": NaN,
        "Diluted EPS": NaN,
        "Basic EPS": NaN,
        "Diluted NI Availto Com Stockholders": NaN,
        "Net Income Common Stockholders": NaN,
        "Preferred Stock Dividends": NaN,
        "Net Income": NaN,
        "Net Income Including Noncontrolling Interests": NaN,
        "Net Income Continuous Operations": NaN,
        "Tax Provision": NaN,
        "Pretax Income": NaN,
        "Gain On Sale Of Security": -2000.0,
        "Depreciation Amortization Depletion Income Statement": NaN,
        "Depreciation And Amortization In Income Statement": NaN,
        "Amortization": NaN,
        "Amortization Of Intangibles Income Statement": NaN,
        "Selling General And Administration": NaN,
        "Selling And Marketing Expense": NaN,
        "General And Administrative Expense": NaN,
        "Other Gand A": NaN,
        "Insurance And Claims": NaN,
        "Salaries And Wages": NaN,
        "Total Revenue": NaN,
        "Operating Revenue": NaN,
        "Occupancy And Equipment": NaN,
        "Professional Expense And Contract Services Expense": NaN,
        "Other Non Interest Expense": NaN
    },
    "2022-09-30": {
        "Tax Effect Of Unusual Items": NaN,
        "Tax Rate For Calcs": NaN,
        "Total Unusual Items": NaN,
        "Total Unusual Items Excluding Goodwill": NaN,
        "Net Income From Continuing Operation Net Minority Interest": NaN,
        "Reconciled Depreciation": NaN,
        "Net Interest Income": NaN,
        "Interest Expense": NaN,
        "Interest Income": NaN,
        "Normalized Income": NaN,
        "Net Income From Continuing And Discontinued Operation": NaN,
        "Diluted Average Shares": NaN,
        "Basic Average Shares": NaN,
        "Diluted EPS": NaN,
        "Basic EPS": NaN,
        "Diluted NI Availto Com Stockholders": NaN,
        "Net Income Common Stockholders": NaN,
        "Preferred Stock Dividends": NaN,
        "Net Income": NaN,
        "Net Income Including Noncontrolling Interests": NaN,
        "Net Income Continuous Operations": NaN,
        "Tax Provision": NaN,
        "Pretax Income": NaN,
        "Gain On Sale Of Security": 0.0,
        "Depreciation Amortization Depletion Income Statement": NaN,
        "Depreciation And Amortization In Income Statement": NaN,
        "Amortization": NaN,
        "Amortization Of Intangibles Income Statement": NaN,
        "Selling General And Administration": NaN,
        "Selling And Marketing Expense": NaN,
        "General And Administrative Expense": NaN,
        "Other Gand A": 19725000.0,
        "Insurance And Claims": NaN,
        "Salaries And Wages": NaN,
        "Total Revenue": NaN,
        "Operating Revenue": NaN
    },
    "2022-06-30": {
        "Tax Effect Of Unusual Items": 4320.0,
        "Tax Rate For Calcs": 0.24,
        "Total Unusual Items": 18000.0,
        "Total Unusual Items Excluding Goodwill": 18000.0,
        "Net Income From Continuing Operation Net Minority Interest": 44192000.0,
        "Reconciled Depreciation": 6158000.0,
        "Net Interest Income": 101428000.0,
        "Interest Expense": 4879000.0,
        "Interest Income": 106307000.0,
        "Normalized Income": 44178320.0,
        "Net Income From Continuing And Discontinued Operation": 44192000.0,
        "Diluted Average Shares": 24427270.0,
        "Basic Average Shares": 24427270.0,
        "Diluted EPS": 1.74,
        "Basic EPS": 1.78,
        "Diluted NI Availto Com Stockholders": 43390000.0,
        "Net Income Common Stockholders": 43390000.0,
        "Preferred Stock Dividends": 802000.0,
        "Net Income": 44192000.0,
        "Net Income Including Noncontrolling Interests": 44192000.0,
        "Net Income Continuous Operations": 44192000.0,
        "Tax Provision": 13888000.0,
        "Pretax Income": 58080000.0,
        "Gain On Sale Of Security": 2514000.0,
        "Depreciation Amortization Depletion Income Statement": 3064000.0,
        "Depreciation And Amortization In Income Statement": 3064000.0,
        "Amortization": 3064000.0,
        "Amortization Of Intangibles Income Statement": 3064000.0,
        "Selling General And Administration": 67667000.0,
        "Selling And Marketing Expense": 1785000.0,
        "General And Administrative Expense": 65882000.0,
        "Other Gand A": 11243000.0,
        "Insurance And Claims": 382000.0,
        "Salaries And Wages": 54257000.0,
        "Total Revenue": 149588000.0,
        "Operating Revenue": 149588000.0
    },
    "2022-03-31": {
        "Diluted EPS": 0.93,
        "Total Revenue": 115,
        "Gross Profit": 111,
        "Operating Income": 32,
        "EBIT": NaN,
        "Net Income": 24
    },
    "2021-12-31": {
        "Diluted EPS": 1.01,
        "Total Revenue": 122,
        "Gross Profit": 118,
        "Operating Income": 33,
        "EBIT": NaN,
        "Net Income": 26
    },
    "2021-09-30": {
        "Diluted EPS": 0.94,
        "Total Revenue": 109,
        "Gross Profit": 104,
        "Operating Income": 32,
        "EBIT": NaN,
        "Net Income": 24
    },
    "2021-06-30": {
        "Diluted EPS": 1.08,
        "Total Revenue": 109,
        "Gross Profit": 104,
        "Operating Income": 35,
        "EBIT": NaN,
        "Net Income": 27
    },
    "2021-03-31": {
        "Diluted EPS": 1.32,
        "Total Revenue": 103,
        "Gross Profit": 97,
        "Operating Income": 44,
        "EBIT": NaN,
        "Net Income": 33
    },
    "2020-12-31": {
        "Diluted EPS": 1.26,
        "Total Revenue": 112,
        "Gross Profit": 106,
        "Operating Income": 42,
        "EBIT": NaN,
        "Net Income": 31
    },
    "2020-09-30": {
        "Diluted EPS": 0.89,
        "Total Revenue": 93,
        "Gross Profit": 85,
        "Operating Income": 30,
        "EBIT": NaN,
        "Net Income": 22
    },
    "2020-06-30": {
        "Diluted EPS": 0.56,
        "Total Revenue": 94,
        "Gross Profit": 84,
        "Operating Income": 18,
        "EBIT": NaN,
        "Net Income": 13
    },
    "2020-03-31": {
        "Diluted EPS": -0.18,
        "Total Revenue": 83,
        "Gross Profit": 70,
        "Operating Income": -5,
        "EBIT": NaN,
        "Net Income": -4
    },
    "2019-12-31": {
        "Diluted EPS": 0.66,
        "Total Revenue": 90,
        "Gross Profit": 75,
        "Operating Income": 22,
        "EBIT": NaN,
        "Net Income": 17
    },
    "2019-09-30": {
        "Diluted EPS": 0.56,
        "Total Revenue": 87,
        "Gross Profit": 73,
        "Operating Income": 17,
        "EBIT": NaN,
        "Net Income": 14
    },
    "2019-06-30": {
        "Diluted EPS": 0.48,
        "Total Revenue": 85,
        "Gross Profit": 71,
        "Operating Income": 17,
        "EBIT": NaN,
        "Net Income": 13
    },
    "2019-03-31": {
        "Diluted EPS": 0.55,
        "Total Revenue": 81,
        "Gross Profit": 69,
        "Operating Income": 19,
        "EBIT": NaN,
        "Net Income": 15
    },
    "2018-12-31": {
        "Diluted EPS": 0.66,
        "Total Revenue": 83,
        "Gross Profit": 72,
        "Operating Income": 23,
        "EBIT": NaN,
        "Net Income": 18
    },
    "2018-09-30": {
        "Diluted EPS": 0.34,
        "Total Revenue": 78,
        "Gross Profit": 68,
        "Operating Income": 12,
        "EBIT": NaN,
        "Net Income": 9
    },
    "2018-06-30": {
        "Diluted EPS": 0.47,
        "Total Revenue": 66,
        "Gross Profit": 58,
        "Operating Income": 16,
        "EBIT": NaN,
        "Net Income": 12
    },
    "2018-03-31": {
        "Diluted EPS": 0.56,
        "Total Revenue": 59,
        "Gross Profit": 52,
        "Operating Income": 16,
        "EBIT": NaN,
        "Net Income": 12
    },
    "2017-12-31": {
        "Diluted EPS": 0.28,
        "Total Revenue": 56,
        "Gross Profit": 50,
        "Operating Income": 15,
        "EBIT": NaN,
        "Net Income": 6
    },
    "2017-09-30": {
        "Diluted EPS": 0.47,
        "Total Revenue": 49,
        "Gross Profit": 44,
        "Operating Income": 15,
        "EBIT": NaN,
        "Net Income": 10
    },
    "2017-06-30": {
        "Diluted EPS": 0.51,
        "Total Revenue": 49,
        "Gross Profit": 44,
        "Operating Income": 15,
        "EBIT": NaN,
        "Net Income": 9
    },
    "2017-03-31": {
        "Diluted EPS": 0.55,
        "Total Revenue": 64,
        "Gross Profit": 59,
        "Operating Income": 17,
        "EBIT": NaN,
        "Net Income": 10
    },
    "2016-12-31": {
        "Diluted EPS": 0.33,
        "Total Revenue": 44,
        "Gross Profit": 40,
        "Operating Income": 10,
        "EBIT": NaN,
        "Net Income": 6
    },
    "2016-09-30": {
        "Diluted EPS": 0.25,
        "Total Revenue": 40,
        "Gross Profit": 37,
        "Operating Income": 8,
        "EBIT": NaN,
        "Net Income": 5
    },
    "2016-06-30": {
        "Diluted EPS": 0.25,
        "Total Revenue": 32,
        "Gross Profit": 30,
        "Operating Income": 7,
        "EBIT": NaN,
        "Net Income": 4
    },
    "2016-03-31": {
        "Diluted EPS": 0.27,
        "Total Revenue": 30,
        "Gross Profit": 27,
        "Operating Income": 8,
        "EBIT": NaN,
        "Net Income": 5
    },
    "2015-12-31": {
        "Diluted EPS": 0.24,
        "Total Revenue": 31,
        "Gross Profit": 29,
        "Operating Income": 7,
        "EBIT": NaN,
        "Net Income": 4
    },
    "2015-09-30": {
        "Diluted EPS": 0.32,
        "Total Revenue": 32,
        "Gross Profit": 30,
        "Operating Income": 9,
        "EBIT": NaN,
        "Net Income": 6
    },
    "2015-06-30": {
        "Diluted EPS": 0.25,
        "Total Revenue": 31,
        "Gross Profit": 29,
        "Operating Income": 7,
        "EBIT": NaN,
        "Net Income": 4
    },
    "2015-03-31": {
        "Diluted EPS": 0.76,
        "Total Revenue": 38,
        "Gross Profit": 36,
        "Operating Income": 15,
        "EBIT": NaN,
        "Net Income": 14
    },
    "2014-12-31": {
        "Diluted EPS": 0.06,
        "Total Revenue": 27,
        "Gross Profit": 25,
        "Operating Income": 4,
        "EBIT": NaN,
        "Net Income": 2
    },
    "2014-09-30": {
        "Diluted EPS": 0.91,
        "Total Revenue": 38,
        "Gross Profit": 36,
        "Operating Income": 16,
        "EBIT": NaN,
        "Net Income": 9
    },
    "2014-06-30": {
        "Diluted EPS": 0.23,
        "Total Revenue": 24,
        "Gross Profit": 23,
        "Operating Income": 5,
        "EBIT": NaN,
        "Net Income": 2
    },
    "2014-03-31": {
        "Diluted EPS": 0.32,
        "Total Revenue": 23,
        "Gross Profit": 21,
        "Operating Income": 6,
        "EBIT": NaN,
        "Net Income": 3
    },
    "2013-12-31": {
        "Diluted EPS": 0.0,
        "Total Revenue": NaN,
        "Gross Profit": NaN,
        "Operating Income": NaN,
        "EBIT": NaN,
        "Net Income": NaN
    },
    "2013-09-30": {
        "Diluted EPS": 0.03,
        "Total Revenue": 10,
        "Gross Profit": 9,
        "Operating Income": 1,
        "EBIT": NaN,
        "Net Income": 0
    },
    "2013-06-30": {
        "Diluted EPS": 0.0,
        "Total Revenue": NaN,
        "Gross Profit": NaN,
        "Operating Income": NaN,
        "EBIT": NaN,
        "Net Income": NaN
    },
    "2012-12-31": {
        "Diluted EPS": 0.0,
        "Total Revenue": NaN,
        "Gross Profit": NaN,
        "Operating Income": NaN,
        "EBIT": NaN,
        "Net Income": NaN
    },
    "2023-09-30": {
        "Tax Effect Of Unusual Items": NaN,
        "Tax Rate For Calcs": NaN,
        "Total Unusual Items": 0.0,
        "Total Unusual Items Excluding Goodwill": 0.0,
        "Net Income From Continuing Operation Net Minority Interest": NaN,
        "Reconciled Depreciation": NaN,
        "Net Interest Income": NaN,
        "Interest Expense": NaN,
        "Interest Income": NaN,
        "Normalized Income": NaN,
        "Net Income From Continuing And Discontinued Operation": NaN,
        "Diluted Average Shares": NaN,
        "Basic Average Shares": NaN,
        "Diluted EPS": NaN,
        "Basic EPS": NaN,
        "Diluted NI Availto Com Stockholders": NaN,
        "Net Income Common Stockholders": NaN,
        "Preferred Stock Dividends": NaN,
        "Net Income": NaN,
        "Net Income Including Noncontrolling Interests": NaN,
        "Net Income Continuous Operations": NaN,
        "Tax Provision": NaN,
        "Pretax Income": NaN,
        "Gain On Sale Of Security": -9000.0,
        "Depreciation Amortization Depletion Income Statement": NaN,
        "Depreciation And Amortization In Income Statement": NaN,
        "Amortization": NaN,
        "Amortization Of Intangibles Income Statement": NaN,
        "Selling General And Administration": NaN,
        "Selling And Marketing Expense": NaN,
        "General And Administrative Expense": NaN,
        "Other Gand A": NaN,
        "Insurance And Claims": NaN,
        "Salaries And Wages": NaN,
        "Total Revenue": NaN,
        "Operating Revenue": NaN,
        "Occupancy And Equipment": NaN,
        "Professional Expense And Contract Services Expense": NaN,
        "Other Non Interest Expense": NaN
    },
    "2023-12-31": {
        "Tax Effect Of Unusual Items": NaN,
        "Tax Rate For Calcs": NaN,
        "Total Unusual Items": 0.0,
        "Total Unusual Items Excluding Goodwill": 0.0,
        "Net Income From Continuing Operation Net Minority Interest": NaN,
        "Reconciled Depreciation": NaN,
        "Net Interest Income": NaN,
        "Interest Expense": NaN,
        "Interest Income": NaN,
        "Normalized Income": NaN,
        "Net Income From Continuing And Discontinued Operation": NaN,
        "Diluted Average Shares": NaN,
        "Basic Average Shares": NaN,
        "Diluted EPS": NaN,
        "Basic EPS": NaN,
        "Diluted NI Availto Com Stockholders": NaN,
        "Net Income Common Stockholders": NaN,
        "Preferred Stock Dividends": NaN,
        "Net Income": NaN,
        "Net Income Including Noncontrolling Interests": NaN,
        "Net Income Continuous Operations": NaN,
        "Tax Provision": NaN,
        "Pretax Income": NaN,
        "Gain On Sale Of Security": NaN,
        "Depreciation Amortization Depletion Income Statement": NaN,
        "Depreciation And Amortization In Income Statement": NaN,
        "Amortization": NaN,
        "Amortization Of Intangibles Income Statement": NaN,
        "Selling General And Administration": NaN,
        "Selling And Marketing Expense": NaN,
        "General And Administrative Expense": NaN,
        "Other Gand A": NaN,
        "Insurance And Claims": NaN,
        "Salaries And Wages": NaN,
        "Total Revenue": NaN,
        "Operating Revenue": NaN,
        "Occupancy And Equipment": NaN,
        "Professional Expense And Contract Services Expense": NaN,
        "Other Non Interest Expense": NaN
    },
    "2024-03-31": {
        "Tax Effect Of Unusual Items": NaN,
        "Tax Rate For Calcs": NaN,
        "Net Income From Continuing Operation Net Minority Interest": NaN,
        "Reconciled Depreciation": NaN,
        "Net Interest Income": NaN,
        "Interest Expense": NaN,
        "Interest Income": NaN,
        "Normalized Income": NaN,
        "Net Income From Continuing And Discontinued Operation": NaN,
        "Diluted Average Shares": NaN,
        "Basic Average Shares": NaN,
        "Diluted EPS": NaN,
        "Basic EPS": NaN,
        "Diluted NI Availto Com Stockholders": NaN,
        "Net Income Common Stockholders": NaN,
        "Preferred Stock Dividends": NaN,
        "Net Income": NaN,
        "Net Income Including Noncontrolling Interests": NaN,
        "Net Income Continuous Operations": NaN,
        "Tax Provision": NaN,
        "Pretax Income": NaN,
        "Gain On Sale Of Security": NaN,
        "Depreciation Amortization Depletion Income Statement": NaN,
        "Depreciation And Amortization In Income Statement": NaN,
        "Amortization": NaN,
        "Amortization Of Intangibles Income Statement": NaN,
        "Selling General And Administration": NaN,
        "Selling And Marketing Expense": NaN,
        "General And Administrative Expense": NaN,
        "Other Gand A": 1509000.0,
        "Insurance And Claims": NaN,
        "Salaries And Wages": NaN,
        "Total Revenue": NaN,
        "Operating Revenue": NaN,
        "Occupancy And Equipment": NaN,
        "Professional Expense And Contract Services Expense": NaN,
        "Other Non Interest Expense": NaN
    },
    "2024-06-30": {
        "Tax Effect Of Unusual Items": 0.0,
        "Tax Rate For Calcs": 0.23,
        "Net Income From Continuing Operation Net Minority Interest": 2747000.0,
        "Reconciled Depreciation": 8218000.0,
        "Net Interest Income": 87915000.0,
        "Interest Expense": 19100000.0,
        "Interest Income": 107015000.0,
        "Normalized Income": 2747000.0,
        "Net Income From Continuing And Discontinued Operation": 2747000.0,
        "Diluted Average Shares": 23665105.0,
        "Basic Average Shares": 23274089.0,
        "Diluted EPS": 0.08,
        "Basic EPS": 0.08,
        "Diluted NI Availto Com Stockholders": 1945000.0,
        "Net Income Common Stockholders": 1945000.0,
        "Preferred Stock Dividends": 802000.0,
        "Net Income": 2747000.0,
        "Net Income Including Noncontrolling Interests": 2747000.0,
        "Net Income Continuous Operations": 2747000.0,
        "Tax Provision": 837000.0,
        "Pretax Income": 3584000.0,
        "Gain On Sale Of Security": -27000.0,
        "Depreciation Amortization Depletion Income Statement": 4226000.0,
        "Depreciation And Amortization In Income Statement": 4226000.0,
        "Amortization": 4226000.0,
        "Amortization Of Intangibles Income Statement": 4226000.0,
        "Selling General And Administration": 58654000.0,
        "Selling And Marketing Expense": 2008000.0,
        "General And Administrative Expense": 56646000.0,
        "Other Gand A": NaN,
        "Insurance And Claims": 641000.0,
        "Salaries And Wages": 56005000.0,
        "Total Revenue": 105055000.0,
        "Operating Revenue": 105055000.0,
        "Occupancy And Equipment": 8565000.0,
        "Professional Expense And Contract Services Expense": 4558000.0,
        "Other Non Interest Expense": 21340000.0
    },
    "2024-09-30": {
        "Tax Effect Of Unusual Items": 0.0,
        "Tax Rate For Calcs": 0.15,
        "Net Income From Continuing Operation Net Minority Interest": 5347000.0,
        "Reconciled Depreciation": 9025000.0,
        "Net Interest Income": 88699000.0,
        "Interest Expense": 19376000.0,
        "Interest Income": 108075000.0,
        "Normalized Income": 5347000.0,
        "Net Income From Continuing And Discontinued Operation": 5347000.0,
        "Diluted Average Shares": 23725324.0,
        "Basic Average Shares": 23330635.0,
        "Diluted EPS": 0.19,
        "Basic EPS": 0.19,
        "Diluted NI Availto Com Stockholders": 4546000.0,
        "Net Income Common Stockholders": 4546000.0,
        "Preferred Stock Dividends": 801000.0,
        "Net Income": 5347000.0,
        "Net Income Including Noncontrolling Interests": 5347000.0,
        "Net Income Continuous Operations": 5347000.0,
        "Tax Provision": 940000.0,
        "Pretax Income": 6287000.0,
        "Gain On Sale Of Security": -221000.0,
        "Depreciation Amortization Depletion Income Statement": 5084000.0,
        "Depreciation And Amortization In Income Statement": 5084000.0,
        "Amortization": 5084000.0,
        "Amortization Of Intangibles Income Statement": 5084000.0,
        "Selling General And Administration": 57542000.0,
        "Selling And Marketing Expense": 1416000.0,
        "General And Administrative Expense": 56126000.0,
        "Other Gand A": NaN,
        "Insurance And Claims": 679000.0,
        "Salaries And Wages": 55447000.0,
        "Total Revenue": 105975000.0,
        "Operating Revenue": 105975000.0,
        "Occupancy And Equipment": 8701000.0,
        "Professional Expense And Contract Services Expense": 4734000.0,
        "Other Non Interest Expense": 19585000.0
    },
    "2024-12-31": {
        "Tax Effect Of Unusual Items": 0.0,
        "Tax Rate For Calcs": 0.341681,
        "Net Income From Continuing Operation Net Minority Interest": 3838000.0,
        "Reconciled Depreciation": 8595000.0,
        "Net Interest Income": 87807000.0,
        "Interest Expense": 17671000.0,
        "Interest Income": 105478000.0,
        "Normalized Income": 3838000.0,
        "Net Income From Continuing And Discontinued Operation": 3838000.0,
        "Diluted Average Shares": 23869449.0,
        "Basic Average Shares": 23339651.0,
        "Diluted EPS": 0.13,
        "Basic EPS": 0.13,
        "Diluted NI Availto Com Stockholders": 3036000.0,
        "Net Income Common Stockholders": 3036000.0,
        "Preferred Stock Dividends": 802000.0,
        "Net Income": 3838000.0,
        "Net Income Including Noncontrolling Interests": 3838000.0,
        "Net Income Continuous Operations": 3838000.0,
        "Tax Provision": 1992000.0,
        "Pretax Income": 5830000.0,
        "Gain On Sale Of Security": -109000.0,
        "Depreciation Amortization Depletion Income Statement": 4630000.0,
        "Depreciation And Amortization In Income Statement": 4630000.0,
        "Amortization": 4630000.0,
        "Amortization Of Intangibles Income Statement": 4630000.0,
        "Selling General And Administration": 56232000.0,
        "Selling And Marketing Expense": 1545000.0,
        "General And Administrative Expense": 54687000.0,
        "Other Gand A": NaN,
        "Insurance And Claims": 744000.0,
        "Salaries And Wages": 53943000.0,
        "Total Revenue": 103450000.0,
        "Operating Revenue": 103450000.0,
        "Occupancy And Equipment": 8112000.0,
        "Professional Expense And Contract Services Expense": 5006000.0,
        "Other Non Interest Expense": 19295000.0
    },
    "2025-03-31": {
        "Tax Effect Of Unusual Items": 0.0,
        "Tax Rate For Calcs": 0.21,
        "Net Income From Continuing Operation Net Minority Interest": 17000.0,
        "Reconciled Depreciation": 8336000.0,
        "Net Interest Income": 84383000.0,
        "Interest Expense": 17887000.0,
        "Interest Income": 102270000.0,
        "Normalized Income": 17000.0,
        "Net Income From Continuing And Discontinued Operation": 17000.0,
        "Diluted Average Shares": 23362400.0,
        "Basic Average Shares": 23362400.0,
        "Diluted EPS": -0.03,
        "Basic EPS": -0.03,
        "Diluted NI Availto Com Stockholders": -784000.0,
        "Net Income Common Stockholders": -784000.0,
        "Preferred Stock Dividends": 801000.0,
        "Net Income": 17000.0,
        "Net Income Including Noncontrolling Interests": 17000.0,
        "Net Income Continuous Operations": 17000.0,
        "Tax Provision": 53000.0,
        "Pretax Income": 70000.0,
        "Gain On Sale Of Security": -145000.0,
        "Depreciation Amortization Depletion Income Statement": 4392000.0,
        "Depreciation And Amortization In Income Statement": 4392000.0,
        "Amortization": 4392000.0,
        "Amortization Of Intangibles Income Statement": 4392000.0,
        "Selling General And Administration": 60909000.0,
        "Selling And Marketing Expense": 1464000.0,
        "General And Administrative Expense": 59445000.0,
        "Other Gand A": NaN,
        "Insurance And Claims": 727000.0,
        "Salaries And Wages": 58718000.0,
        "Total Revenue": 101428000.0,
        "Operating Revenue": 101428000.0,
        "Occupancy And Equipment": 8442000.0,
        "Professional Expense And Contract Services Expense": 6064000.0,
        "Other Non Interest Expense": 20366000.0
    },
    "2025-06-30": {
        "Tax Effect Of Unusual Items": 0.0,
        "Tax Rate For Calcs": 0.21,
        "Net Income From Continuing Operation Net Minority Interest": 4420000.0,
        "Reconciled Depreciation": 10220000.0,
        "Net Interest Income": 88678000.0,
        "Interest Expense": 20523000.0,
        "Interest Income": 109201000.0,
        "Normalized Income": 4420000.0,
        "Net Income From Continuing And Discontinued Operation": 4420000.0,
        "Diluted Average Shares": 23772655.0,
        "Basic Average Shares": 23590119.0,
        "Diluted EPS": 0.15,
        "Basic EPS": 0.15,
        "Diluted NI Availto Com Stockholders": 3618000.0,
        "Net Income Common Stockholders": 3618000.0,
        "Preferred Stock Dividends": 802000.0,
        "Net Income": 4420000.0,
        "Net Income Including Noncontrolling Interests": 4420000.0,
        "Net Income Continuous Operations": 4420000.0,
        "Tax Provision": 3504000.0,
        "Pretax Income": 7924000.0,
        "Gain On Sale Of Security": 97000.0,
        "Depreciation Amortization Depletion Income Statement": 6265000.0,
        "Depreciation And Amortization In Income Statement": 6265000.0,
        "Amortization": 6265000.0,
        "Amortization Of Intangibles Income Statement": 6265000.0,
        "Selling General And Administration": 62614000.0,
        "Selling And Marketing Expense": 1838000.0,
        "General And Administrative Expense": 60776000.0,
        "Other Gand A": NaN,
        "Insurance And Claims": 894000.0,
        "Salaries And Wages": 59882000.0,
        "Total Revenue": 108159000.0,
        "Operating Revenue": 108159000.0,
        "Occupancy And Equipment": 8139000.0,
        "Professional Expense And Contract Services Expense": -320000.0,
        "Other Non Interest Expense": 24142000.0
    }
}