{
    "2023-06-30": {
        "Tax Effect Of Unusual Items": NaN,
        "Tax Rate For Calcs": NaN,
        "Net Income From Continuing Operation Net Minority Interest": NaN,
        "Reconciled Depreciation": NaN,
        "Net Interest Income": NaN,
        "Interest Expense": NaN,
        "Interest Income": NaN,
        "Normalized Income": NaN,
        "Net Income From Continuing And Discontinued Operation": NaN,
        "Diluted Average Shares": 278590810.0,
        "Basic Average Shares": 277472312.0,
        "Diluted EPS": 0.06,
        "Basic EPS": 0.06,
        "Diluted NI Availto Com Stockholders": NaN,
        "Net Income Common Stockholders": NaN,
        "Otherunder Preferred Stock Dividend": 388000.0,
        "Net Income": NaN,
        "Net Income Including Noncontrolling Interests": NaN,
        "Net Income Continuous Operations": NaN,
        "Tax Provision": NaN,
        "Pretax Income": NaN,
        "Selling General And Administration": NaN,
        "Selling And Marketing Expense": NaN,
        "General And Administrative Expense": NaN,
        "Insurance And Claims": NaN,
        "Salaries And Wages": NaN,
        "Total Revenue": NaN,
        "Operating Revenue": NaN,
        "Occupancy And Equipment": NaN,
        "Other Non Interest Expense": NaN
    },
    "2023-03-31": {
        "Tax Effect Of Unusual Items": NaN,
        "Tax Rate For Calcs": NaN,
        "Net Income From Continuing Operation Net Minority Interest": NaN,
        "Reconciled Depreciation": NaN,
        "Net Interest Income": NaN,
        "Interest Expense": NaN,
        "Interest Income": NaN,
        "Normalized Income": NaN,
        "Net Income From Continuing And Discontinued Operation": NaN,
        "Diluted Average Shares": NaN,
        "Basic Average Shares": NaN,
        "Diluted EPS": NaN,
        "Basic EPS": NaN,
        "Diluted NI Availto Com Stockholders": NaN,
        "Net Income Common Stockholders": NaN,
        "Otherunder Preferred Stock Dividend": 385000.0,
        "Net Income": NaN,
        "Net Income Including Noncontrolling Interests": NaN,
        "Net Income Continuous Operations": NaN,
        "Tax Provision": NaN,
        "Pretax Income": NaN,
        "Selling General And Administration": NaN,
        "Selling And Marketing Expense": NaN,
        "General And Administrative Expense": NaN,
        "Insurance And Claims": NaN,
        "Salaries And Wages": NaN,
        "Total Revenue": NaN,
        "Operating Revenue": NaN,
        "Occupancy And Equipment": NaN,
        "Other Non Interest Expense": NaN
    },
    "2022-12-31": {
        "Tax Effect Of Unusual Items": NaN,
        "Tax Rate For Calcs": NaN,
        "Net Income From Continuing Operation Net Minority Interest": NaN,
        "Reconciled Depreciation": NaN,
        "Net Interest Income": NaN,
        "Interest Expense": NaN,
        "Interest Income": NaN,
        "Normalized Income": NaN,
        "Net Income From Continuing And Discontinued Operation": NaN,
        "Diluted Average Shares": NaN,
        "Basic Average Shares": NaN,
        "Diluted EPS": NaN,
        "Basic EPS": NaN,
        "Diluted NI Availto Com Stockholders": NaN,
        "Net Income Common Stockholders": NaN,
        "Otherunder Preferred Stock Dividend": 389000.0,
        "Net Income": NaN,
        "Net Income Including Noncontrolling Interests": NaN,
        "Net Income Continuous Operations": NaN,
        "Tax Provision": NaN,
        "Pretax Income": NaN,
        "Selling General And Administration": NaN,
        "Selling And Marketing Expense": NaN,
        "General And Administrative Expense": NaN,
        "Insurance And Claims": NaN,
        "Salaries And Wages": NaN,
        "Total Revenue": NaN,
        "Operating Revenue": NaN,
        "Occupancy And Equipment": NaN,
        "Other Non Interest Expense": NaN
    },
    "2022-09-30": {
        "Tax Effect Of Unusual Items": 0.0,
        "Tax Rate For Calcs": 0.183505,
        "Net Income From Continuing Operation Net Minority Interest": 25433000.0,
        "Reconciled Depreciation": 6227000.0,
        "Net Interest Income": 75509000.0,
        "Interest Expense": 45502000.0,
        "Interest Income": 121011000.0,
        "Normalized Income": 25433000.0,
        "Net Income From Continuing And Discontinued Operation": 25433000.0,
        "Diluted Average Shares": 278505233.0,
        "Basic Average Shares": 277383038.0,
        "Diluted EPS": 0.09,
        "Basic EPS": 0.09,
        "Diluted NI Availto Com Stockholders": 25433000.0,
        "Net Income Common Stockholders": 25433000.0,
        "Otherunder Preferred Stock Dividend": NaN,
        "Net Income": 25433000.0,
        "Net Income Including Noncontrolling Interests": 25433000.0,
        "Net Income Continuous Operations": 25433000.0,
        "Tax Provision": 5716000.0,
        "Pretax Income": 31149000.0,
        "Selling General And Administration": 34184000.0,
        "Selling And Marketing Expense": 4256000.0,
        "General And Administrative Expense": 29928000.0,
        "Insurance And Claims": 2722000.0,
        "Salaries And Wages": 27206000.0,
        "Total Revenue": 79891000.0,
        "Operating Revenue": 79891000.0
    },
    "2022-06-30": {
        "Tax Effect Of Unusual Items": 0.0,
        "Tax Rate For Calcs": 0.192056,
        "Net Income From Continuing Operation Net Minority Interest": 17147000.0,
        "Reconciled Depreciation": 6700000.0,
        "Net Interest Income": 71302000.0,
        "Interest Expense": 31469000.0,
        "Interest Income": 102771000.0,
        "Normalized Income": 17147000.0,
        "Net Income From Continuing And Discontinued Operation": 17147000.0,
        "Diluted Average Shares": 278555759.0,
        "Basic Average Shares": 277453439.0,
        "Diluted EPS": 0.06,
        "Basic EPS": 0.06,
        "Diluted NI Availto Com Stockholders": 17147000.0,
        "Net Income Common Stockholders": 17147000.0,
        "Otherunder Preferred Stock Dividend": NaN,
        "Net Income": 17147000.0,
        "Net Income Including Noncontrolling Interests": 17147000.0,
        "Net Income Continuous Operations": 17147000.0,
        "Tax Provision": 4076000.0,
        "Pretax Income": 21223000.0,
        "Selling General And Administration": 35937000.0,
        "Selling And Marketing Expense": 4830000.0,
        "General And Administrative Expense": 31107000.0,
        "Insurance And Claims": 2351000.0,
        "Salaries And Wages": 28756000.0,
        "Total Revenue": 76979000.0,
        "Operating Revenue": 76979000.0
    },
    "2022-03-31": {
        "Diluted EPS": 0.06,
        "Total Revenue": 99,
        "Gross Profit": 68,
        "Operating Income": 19,
        "EBIT": NaN,
        "Net Income": 15
    },
    "2021-12-31": {
        "Diluted EPS": 0.06,
        "Total Revenue": 100,
        "Gross Profit": 66,
        "Operating Income": 20,
        "EBIT": NaN,
        "Net Income": 16
    },
    "2021-09-30": {
        "Diluted EPS": 0.06,
        "Total Revenue": 103,
        "Gross Profit": 66,
        "Operating Income": 21,
        "EBIT": NaN,
        "Net Income": 17
    },
    "2021-06-30": {
        "Diluted EPS": 0.06,
        "Total Revenue": 105,
        "Gross Profit": 67,
        "Operating Income": 20,
        "EBIT": NaN,
        "Net Income": 16
    },
    "2021-03-31": {
        "Diluted EPS": 0.08,
        "Total Revenue": 114,
        "Gross Profit": 74,
        "Operating Income": 29,
        "EBIT": NaN,
        "Net Income": 23
    },
    "2020-12-31": {
        "Diluted EPS": 0.09,
        "Total Revenue": 123,
        "Gross Profit": 80,
        "Operating Income": 30,
        "EBIT": NaN,
        "Net Income": 25
    },
    "2020-09-30": {
        "Diluted EPS": 0.04,
        "Total Revenue": 123,
        "Gross Profit": 67,
        "Operating Income": 17,
        "EBIT": NaN,
        "Net Income": 13
    },
    "2020-06-30": {
        "Diluted EPS": 0.1,
        "Total Revenue": 125,
        "Gross Profit": 78,
        "Operating Income": 33,
        "EBIT": NaN,
        "Net Income": 27
    },
    "2020-03-31": {
        "Diluted EPS": 0.06,
        "Total Revenue": 128,
        "Gross Profit": 74,
        "Operating Income": 18,
        "EBIT": NaN,
        "Net Income": 17
    },
    "2019-12-31": {
        "Diluted EPS": 0.09,
        "Total Revenue": 132,
        "Gross Profit": 76,
        "Operating Income": 32,
        "EBIT": NaN,
        "Net Income": 25
    },
    "2019-09-30": {
        "Diluted EPS": 0.08,
        "Total Revenue": 128,
        "Gross Profit": 70,
        "Operating Income": 27,
        "EBIT": NaN,
        "Net Income": 21
    },
    "2019-06-30": {
        "Diluted EPS": 0.06,
        "Total Revenue": 126,
        "Gross Profit": 71,
        "Operating Income": 23,
        "EBIT": NaN,
        "Net Income": 18
    },
    "2019-03-31": {
        "Diluted EPS": 0.07,
        "Total Revenue": 125,
        "Gross Profit": 73,
        "Operating Income": 26,
        "EBIT": NaN,
        "Net Income": 20
    },
    "2018-12-31": {
        "Diluted EPS": 0.07,
        "Total Revenue": 123,
        "Gross Profit": 72,
        "Operating Income": 27,
        "EBIT": NaN,
        "Net Income": 20
    },
    "2018-09-30": {
        "Diluted EPS": 0.08,
        "Total Revenue": 119,
        "Gross Profit": 74,
        "Operating Income": 30,
        "EBIT": NaN,
        "Net Income": 21
    },
    "2018-06-30": {
        "Diluted EPS": 0.07,
        "Total Revenue": 118,
        "Gross Profit": 77,
        "Operating Income": 28,
        "EBIT": NaN,
        "Net Income": 21
    },
    "2018-03-31": {
        "Diluted EPS": 0.08,
        "Total Revenue": 115,
        "Gross Profit": 76,
        "Operating Income": 31,
        "EBIT": NaN,
        "Net Income": 23
    },
    "2017-12-31": {
        "Diluted EPS": 0.07,
        "Total Revenue": 112,
        "Gross Profit": 75,
        "Operating Income": 32,
        "EBIT": NaN,
        "Net Income": 19
    },
    "2017-09-30": {
        "Diluted EPS": 0.09,
        "Total Revenue": 111,
        "Gross Profit": 75,
        "Operating Income": 35,
        "EBIT": NaN,
        "Net Income": 23
    },
    "2017-06-30": {
        "Diluted EPS": 0.08,
        "Total Revenue": 109,
        "Gross Profit": 75,
        "Operating Income": 34,
        "EBIT": NaN,
        "Net Income": 23
    },
    "2017-03-31": {
        "Diluted EPS": 0.08,
        "Total Revenue": 106,
        "Gross Profit": 75,
        "Operating Income": 36,
        "EBIT": NaN,
        "Net Income": 23
    },
    "2016-12-31": {
        "Diluted EPS": 0.07,
        "Total Revenue": 104,
        "Gross Profit": 74,
        "Operating Income": 28,
        "EBIT": NaN,
        "Net Income": 19
    },
    "2016-09-30": {
        "Diluted EPS": 0.08,
        "Total Revenue": 104,
        "Gross Profit": 74,
        "Operating Income": 35,
        "EBIT": NaN,
        "Net Income": 22
    },
    "2016-06-30": {
        "Diluted EPS": 0.07,
        "Total Revenue": 103,
        "Gross Profit": 73,
        "Operating Income": 32,
        "EBIT": NaN,
        "Net Income": 20
    },
    "2016-03-31": {
        "Diluted EPS": 0.07,
        "Total Revenue": 104,
        "Gross Profit": 74,
        "Operating Income": 29,
        "EBIT": NaN,
        "Net Income": 19
    },
    "2015-12-31": {
        "Diluted EPS": 0.06,
        "Total Revenue": 103,
        "Gross Profit": 74,
        "Operating Income": 27,
        "EBIT": NaN,
        "Net Income": 18
    },
    "2015-09-30": {
        "Diluted EPS": 0.08,
        "Total Revenue": 103,
        "Gross Profit": 74,
        "Operating Income": 33,
        "EBIT": NaN,
        "Net Income": 23
    },
    "2015-06-30": {
        "Diluted EPS": 0.06,
        "Total Revenue": 102,
        "Gross Profit": 74,
        "Operating Income": 26,
        "EBIT": NaN,
        "Net Income": 17
    },
    "2015-03-31": {
        "Diluted EPS": 0.05,
        "Total Revenue": 102,
        "Gross Profit": 73,
        "Operating Income": 23,
        "EBIT": NaN,
        "Net Income": 16
    },
    "2014-12-31": {
        "Diluted EPS": 0.06,
        "Total Revenue": 102,
        "Gross Profit": 73,
        "Operating Income": 25,
        "EBIT": NaN,
        "Net Income": 16
    },
    "2014-09-30": {
        "Diluted EPS": 0.06,
        "Total Revenue": 100,
        "Gross Profit": 72,
        "Operating Income": 23,
        "EBIT": NaN,
        "Net Income": 16
    },
    "2014-06-30": {
        "Diluted EPS": 0.06,
        "Total Revenue": 99,
        "Gross Profit": 74,
        "Operating Income": 27,
        "EBIT": NaN,
        "Net Income": 18
    },
    "2014-03-31": {
        "Diluted EPS": 0.05,
        "Total Revenue": 99,
        "Gross Profit": 75,
        "Operating Income": 25,
        "EBIT": NaN,
        "Net Income": 16
    },
    "2013-12-31": {
        "Diluted EPS": 0.05,
        "Total Revenue": 98,
        "Gross Profit": 73,
        "Operating Income": 24,
        "EBIT": NaN,
        "Net Income": 16
    },
    "2013-09-30": {
        "Diluted EPS": 0.05,
        "Total Revenue": 98,
        "Gross Profit": 71,
        "Operating Income": 19,
        "EBIT": NaN,
        "Net Income": 16
    },
    "2013-06-30": {
        "Diluted EPS": 0.05,
        "Total Revenue": 103,
        "Gross Profit": 75,
        "Operating Income": 24,
        "EBIT": NaN,
        "Net Income": 16
    },
    "2013-03-31": {
        "Diluted EPS": 0.04,
        "Total Revenue": 103,
        "Gross Profit": 74,
        "Operating Income": 19,
        "EBIT": NaN,
        "Net Income": 13
    },
    "2012-12-31": {
        "Diluted EPS": 0.04,
        "Total Revenue": 109,
        "Gross Profit": 77,
        "Operating Income": 16,
        "EBIT": NaN,
        "Net Income": 11
    },
    "2012-09-30": {
        "Diluted EPS": 0.01,
        "Total Revenue": 109,
        "Gross Profit": 72,
        "Operating Income": -1,
        "EBIT": NaN,
        "Net Income": 1
    },
    "2012-06-30": {
        "Diluted EPS": 0.0,
        "Total Revenue": 111,
        "Gross Profit": 72,
        "Operating Income": 0,
        "EBIT": NaN,
        "Net Income": 1
    },
    "2012-03-31": {
        "Diluted EPS": 0.0,
        "Total Revenue": 111,
        "Gross Profit": 72,
        "Operating Income": 2,
        "EBIT": NaN,
        "Net Income": 1
    },
    "2011-12-31": {
        "Diluted EPS": 0.03,
        "Total Revenue": 111,
        "Gross Profit": 70,
        "Operating Income": 12,
        "EBIT": NaN,
        "Net Income": 8
    },
    "2011-09-30": {
        "Diluted EPS": 0.02,
        "Total Revenue": 114,
        "Gross Profit": 71,
        "Operating Income": 11,
        "EBIT": NaN,
        "Net Income": 8
    },
    "2011-06-30": {
        "Diluted EPS": 0.02,
        "Total Revenue": 116,
        "Gross Profit": 72,
        "Operating Income": 10,
        "EBIT": NaN,
        "Net Income": 6
    },
    "2011-03-31": {
        "Diluted EPS": 0.01,
        "Total Revenue": 114,
        "Gross Profit": 69,
        "Operating Income": 3,
        "EBIT": NaN,
        "Net Income": 2
    },
    "2010-12-31": {
        "Diluted EPS": -0.02,
        "Total Revenue": 114,
        "Gross Profit": 67,
        "Operating Income": -11,
        "EBIT": NaN,
        "Net Income": -7
    },
    "2010-09-30": {
        "Diluted EPS": -0.03,
        "Total Revenue": 112,
        "Gross Profit": 62,
        "Operating Income": -15,
        "EBIT": NaN,
        "Net Income": -11
    },
    "2010-06-30": {
        "Diluted EPS": 0.03,
        "Total Revenue": 138,
        "Gross Profit": 86,
        "Operating Income": 15,
        "EBIT": NaN,
        "Net Income": 10
    },
    "2010-03-31": {
        "Diluted EPS": 0.01,
        "Total Revenue": 122,
        "Gross Profit": 69,
        "Operating Income": 5,
        "EBIT": NaN,
        "Net Income": 3
    },
    "2009-12-31": {
        "Diluted EPS": 0.03,
        "Total Revenue": 124,
        "Gross Profit": 69,
        "Operating Income": 13,
        "EBIT": NaN,
        "Net Income": 9
    },
    "2009-09-30": {
        "Diluted EPS": -0.04,
        "Total Revenue": 131,
        "Gross Profit": 73,
        "Operating Income": -20,
        "EBIT": NaN,
        "Net Income": -13
    },
    "2009-06-30": {
        "Diluted EPS": 0.03,
        "Total Revenue": 139,
        "Gross Profit": 80,
        "Operating Income": 14,
        "EBIT": NaN,
        "Net Income": 10
    },
    "2009-03-31": {
        "Diluted EPS": 0.02,
        "Total Revenue": 141,
        "Gross Profit": 77,
        "Operating Income": 8,
        "EBIT": NaN,
        "Net Income": 6
    },
    "2023-09-30": {
        "Tax Effect Of Unusual Items": NaN,
        "Tax Rate For Calcs": NaN,
        "Net Income From Continuing Operation Net Minority Interest": NaN,
        "Reconciled Depreciation": NaN,
        "Net Interest Income": NaN,
        "Interest Expense": NaN,
        "Interest Income": NaN,
        "Normalized Income": NaN,
        "Net Income From Continuing And Discontinued Operation": NaN,
        "Diluted Average Shares": 278826441.0,
        "Basic Average Shares": 277589775.0,
        "Diluted EPS": 0.07,
        "Basic EPS": 0.07,
        "Diluted NI Availto Com Stockholders": NaN,
        "Net Income Common Stockholders": NaN,
        "Otherunder Preferred Stock Dividend": NaN,
        "Net Income": NaN,
        "Net Income Including Noncontrolling Interests": NaN,
        "Net Income Continuous Operations": NaN,
        "Tax Provision": NaN,
        "Pretax Income": NaN,
        "Selling General And Administration": NaN,
        "Selling And Marketing Expense": NaN,
        "General And Administrative Expense": NaN,
        "Insurance And Claims": NaN,
        "Salaries And Wages": NaN,
        "Total Revenue": NaN,
        "Operating Revenue": NaN,
        "Occupancy And Equipment": NaN,
        "Other Non Interest Expense": NaN
    },
    "2023-12-31": {
        "Tax Effect Of Unusual Items": 0.0,
        "Tax Rate For Calcs": 0.207539,
        "Net Income From Continuing Operation Net Minority Interest": 20707000.0,
        "Reconciled Depreciation": 4581000.0,
        "Net Interest Income": 69092000.0,
        "Interest Expense": 108067000.0,
        "Interest Income": 177159000.0,
        "Normalized Income": 20707000.0,
        "Net Income From Continuing And Discontinued Operation": 20707000.0,
        "Diluted Average Shares": 279001898.0,
        "Basic Average Shares": 277841526.0,
        "Diluted EPS": 0.07,
        "Basic EPS": 0.07,
        "Diluted NI Availto Com Stockholders": 20302000.0,
        "Net Income Common Stockholders": 20302000.0,
        "Otherunder Preferred Stock Dividend": 405000.0,
        "Net Income": 20707000.0,
        "Net Income Including Noncontrolling Interests": 20707000.0,
        "Net Income Continuous Operations": 20707000.0,
        "Tax Provision": 5423000.0,
        "Pretax Income": 26130000.0,
        "Selling General And Administration": 35325000.0,
        "Selling And Marketing Expense": 4431000.0,
        "General And Administrative Expense": 30894000.0,
        "Insurance And Claims": 3778000.0,
        "Salaries And Wages": 27116000.0,
        "Total Revenue": 75407000.0,
        "Operating Revenue": 75407000.0,
        "Occupancy And Equipment": 6845000.0,
        "Other Non Interest Expense": 8107000.0
    },
    "2024-03-31": {
        "Tax Effect Of Unusual Items": 0.0,
        "Tax Rate For Calcs": 0.200332,
        "Net Income From Continuing Operation Net Minority Interest": 20713000.0,
        "Reconciled Depreciation": 4515000.0,
        "Net Interest Income": 71378000.0,
        "Interest Expense": 112115000.0,
        "Interest Income": 183493000.0,
        "Normalized Income": 20713000.0,
        "Net Income From Continuing And Discontinued Operation": 20713000.0,
        "Diluted Average Shares": 279046837.0,
        "Basic Average Shares": 278183041.0,
        "Diluted EPS": 0.07,
        "Basic EPS": 0.07,
        "Diluted NI Availto Com Stockholders": 20371000.0,
        "Net Income Common Stockholders": 20371000.0,
        "Otherunder Preferred Stock Dividend": 342000.0,
        "Net Income": 20713000.0,
        "Net Income Including Noncontrolling Interests": 20713000.0,
        "Net Income Continuous Operations": 20713000.0,
        "Tax Provision": 5189000.0,
        "Pretax Income": 25902000.0,
        "Selling General And Administration": 36613000.0,
        "Selling And Marketing Expense": 5099000.0,
        "General And Administrative Expense": 31514000.0,
        "Insurance And Claims": 4013000.0,
        "Salaries And Wages": 27501000.0,
        "Total Revenue": 77100000.0,
        "Operating Revenue": 77100000.0,
        "Occupancy And Equipment": 7303000.0,
        "Other Non Interest Expense": 8282000.0
    },
    "2024-06-30": {
        "Tax Effect Of Unusual Items": 0.0,
        "Tax Rate For Calcs": 0.209156,
        "Net Income From Continuing Operation Net Minority Interest": 19953000.0,
        "Reconciled Depreciation": 4979000.0,
        "Net Interest Income": 69273000.0,
        "Interest Expense": 115633000.0,
        "Interest Income": 184906000.0,
        "Normalized Income": 19953000.0,
        "Net Income From Continuing And Discontinued Operation": 19953000.0,
        "Diluted Average Shares": 279221360.0,
        "Basic Average Shares": 278291376.0,
        "Diluted EPS": 0.07,
        "Basic EPS": 0.07,
        "Diluted NI Availto Com Stockholders": 19610000.0,
        "Net Income Common Stockholders": 19610000.0,
        "Otherunder Preferred Stock Dividend": 343000.0,
        "Net Income": 19953000.0,
        "Net Income Including Noncontrolling Interests": 19953000.0,
        "Net Income Continuous Operations": 19953000.0,
        "Tax Provision": 5277000.0,
        "Pretax Income": 25230000.0,
        "Selling General And Administration": 34970000.0,
        "Selling And Marketing Expense": 4867000.0,
        "General And Administrative Expense": 30103000.0,
        "Insurance And Claims": 3258000.0,
        "Salaries And Wages": 26845000.0,
        "Total Revenue": 75518000.0,
        "Operating Revenue": 75518000.0,
        "Occupancy And Equipment": 7008000.0,
        "Other Non Interest Expense": 8810000.0
    },
    "2024-09-30": {
        "Tax Effect Of Unusual Items": 0.0,
        "Tax Rate For Calcs": 0.209796,
        "Net Income From Continuing Operation Net Minority Interest": 18215000.0,
        "Reconciled Depreciation": 4959000.0,
        "Net Interest Income": 68715000.0,
        "Interest Expense": 119801000.0,
        "Interest Income": 188516000.0,
        "Normalized Income": 18215000.0,
        "Net Income From Continuing And Discontinued Operation": 18215000.0,
        "Diluted Average Shares": 279404704.0,
        "Basic Average Shares": 278399318.0,
        "Diluted EPS": 0.06,
        "Basic EPS": 0.06,
        "Diluted NI Availto Com Stockholders": 17879000.0,
        "Net Income Common Stockholders": 17879000.0,
        "Otherunder Preferred Stock Dividend": 336000.0,
        "Net Income": 18215000.0,
        "Net Income Including Noncontrolling Interests": 18215000.0,
        "Net Income Continuous Operations": 18215000.0,
        "Tax Provision": 4836000.0,
        "Pretax Income": 23051000.0,
        "Selling General And Administration": 35176000.0,
        "Selling And Marketing Expense": 5334000.0,
        "General And Administrative Expense": 29842000.0,
        "Insurance And Claims": 3522000.0,
        "Salaries And Wages": 26320000.0,
        "Total Revenue": 75135000.0,
        "Operating Revenue": 75135000.0,
        "Occupancy And Equipment": 7158000.0,
        "Other Non Interest Expense": 8750000.0
    },
    "2024-12-31": {
        "Tax Effect Of Unusual Items": 0.0,
        "Tax Rate For Calcs": 0.21,
        "Net Income From Continuing Operation Net Minority Interest": 22426000.0,
        "Reconciled Depreciation": 5309000.0,
        "Net Interest Income": 68328000.0,
        "Interest Expense": 118440000.0,
        "Interest Income": 186768000.0,
        "Normalized Income": 22426000.0,
        "Net Income From Continuing And Discontinued Operation": 22426000.0,
        "Diluted Average Shares": 279578652.0,
        "Basic Average Shares": 278538110.0,
        "Diluted EPS": 0.08,
        "Basic EPS": 0.08,
        "Diluted NI Availto Com Stockholders": 22073000.0,
        "Net Income Common Stockholders": 22073000.0,
        "Otherunder Preferred Stock Dividend": 353000.0,
        "Net Income": 22426000.0,
        "Net Income Including Noncontrolling Interests": 22426000.0,
        "Net Income Continuous Operations": 22426000.0,
        "Tax Provision": 5964000.0,
        "Pretax Income": 28390000.0,
        "Selling General And Administration": 33845000.0,
        "Selling And Marketing Expense": 3654000.0,
        "General And Administrative Expense": 30191000.0,
        "Insurance And Claims": 3585000.0,
        "Salaries And Wages": 26606000.0,
        "Total Revenue": 74831000.0,
        "Operating Revenue": 74831000.0,
        "Occupancy And Equipment": 6844000.0,
        "Other Non Interest Expense": 7252000.0
    },
    "2025-03-31": {
        "Tax Effect Of Unusual Items": 0.0,
        "Tax Rate For Calcs": 0.207622,
        "Net Income From Continuing Operation Net Minority Interest": 21021000.0,
        "Reconciled Depreciation": 5554000.0,
        "Net Interest Income": 72049000.0,
        "Interest Expense": 113903000.0,
        "Interest Income": 185952000.0,
        "Normalized Income": 21021000.0,
        "Net Income From Continuing And Discontinued Operation": 21021000.0,
        "Diluted Average Shares": 279719382.0,
        "Basic Average Shares": 278729388.0,
        "Diluted EPS": 0.07,
        "Basic EPS": 0.07,
        "Diluted NI Availto Com Stockholders": 20661000.0,
        "Net Income Common Stockholders": 20661000.0,
        "Otherunder Preferred Stock Dividend": 360000.0,
        "Net Income": 21021000.0,
        "Net Income Including Noncontrolling Interests": 21021000.0,
        "Net Income Continuous Operations": 21021000.0,
        "Tax Provision": 5508000.0,
        "Pretax Income": 26529000.0,
        "Selling General And Administration": 35971000.0,
        "Selling And Marketing Expense": 4632000.0,
        "General And Administrative Expense": 31339000.0,
        "Insurance And Claims": 3673000.0,
        "Salaries And Wages": 27666000.0,
        "Total Revenue": 79117000.0,
        "Operating Revenue": 79117000.0,
        "Occupancy And Equipment": 7617000.0,
        "Other Non Interest Expense": 7500000.0
    }
}