{
    "2023-03-31": {
        "Tax Effect Of Unusual Items": NaN,
        "Tax Rate For Calcs": NaN,
        "Normalized EBITDA": NaN,
        "Total Unusual Items": NaN,
        "Total Unusual Items Excluding Goodwill": NaN,
        "Net Income From Continuing Operation Net Minority Interest": NaN,
        "Reconciled Depreciation": NaN,
        "Reconciled Cost Of Revenue": NaN,
        "EBITDA": NaN,
        "EBIT": NaN,
        "Net Interest Income": NaN,
        "Interest Expense": NaN,
        "Interest Income": NaN,
        "Normalized Income": NaN,
        "Net Income From Continuing And Discontinued Operation": NaN,
        "Total Expenses": NaN,
        "Total Operating Income As Reported": NaN,
        "Diluted Average Shares": NaN,
        "Basic Average Shares": NaN,
        "Diluted EPS": NaN,
        "Basic EPS": NaN,
        "Diluted NI Availto Com Stockholders": NaN,
        "Net Income Common Stockholders": NaN,
        "Net Income": NaN,
        "Net Income Including Noncontrolling Interests": NaN,
        "Net Income Discontinuous Operations": NaN,
        "Net Income Continuous Operations": NaN,
        "Tax Provision": NaN,
        "Pretax Income": NaN,
        "Other Income Expense": NaN,
        "Special Income Charges": NaN,
        "Gain On Sale Of Business": -140000.0,
        "Other Special Charges": NaN,
        "Write Off": NaN,
        "Restructuring And Mergern Acquisition": NaN,
        "Net Non Operating Interest Income Expense": NaN,
        "Interest Expense Non Operating": NaN,
        "Interest Income Non Operating": NaN,
        "Operating Income": NaN,
        "Operating Expense": NaN,
        "Research And Development": NaN,
        "Selling General And Administration": NaN,
        "General And Administrative Expense": 232716000.0,
        "Other Gand A": 232716000.0,
        "Salaries And Wages": 0.0,
        "Gross Profit": NaN,
        "Cost Of Revenue": NaN,
        "Total Revenue": NaN,
        "Operating Revenue": NaN
    },
    "2022-12-31": {
        "Tax Effect Of Unusual Items": NaN,
        "Tax Rate For Calcs": NaN,
        "Normalized EBITDA": NaN,
        "Total Unusual Items": NaN,
        "Total Unusual Items Excluding Goodwill": NaN,
        "Net Income From Continuing Operation Net Minority Interest": NaN,
        "Reconciled Depreciation": NaN,
        "Reconciled Cost Of Revenue": NaN,
        "EBITDA": NaN,
        "EBIT": NaN,
        "Net Interest Income": NaN,
        "Interest Expense": NaN,
        "Interest Income": NaN,
        "Normalized Income": NaN,
        "Net Income From Continuing And Discontinued Operation": NaN,
        "Total Expenses": NaN,
        "Total Operating Income As Reported": NaN,
        "Diluted Average Shares": NaN,
        "Basic Average Shares": NaN,
        "Diluted EPS": NaN,
        "Basic EPS": NaN,
        "Diluted NI Availto Com Stockholders": NaN,
        "Net Income Common Stockholders": NaN,
        "Net Income": NaN,
        "Net Income Including Noncontrolling Interests": NaN,
        "Net Income Discontinuous Operations": NaN,
        "Net Income Continuous Operations": NaN,
        "Tax Provision": NaN,
        "Pretax Income": NaN,
        "Other Income Expense": NaN,
        "Special Income Charges": NaN,
        "Gain On Sale Of Business": 0.0,
        "Write Off": NaN,
        "Restructuring And Mergern Acquisition": NaN,
        "Net Non Operating Interest Income Expense": NaN,
        "Interest Expense Non Operating": NaN,
        "Interest Income Non Operating": NaN,
        "Operating Income": NaN,
        "Operating Expense": NaN,
        "Research And Development": NaN,
        "Selling General And Administration": NaN,
        "General And Administrative Expense": NaN,
        "Other Gand A": NaN,
        "Salaries And Wages": NaN,
        "Gross Profit": NaN,
        "Cost Of Revenue": NaN,
        "Total Revenue": NaN,
        "Operating Revenue": NaN
    },
    "2022-09-30": {
        "Tax Effect Of Unusual Items": NaN,
        "Tax Rate For Calcs": NaN,
        "Normalized EBITDA": NaN,
        "Total Unusual Items": NaN,
        "Total Unusual Items Excluding Goodwill": NaN,
        "Net Income From Continuing Operation Net Minority Interest": NaN,
        "Reconciled Depreciation": NaN,
        "Reconciled Cost Of Revenue": NaN,
        "EBITDA": NaN,
        "EBIT": NaN,
        "Net Interest Income": NaN,
        "Interest Expense": NaN,
        "Interest Income": NaN,
        "Normalized Income": NaN,
        "Net Income From Continuing And Discontinued Operation": NaN,
        "Total Expenses": NaN,
        "Total Operating Income As Reported": NaN,
        "Diluted Average Shares": NaN,
        "Basic Average Shares": NaN,
        "Diluted EPS": NaN,
        "Basic EPS": NaN,
        "Diluted NI Availto Com Stockholders": NaN,
        "Net Income Common Stockholders": NaN,
        "Net Income": NaN,
        "Net Income Including Noncontrolling Interests": NaN,
        "Net Income Discontinuous Operations": NaN,
        "Net Income Continuous Operations": NaN,
        "Tax Provision": NaN,
        "Pretax Income": NaN,
        "Other Income Expense": NaN,
        "Special Income Charges": NaN,
        "Gain On Sale Of Business": 6504000.0,
        "Write Off": NaN,
        "Restructuring And Mergern Acquisition": NaN,
        "Net Non Operating Interest Income Expense": NaN,
        "Interest Expense Non Operating": NaN,
        "Interest Income Non Operating": NaN,
        "Operating Income": NaN,
        "Operating Expense": NaN,
        "Research And Development": NaN,
        "Selling General And Administration": NaN,
        "General And Administrative Expense": NaN,
        "Other Gand A": NaN,
        "Salaries And Wages": NaN,
        "Gross Profit": NaN,
        "Cost Of Revenue": NaN,
        "Total Revenue": NaN,
        "Operating Revenue": NaN
    },
    "2022-06-30": {
        "Tax Effect Of Unusual Items": 12367.0,
        "Tax Rate For Calcs": 0.149,
        "Normalized EBITDA": 192025000.0,
        "Total Unusual Items": 83000.0,
        "Total Unusual Items Excluding Goodwill": 83000.0,
        "Net Income From Continuing Operation Net Minority Interest": 105555000.0,
        "Reconciled Depreciation": 56722000.0,
        "Reconciled Cost Of Revenue": 315709000.0,
        "EBITDA": 192108000.0,
        "EBIT": 135386000.0,
        "Net Interest Income": -11190000.0,
        "Interest Expense": 11419000.0,
        "Interest Income": 229000.0,
        "Normalized Income": 105484367.0,
        "Net Income From Continuing And Discontinued Operation": 105514000.0,
        "Total Expenses": 569468000.0,
        "Total Operating Income As Reported": 135157000.0,
        "Diluted Average Shares": 47347000.0,
        "Basic Average Shares": 46901000.0,
        "Diluted EPS": 2.23,
        "Basic EPS": 2.25,
        "Diluted NI Availto Com Stockholders": 105514000.0,
        "Net Income Common Stockholders": 105514000.0,
        "Net Income": 105514000.0,
        "Net Income Including Noncontrolling Interests": 105514000.0,
        "Net Income Discontinuous Operations": -41000.0,
        "Net Income Continuous Operations": 105555000.0,
        "Tax Provision": 18412000.0,
        "Pretax Income": 123967000.0,
        "Other Income Expense": 83000.0,
        "Special Income Charges": 83000.0,
        "Gain On Sale Of Business": NaN,
        "Other Special Charges": NaN,
        "Restructuring And Mergern Acquisition": -83000.0,
        "Net Non Operating Interest Income Expense": -11190000.0,
        "Interest Expense Non Operating": 11419000.0,
        "Interest Income Non Operating": 229000.0,
        "Operating Income": 135074000.0,
        "Operating Expense": 253759000.0,
        "Research And Development": 36934000.0,
        "Selling General And Administration": 216825000.0,
        "Gross Profit": 388833000.0,
        "Cost Of Revenue": 315709000.0,
        "Total Revenue": 704542000.0,
        "Operating Revenue": 704542000.0
    },
    "2023-06-30": {
        "Tax Effect Of Unusual Items": NaN,
        "Tax Rate For Calcs": NaN,
        "Normalized EBITDA": NaN,
        "Total Unusual Items": NaN,
        "Total Unusual Items Excluding Goodwill": NaN,
        "Net Income From Continuing Operation Net Minority Interest": NaN,
        "Reconciled Depreciation": NaN,
        "Reconciled Cost Of Revenue": NaN,
        "EBITDA": NaN,
        "EBIT": NaN,
        "Net Interest Income": NaN,
        "Interest Expense": NaN,
        "Interest Income": NaN,
        "Normalized Income": NaN,
        "Net Income From Continuing And Discontinued Operation": NaN,
        "Total Expenses": NaN,
        "Total Operating Income As Reported": NaN,
        "Diluted Average Shares": NaN,
        "Basic Average Shares": NaN,
        "Diluted EPS": NaN,
        "Basic EPS": NaN,
        "Diluted NI Availto Com Stockholders": NaN,
        "Net Income Common Stockholders": NaN,
        "Net Income": NaN,
        "Net Income Including Noncontrolling Interests": NaN,
        "Net Income Discontinuous Operations": NaN,
        "Net Income Continuous Operations": NaN,
        "Tax Provision": NaN,
        "Pretax Income": NaN,
        "Other Income Expense": NaN,
        "Special Income Charges": NaN,
        "Gain On Sale Of Business": -127000.0,
        "Other Special Charges": NaN,
        "Write Off": NaN,
        "Impairment Of Capital Assets": NaN,
        "Restructuring And Mergern Acquisition": NaN,
        "Net Non Operating Interest Income Expense": NaN,
        "Interest Expense Non Operating": NaN,
        "Interest Income Non Operating": NaN,
        "Operating Income": NaN,
        "Operating Expense": NaN,
        "Research And Development": NaN,
        "Selling General And Administration": NaN,
        "General And Administrative Expense": NaN,
        "Other Gand A": NaN,
        "Salaries And Wages": NaN,
        "Gross Profit": NaN,
        "Cost Of Revenue": NaN,
        "Total Revenue": NaN,
        "Operating Revenue": NaN
    },
    "2022-03-31": {
        "Diluted EPS": 1.63,
        "Total Revenue": 642,
        "Gross Profit": 346,
        "Operating Income": 104,
        "EBIT": 162,
        "Net Income": 77
    },
    "2021-12-31": {
        "Diluted EPS": 2.69,
        "Total Revenue": 762,
        "Gross Profit": 420,
        "Operating Income": 155,
        "EBIT": 215,
        "Net Income": 128
    },
    "2021-09-30": {
        "Diluted EPS": 4.2,
        "Total Revenue": 700,
        "Gross Profit": 388,
        "Operating Income": 150,
        "EBIT": 210,
        "Net Income": 199
    },
    "2021-06-30": {
        "Diluted EPS": 1.76,
        "Total Revenue": 713,
        "Gross Profit": 398,
        "Operating Income": 129,
        "EBIT": 190,
        "Net Income": 83
    },
    "2021-03-31": {
        "Diluted EPS": 1.58,
        "Total Revenue": 634,
        "Gross Profit": 345,
        "Operating Income": 103,
        "EBIT": 164,
        "Net Income": 75
    },
    "2020-12-31": {
        "Diluted EPS": 1.61,
        "Total Revenue": 711,
        "Gross Profit": 384,
        "Operating Income": 95,
        "EBIT": 154,
        "Net Income": 76
    },
    "2020-09-30": {
        "Diluted EPS": 2.46,
        "Total Revenue": 628,
        "Gross Profit": 329,
        "Operating Income": 132,
        "EBIT": 190,
        "Net Income": 117
    },
    "2020-06-30": {
        "Diluted EPS": 0.24,
        "Total Revenue": 567,
        "Gross Profit": 278,
        "Operating Income": 39,
        "EBIT": 97,
        "Net Income": 11
    },
    "2020-03-31": {
        "Diluted EPS": 2.78,
        "Total Revenue": 631,
        "Gross Profit": 334,
        "Operating Income": 157,
        "EBIT": 214,
        "Net Income": 131
    },
    "2019-12-31": {
        "Diluted EPS": 2.31,
        "Total Revenue": 681,
        "Gross Profit": 378,
        "Operating Income": 121,
        "EBIT": 176,
        "Net Income": 108
    },
    "2019-09-30": {
        "Diluted EPS": 4.85,
        "Total Revenue": 648,
        "Gross Profit": 355,
        "Operating Income": 118,
        "EBIT": 171,
        "Net Income": 229
    },
    "2019-06-30": {
        "Diluted EPS": 1.77,
        "Total Revenue": 653,
        "Gross Profit": 352,
        "Operating Income": 107,
        "EBIT": 162,
        "Net Income": 83
    },
    "2019-03-31": {
        "Diluted EPS": 0.87,
        "Total Revenue": 614,
        "Gross Profit": 324,
        "Operating Income": 75,
        "EBIT": 130,
        "Net Income": 41
    },
    "2018-12-31": {
        "Diluted EPS": 1.93,
        "Total Revenue": 642,
        "Gross Profit": 284,
        "Operating Income": 119,
        "EBIT": 174,
        "Net Income": 91
    },
    "2018-09-30": {
        "Diluted EPS": 1.21,
        "Total Revenue": 610,
        "Gross Profit": 343,
        "Operating Income": 82,
        "EBIT": 135,
        "Net Income": 57
    },
    "2018-06-30": {
        "Diluted EPS": -0.05,
        "Total Revenue": 610,
        "Gross Profit": 345,
        "Operating Income": 33,
        "EBIT": 87,
        "Net Income": -2
    },
    "2018-03-31": {
        "Diluted EPS": 1.2,
        "Total Revenue": 587,
        "Gross Profit": 331,
        "Operating Income": 87,
        "EBIT": 141,
        "Net Income": 56
    },
    "2017-12-31": {
        "Diluted EPS": -0.91,
        "Total Revenue": 595,
        "Gross Profit": 331,
        "Operating Income": 91,
        "EBIT": 141,
        "Net Income": -43
    },
    "2017-09-30": {
        "Diluted EPS": 1.65,
        "Total Revenue": 535,
        "Gross Profit": 295,
        "Operating Income": 110,
        "EBIT": 148,
        "Net Income": 77
    },
    "2017-06-30": {
        "Diluted EPS": 1.67,
        "Total Revenue": 529,
        "Gross Profit": 290,
        "Operating Income": 110,
        "EBIT": 148,
        "Net Income": 78
    },
    "2017-03-31": {
        "Diluted EPS": 0.86,
        "Total Revenue": 488,
        "Gross Profit": 256,
        "Operating Income": 61,
        "EBIT": 95,
        "Net Income": 40
    },
    "2016-12-31": {
        "Diluted EPS": 1.28,
        "Total Revenue": 514,
        "Gross Profit": 273,
        "Operating Income": 67,
        "EBIT": 99,
        "Net Income": 61
    },
    "2016-09-30": {
        "Diluted EPS": 1.4,
        "Total Revenue": 456,
        "Gross Profit": 242,
        "Operating Income": 86,
        "EBIT": 118,
        "Net Income": 66
    },
    "2016-06-30": {
        "Diluted EPS": 1.26,
        "Total Revenue": 474,
        "Gross Profit": 256,
        "Operating Income": 98,
        "EBIT": 131,
        "Net Income": 59
    },
    "2016-03-31": {
        "Diluted EPS": 1.04,
        "Total Revenue": 425,
        "Gross Profit": 225,
        "Operating Income": 67,
        "EBIT": 100,
        "Net Income": 51
    },
    "2015-12-31": {
        "Diluted EPS": 2.11,
        "Total Revenue": 485,
        "Gross Profit": 260,
        "Operating Income": 97,
        "EBIT": 130,
        "Net Income": 101
    },
    "2015-09-30": {
        "Diluted EPS": 1.25,
        "Total Revenue": 444,
        "Gross Profit": 228,
        "Operating Income": 77,
        "EBIT": 108,
        "Net Income": 61
    },
    "2015-06-30": {
        "Diluted EPS": 0.93,
        "Total Revenue": 452,
        "Gross Profit": 233,
        "Operating Income": 77,
        "EBIT": 108,
        "Net Income": 45
    },
    "2015-03-31": {
        "Diluted EPS": 0.81,
        "Total Revenue": 429,
        "Gross Profit": 223,
        "Operating Income": 66,
        "EBIT": 95,
        "Net Income": 38
    },
    "2014-12-31": {
        "Diluted EPS": 1.08,
        "Total Revenue": 476,
        "Gross Profit": 241,
        "Operating Income": 69,
        "EBIT": 100,
        "Net Income": 51
    },
    "2014-09-30": {
        "Diluted EPS": 1.18,
        "Total Revenue": 457,
        "Gross Profit": 236,
        "Operating Income": 82,
        "EBIT": 114,
        "Net Income": 55
    },
    "2014-06-30": {
        "Diluted EPS": 1.02,
        "Total Revenue": 468,
        "Gross Profit": 244,
        "Operating Income": 75,
        "EBIT": 107,
        "Net Income": 47
    },
    "2014-03-31": {
        "Diluted EPS": 0.76,
        "Total Revenue": 439,
        "Gross Profit": 221,
        "Operating Income": 59,
        "EBIT": 90,
        "Net Income": 35
    },
    "2013-12-31": {
        "Diluted EPS": 0.76,
        "Total Revenue": 451,
        "Gross Profit": 225,
        "Operating Income": 54,
        "EBIT": 83,
        "Net Income": 35
    },
    "2013-09-30": {
        "Diluted EPS": 1.08,
        "Total Revenue": 414,
        "Gross Profit": 204,
        "Operating Income": 66,
        "EBIT": 93,
        "Net Income": 47
    },
    "2013-06-30": {
        "Diluted EPS": 0.98,
        "Total Revenue": 420,
        "Gross Profit": 209,
        "Operating Income": 64,
        "EBIT": 89,
        "Net Income": 42
    },
    "2013-03-31": {
        "Diluted EPS": 0.63,
        "Total Revenue": 412,
        "Gross Profit": 201,
        "Operating Income": 49,
        "EBIT": 76,
        "Net Income": 27
    },
    "2012-12-31": {
        "Diluted EPS": 0.75,
        "Total Revenue": 419,
        "Gross Profit": 199,
        "Operating Income": 58,
        "EBIT": 84,
        "Net Income": 29
    },
    "2012-09-30": {
        "Diluted EPS": 0.52,
        "Total Revenue": 368,
        "Gross Profit": 181,
        "Operating Income": 50,
        "EBIT": 74,
        "Net Income": 22
    },
    "2012-06-30": {
        "Diluted EPS": 1.04,
        "Total Revenue": 383,
        "Gross Profit": 184,
        "Operating Income": 64,
        "EBIT": 87,
        "Net Income": 43
    },
    "2012-03-31": {
        "Diluted EPS": -6.96,
        "Total Revenue": 381,
        "Gross Profit": 184,
        "Operating Income": -270,
        "EBIT": 84,
        "Net Income": -284
    },
    "2011-12-31": {
        "Diluted EPS": 4.1,
        "Total Revenue": 395,
        "Gross Profit": 187,
        "Operating Income": 63,
        "EBIT": 87,
        "Net Income": 168
    },
    "2011-09-30": {
        "Diluted EPS": 1.07,
        "Total Revenue": 363,
        "Gross Profit": 176,
        "Operating Income": 62,
        "EBIT": 86,
        "Net Income": 44
    },
    "2011-06-30": {
        "Diluted EPS": 0.83,
        "Total Revenue": 381,
        "Gross Profit": 181,
        "Operating Income": 56,
        "EBIT": 80,
        "Net Income": 34
    },
    "2011-03-31": {
        "Diluted EPS": 1.92,
        "Total Revenue": 354,
        "Gross Profit": 165,
        "Operating Income": 50,
        "EBIT": 74,
        "Net Income": 78
    },
    "2010-12-31": {
        "Diluted EPS": 2.01,
        "Total Revenue": 327,
        "Gross Profit": 161,
        "Operating Income": 46,
        "EBIT": 67,
        "Net Income": 81
    },
    "2010-09-30": {
        "Diluted EPS": 0.55,
        "Total Revenue": 345,
        "Gross Profit": 167,
        "Operating Income": 53,
        "EBIT": 77,
        "Net Income": 22
    },
    "2010-06-30": {
        "Diluted EPS": 1.49,
        "Total Revenue": 358,
        "Gross Profit": 174,
        "Operating Income": 64,
        "EBIT": 86,
        "Net Income": 60
    },
    "2010-03-31": {
        "Diluted EPS": 0.94,
        "Total Revenue": 367,
        "Gross Profit": 177,
        "Operating Income": 67,
        "EBIT": 90,
        "Net Income": 38
    },
    "2009-12-31": {
        "Diluted EPS": 1.07,
        "Total Revenue": 115,
        "Gross Profit": 103,
        "Operating Income": 62,
        "EBIT": 72,
        "Net Income": 43
    },
    "2009-09-30": {
        "Diluted EPS": 0.96,
        "Total Revenue": 441,
        "Gross Profit": 196,
        "Operating Income": 68,
        "EBIT": 94,
        "Net Income": 38
    },
    "2009-06-30": {
        "Diluted EPS": 0.16,
        "Total Revenue": 439,
        "Gross Profit": 198,
        "Operating Income": 59,
        "EBIT": 91,
        "Net Income": 6
    },
    "2009-03-31": {
        "Diluted EPS": 5.4,
        "Total Revenue": 440,
        "Gross Profit": 188,
        "Operating Income": 61,
        "EBIT": 89,
        "Net Income": 216
    },
    "2023-09-30": {
        "Tax Effect Of Unusual Items": NaN,
        "Tax Rate For Calcs": NaN,
        "Normalized EBITDA": NaN,
        "Total Unusual Items": NaN,
        "Total Unusual Items Excluding Goodwill": NaN,
        "Net Income From Continuing Operation Net Minority Interest": NaN,
        "Reconciled Depreciation": NaN,
        "Reconciled Cost Of Revenue": NaN,
        "EBITDA": NaN,
        "EBIT": NaN,
        "Net Interest Income": NaN,
        "Interest Expense": NaN,
        "Interest Income": NaN,
        "Normalized Income": NaN,
        "Net Income From Continuing And Discontinued Operation": NaN,
        "Total Expenses": NaN,
        "Total Operating Income As Reported": NaN,
        "Diluted Average Shares": NaN,
        "Basic Average Shares": NaN,
        "Diluted EPS": NaN,
        "Basic EPS": NaN,
        "Diluted NI Availto Com Stockholders": NaN,
        "Net Income Common Stockholders": NaN,
        "Net Income": NaN,
        "Net Income Including Noncontrolling Interests": NaN,
        "Net Income Discontinuous Operations": NaN,
        "Net Income Continuous Operations": NaN,
        "Tax Provision": NaN,
        "Pretax Income": NaN,
        "Other Income Expense": NaN,
        "Other Non Operating Income Expenses": NaN,
        "Special Income Charges": NaN,
        "Gain On Sale Of Business": 846000.0,
        "Other Special Charges": NaN,
        "Write Off": NaN,
        "Impairment Of Capital Assets": NaN,
        "Restructuring And Mergern Acquisition": NaN,
        "Net Non Operating Interest Income Expense": NaN,
        "Interest Expense Non Operating": NaN,
        "Interest Income Non Operating": NaN,
        "Operating Income": NaN,
        "Operating Expense": NaN,
        "Research And Development": NaN,
        "Selling General And Administration": NaN,
        "General And Administrative Expense": NaN,
        "Other Gand A": NaN,
        "Salaries And Wages": NaN,
        "Gross Profit": NaN,
        "Cost Of Revenue": NaN,
        "Total Revenue": NaN,
        "Operating Revenue": NaN
    },
    "2023-12-31": {
        "Tax Effect Of Unusual Items": NaN,
        "Tax Rate For Calcs": NaN,
        "Normalized EBITDA": NaN,
        "Total Unusual Items": NaN,
        "Total Unusual Items Excluding Goodwill": NaN,
        "Net Income From Continuing Operation Net Minority Interest": NaN,
        "Reconciled Depreciation": NaN,
        "Reconciled Cost Of Revenue": NaN,
        "EBITDA": NaN,
        "EBIT": NaN,
        "Net Interest Income": NaN,
        "Interest Expense": NaN,
        "Interest Income": NaN,
        "Normalized Income": NaN,
        "Net Income From Continuing And Discontinued Operation": NaN,
        "Total Expenses": NaN,
        "Total Operating Income As Reported": NaN,
        "Diluted Average Shares": NaN,
        "Basic Average Shares": NaN,
        "Diluted EPS": NaN,
        "Basic EPS": NaN,
        "Diluted NI Availto Com Stockholders": NaN,
        "Net Income Common Stockholders": NaN,
        "Net Income": NaN,
        "Net Income Including Noncontrolling Interests": NaN,
        "Net Income Discontinuous Operations": NaN,
        "Net Income Continuous Operations": NaN,
        "Tax Provision": NaN,
        "Pretax Income": NaN,
        "Other Income Expense": NaN,
        "Other Non Operating Income Expenses": NaN,
        "Special Income Charges": NaN,
        "Gain On Sale Of Business": 4448000.0,
        "Other Special Charges": NaN,
        "Write Off": NaN,
        "Impairment Of Capital Assets": NaN,
        "Restructuring And Mergern Acquisition": NaN,
        "Net Non Operating Interest Income Expense": NaN,
        "Interest Expense Non Operating": NaN,
        "Interest Income Non Operating": NaN,
        "Operating Income": NaN,
        "Operating Expense": NaN,
        "Research And Development": NaN,
        "Selling General And Administration": NaN,
        "General And Administrative Expense": NaN,
        "Other Gand A": NaN,
        "Salaries And Wages": NaN,
        "Gross Profit": NaN,
        "Cost Of Revenue": NaN,
        "Total Revenue": NaN,
        "Operating Revenue": NaN
    },
    "2024-03-31": {
        "Tax Effect Of Unusual Items": NaN,
        "Tax Rate For Calcs": NaN,
        "Normalized EBITDA": NaN,
        "Total Unusual Items": NaN,
        "Total Unusual Items Excluding Goodwill": NaN,
        "Net Income From Continuing Operation Net Minority Interest": NaN,
        "Reconciled Depreciation": NaN,
        "Reconciled Cost Of Revenue": NaN,
        "EBITDA": NaN,
        "EBIT": NaN,
        "Net Interest Income": NaN,
        "Interest Expense": NaN,
        "Interest Income": NaN,
        "Normalized Income": NaN,
        "Net Income From Continuing And Discontinued Operation": NaN,
        "Total Expenses": NaN,
        "Total Operating Income As Reported": NaN,
        "Diluted Average Shares": NaN,
        "Basic Average Shares": NaN,
        "Diluted EPS": NaN,
        "Basic EPS": NaN,
        "Diluted NI Availto Com Stockholders": NaN,
        "Net Income Common Stockholders": NaN,
        "Net Income": NaN,
        "Net Income Including Noncontrolling Interests": NaN,
        "Net Income Discontinuous Operations": NaN,
        "Net Income Continuous Operations": NaN,
        "Tax Provision": NaN,
        "Pretax Income": NaN,
        "Other Income Expense": NaN,
        "Other Non Operating Income Expenses": -138139000.0,
        "Special Income Charges": NaN,
        "Gain On Sale Of Business": NaN,
        "Other Special Charges": NaN,
        "Write Off": 2110000.0,
        "Impairment Of Capital Assets": NaN,
        "Restructuring And Mergern Acquisition": NaN,
        "Net Non Operating Interest Income Expense": NaN,
        "Interest Expense Non Operating": NaN,
        "Interest Income Non Operating": NaN,
        "Operating Income": NaN,
        "Operating Expense": NaN,
        "Research And Development": NaN,
        "Selling General And Administration": NaN,
        "General And Administrative Expense": 380969000.0,
        "Other Gand A": 242830000.0,
        "Salaries And Wages": 138139000.0,
        "Gross Profit": NaN,
        "Cost Of Revenue": NaN,
        "Total Revenue": NaN,
        "Operating Revenue": NaN
    },
    "2024-06-30": {
        "Tax Effect Of Unusual Items": -1398190.0,
        "Tax Rate For Calcs": 0.178,
        "Normalized EBITDA": 194649000.0,
        "Total Unusual Items": -7855000.0,
        "Total Unusual Items Excluding Goodwill": -7855000.0,
        "Net Income From Continuing Operation Net Minority Interest": 80165000.0,
        "Reconciled Depreciation": 68129000.0,
        "Reconciled Cost Of Revenue": 333233000.0,
        "EBITDA": 186794000.0,
        "EBIT": 118665000.0,
        "Net Interest Income": -19381000.0,
        "Interest Expense": 21168000.0,
        "Interest Income": 1787000.0,
        "Normalized Income": 86621810.0,
        "Net Income From Continuing And Discontinued Operation": 80038000.0,
        "Total Expenses": 624958000.0,
        "Total Operating Income As Reported": 116878000.0,
        "Diluted Average Shares": 47361000.0,
        "Basic Average Shares": 47151000.0,
        "Diluted EPS": 1.69,
        "Basic EPS": 1.7,
        "Diluted NI Availto Com Stockholders": 80038000.0,
        "Net Income Common Stockholders": 80038000.0,
        "Net Income": 80038000.0,
        "Net Income Including Noncontrolling Interests": 80038000.0,
        "Net Income Discontinuous Operations": -127000.0,
        "Net Income Continuous Operations": 80165000.0,
        "Tax Provision": 17332000.0,
        "Pretax Income": 97497000.0,
        "Other Income Expense": -7855000.0,
        "Other Non Operating Income Expenses": NaN,
        "Special Income Charges": -7855000.0,
        "Gain On Sale Of Business": NaN,
        "Other Special Charges": NaN,
        "Write Off": NaN,
        "Impairment Of Capital Assets": NaN,
        "Restructuring And Mergern Acquisition": 7855000.0,
        "Net Non Operating Interest Income Expense": -19381000.0,
        "Interest Expense Non Operating": 21168000.0,
        "Interest Income Non Operating": 1787000.0,
        "Operating Income": 124733000.0,
        "Operating Expense": 291725000.0,
        "Research And Development": 41094000.0,
        "Selling General And Administration": 250631000.0,
        "General And Administrative Expense": NaN,
        "Other Gand A": NaN,
        "Salaries And Wages": NaN,
        "Gross Profit": 416458000.0,
        "Cost Of Revenue": 333233000.0,
        "Total Revenue": 749691000.0,
        "Operating Revenue": 749691000.0
    },
    "2024-09-30": {
        "Tax Effect Of Unusual Items": 768300.0,
        "Tax Rate For Calcs": 0.15,
        "Normalized EBITDA": 215123000.0,
        "Total Unusual Items": 5122000.0,
        "Total Unusual Items Excluding Goodwill": 5122000.0,
        "Net Income From Continuing Operation Net Minority Interest": 110918000.0,
        "Reconciled Depreciation": 68636000.0,
        "Reconciled Cost Of Revenue": 334203000.0,
        "EBITDA": 220245000.0,
        "EBIT": 151609000.0,
        "Net Interest Income": -18760000.0,
        "Interest Expense": 21058000.0,
        "Interest Income": 2298000.0,
        "Normalized Income": 106564300.0,
        "Net Income From Continuing And Discontinued Operation": 111004000.0,
        "Total Expenses": 620186000.0,
        "Total Operating Income As Reported": 149311000.0,
        "Diluted Average Shares": 47012000.0,
        "Basic Average Shares": 46724000.0,
        "Diluted EPS": 2.36,
        "Basic EPS": 2.38,
        "Diluted NI Availto Com Stockholders": 111004000.0,
        "Net Income Common Stockholders": 111004000.0,
        "Net Income": 111004000.0,
        "Net Income Including Noncontrolling Interests": 111004000.0,
        "Net Income Discontinuous Operations": 86000.0,
        "Net Income Continuous Operations": 110918000.0,
        "Tax Provision": 19633000.0,
        "Pretax Income": 130551000.0,
        "Other Income Expense": 5122000.0,
        "Other Non Operating Income Expenses": NaN,
        "Special Income Charges": 5122000.0,
        "Gain On Sale Of Business": NaN,
        "Other Special Charges": -5407000.0,
        "Write Off": NaN,
        "Impairment Of Capital Assets": NaN,
        "Restructuring And Mergern Acquisition": 285000.0,
        "Net Non Operating Interest Income Expense": -18760000.0,
        "Interest Expense Non Operating": 21058000.0,
        "Interest Income Non Operating": 2298000.0,
        "Operating Income": 144189000.0,
        "Operating Expense": 285983000.0,
        "Research And Development": 38726000.0,
        "Selling General And Administration": 247257000.0,
        "General And Administrative Expense": NaN,
        "Other Gand A": NaN,
        "Salaries And Wages": NaN,
        "Gross Profit": 430172000.0,
        "Cost Of Revenue": 334203000.0,
        "Total Revenue": 764375000.0,
        "Operating Revenue": 764375000.0
    },
    "2024-12-31": {
        "Tax Effect Of Unusual Items": -52750320.0,
        "Tax Rate For Calcs": 0.21,
        "Normalized EBITDA": 214859000.0,
        "Total Unusual Items": -251192000.0,
        "Total Unusual Items Excluding Goodwill": -251192000.0,
        "Net Income From Continuing Operation Net Minority Interest": -136662000.0,
        "Reconciled Depreciation": 71792000.0,
        "Reconciled Cost Of Revenue": 355494000.0,
        "EBITDA": -36333000.0,
        "EBIT": -108125000.0,
        "Net Interest Income": -16377000.0,
        "Interest Expense": 18635000.0,
        "Interest Income": 2258000.0,
        "Normalized Income": 61779680.0,
        "Net Income From Continuing And Discontinued Operation": -136656000.0,
        "Total Expenses": 654600000.0,
        "Total Operating Income As Reported": -110383000.0,
        "Diluted Average Shares": 46373000.0,
        "Basic Average Shares": 46373000.0,
        "Diluted EPS": -2.95,
        "Basic EPS": -2.95,
        "Diluted NI Availto Com Stockholders": -136656000.0,
        "Net Income Common Stockholders": -136656000.0,
        "Net Income": -136656000.0,
        "Net Income Including Noncontrolling Interests": -136656000.0,
        "Net Income Discontinuous Operations": 6000.0,
        "Net Income Continuous Operations": -136662000.0,
        "Tax Provision": 9902000.0,
        "Pretax Income": -126760000.0,
        "Other Income Expense": -251192000.0,
        "Other Non Operating Income Expenses": NaN,
        "Special Income Charges": -251192000.0,
        "Gain On Sale Of Business": NaN,
        "Other Special Charges": 0.0,
        "Write Off": NaN,
        "Impairment Of Capital Assets": 237890000.0,
        "Restructuring And Mergern Acquisition": 5468000.0,
        "Net Non Operating Interest Income Expense": -16377000.0,
        "Interest Expense Non Operating": 18635000.0,
        "Interest Income Non Operating": 2258000.0,
        "Operating Income": 140809000.0,
        "Operating Expense": 299106000.0,
        "Research And Development": 44553000.0,
        "Selling General And Administration": 254553000.0,
        "General And Administrative Expense": NaN,
        "Other Gand A": NaN,
        "Salaries And Wages": NaN,
        "Gross Profit": 439915000.0,
        "Cost Of Revenue": 355494000.0,
        "Total Revenue": 795409000.0,
        "Operating Revenue": 795409000.0
    },
    "2025-03-31": {
        "Tax Effect Of Unusual Items": -603885.0,
        "Tax Rate For Calcs": 0.127,
        "Normalized EBITDA": 199573000.0,
        "Total Unusual Items": -4755000.0,
        "Total Unusual Items Excluding Goodwill": -4755000.0,
        "Net Income From Continuing Operation Net Minority Interest": 95104000.0,
        "Reconciled Depreciation": 67331000.0,
        "Reconciled Cost Of Revenue": 311230000.0,
        "EBITDA": 194818000.0,
        "EBIT": 127487000.0,
        "Net Interest Income": -16627000.0,
        "Interest Expense": 18544000.0,
        "Interest Income": 1917000.0,
        "Normalized Income": 99255115.0,
        "Net Income From Continuing And Discontinued Operation": 95002000.0,
        "Total Expenses": 570344000.0,
        "Total Operating Income As Reported": 125570000.0,
        "Diluted Average Shares": 45926000.0,
        "Basic Average Shares": 45782000.0,
        "Diluted EPS": 2.07,
        "Basic EPS": 2.08,
        "Diluted NI Availto Com Stockholders": 95002000.0,
        "Net Income Common Stockholders": 95002000.0,
        "Net Income": 95002000.0,
        "Net Income Including Noncontrolling Interests": 95002000.0,
        "Net Income Discontinuous Operations": -102000.0,
        "Net Income Continuous Operations": 95104000.0,
        "Tax Provision": 13839000.0,
        "Pretax Income": 108943000.0,
        "Other Income Expense": -4755000.0,
        "Other Non Operating Income Expenses": NaN,
        "Special Income Charges": -4755000.0,
        "Gain On Sale Of Business": NaN,
        "Other Special Charges": NaN,
        "Write Off": NaN,
        "Impairment Of Capital Assets": NaN,
        "Restructuring And Mergern Acquisition": 4755000.0,
        "Net Non Operating Interest Income Expense": -16627000.0,
        "Interest Expense Non Operating": 18544000.0,
        "Interest Income Non Operating": 1917000.0,
        "Operating Income": 130325000.0,
        "Operating Expense": 259114000.0,
        "Research And Development": 36404000.0,
        "Selling General And Administration": 222710000.0,
        "General And Administrative Expense": NaN,
        "Other Gand A": NaN,
        "Salaries And Wages": NaN,
        "Gross Profit": 389439000.0,
        "Cost Of Revenue": 311230000.0,
        "Total Revenue": 700669000.0,
        "Operating Revenue": 700669000.0
    },
    "2025-06-30": {
        "Tax Effect Of Unusual Items": -2084168.0,
        "Tax Rate For Calcs": 0.094,
        "Normalized EBITDA": 244838000.0,
        "Total Unusual Items": -22172000.0,
        "Total Unusual Items Excluding Goodwill": -22172000.0,
        "Net Income From Continuing Operation Net Minority Interest": 122584000.0,
        "Reconciled Depreciation": 65712000.0,
        "Reconciled Cost Of Revenue": 349804000.0,
        "EBITDA": 222666000.0,
        "EBIT": 156954000.0,
        "Net Interest Income": -20065000.0,
        "Interest Expense": 21708000.0,
        "Interest Income": 1643000.0,
        "Normalized Income": 142671832.0,
        "Net Income From Continuing And Discontinued Operation": 122580000.0,
        "Total Expenses": 603406000.0,
        "Total Operating Income As Reported": 155311000.0,
        "Diluted Average Shares": 44332000.0,
        "Basic Average Shares": 44269000.0,
        "Diluted EPS": 2.77,
        "Basic EPS": 2.77,
        "Diluted NI Availto Com Stockholders": 122580000.0,
        "Net Income Common Stockholders": 122580000.0,
        "Net Income": 122580000.0,
        "Net Income Including Noncontrolling Interests": 122580000.0,
        "Net Income Discontinuous Operations": -4000.0,
        "Net Income Continuous Operations": 122584000.0,
        "Tax Provision": 12662000.0,
        "Pretax Income": 135246000.0,
        "Other Income Expense": -22172000.0,
        "Other Non Operating Income Expenses": NaN,
        "Special Income Charges": -22172000.0,
        "Gain On Sale Of Business": -12890000.0,
        "Other Special Charges": NaN,
        "Write Off": NaN,
        "Impairment Of Capital Assets": 8117000.0,
        "Restructuring And Mergern Acquisition": 1165000.0,
        "Net Non Operating Interest Income Expense": -20065000.0,
        "Interest Expense Non Operating": 21708000.0,
        "Interest Income Non Operating": 1643000.0,
        "Operating Income": 177483000.0,
        "Operating Expense": 253602000.0,
        "Research And Development": 38521000.0,
        "Selling General And Administration": 215081000.0,
        "General And Administrative Expense": NaN,
        "Other Gand A": NaN,
        "Salaries And Wages": NaN,
        "Gross Profit": 431085000.0,
        "Cost Of Revenue": 349804000.0,
        "Total Revenue": 780889000.0,
        "Operating Revenue": 780889000.0
    },
    "2025-09-30": {
        "Tax Effect Of Unusual Items": -35465264.0,
        "Tax Rate For Calcs": 0.068,
        "Normalized EBITDA": 192738000.0,
        "Total Unusual Items": -521548000.0,
        "Total Unusual Items Excluding Goodwill": -521548000.0,
        "Net Income From Continuing Operation Net Minority Interest": -408877000.0,
        "Reconciled Depreciation": 77925000.0,
        "Reconciled Cost Of Revenue": 461379000.0,
        "EBITDA": -328810000.0,
        "EBIT": -406735000.0,
        "Net Interest Income": -29678000.0,
        "Interest Expense": 31841000.0,
        "Interest Income": 2163000.0,
        "Normalized Income": 77205736.0,
        "Net Income From Continuing And Discontinued Operation": -408892000.0,
        "Total Expenses": 800371000.0,
        "Total Operating Income As Reported": -408898000.0,
        "Diluted Average Shares": 44237000.0,
        "Basic Average Shares": 44237000.0,
        "Diluted EPS": -9.24,
        "Basic EPS": -9.24,
        "Diluted NI Availto Com Stockholders": -408892000.0,
        "Net Income Common Stockholders": -408892000.0,
        "Net Income": -408892000.0,
        "Net Income Including Noncontrolling Interests": -408892000.0,
        "Net Income Discontinuous Operations": -15000.0,
        "Net Income Continuous Operations": -408877000.0,
        "Tax Provision": -29699000.0,
        "Pretax Income": -438576000.0,
        "Other Income Expense": -521548000.0,
        "Other Non Operating Income Expenses": NaN,
        "Special Income Charges": -521548000.0,
        "Gain On Sale Of Business": NaN,
        "Other Special Charges": NaN,
        "Write Off": NaN,
        "Impairment Of Capital Assets": 503925000.0,
        "Restructuring And Mergern Acquisition": 17623000.0,
        "Net Non Operating Interest Income Expense": -29678000.0,
        "Interest Expense Non Operating": 31841000.0,
        "Interest Income Non Operating": 2163000.0,
        "Operating Income": 112650000.0,
        "Operating Expense": 338992000.0,
        "Research And Development": 57228000.0,
        "Selling General And Administration": 281764000.0,
        "General And Administrative Expense": NaN,
        "Other Gand A": NaN,
        "Salaries And Wages": NaN,
        "Gross Profit": 451642000.0,
        "Cost Of Revenue": 461379000.0,
        "Total Revenue": 913021000.0,
        "Operating Revenue": 913021000.0
    }
}