{
    "2023-03-31": {
        "Tax Effect Of Unusual Items": 6650.0,
        "Tax Rate For Calcs": 0.025,
        "Normalized EBITDA": 129555000.0,
        "Total Unusual Items": 266000.0,
        "Total Unusual Items Excluding Goodwill": 266000.0,
        "Net Income From Continuing Operation Net Minority Interest": 58595000.0,
        "Reconciled Depreciation": 71838000.0,
        "Reconciled Cost Of Revenue": 138057000.0,
        "EBITDA": 129821000.0,
        "EBIT": 57983000.0,
        "Net Interest Income": -42130000.0,
        "Interest Expense": 42130000.0,
        "Normalized Income": 58335650.0,
        "Net Income From Continuing And Discontinued Operation": 58595000.0,
        "Total Expenses": 151176000.0,
        "Total Operating Income As Reported": 100379000.0,
        "Diluted Average Shares": 43850000.0,
        "Basic Average Shares": 43115000.0,
        "Diluted EPS": 1.22,
        "Basic EPS": 1.24,
        "Diluted NI Availto Com Stockholders": 53626000.0,
        "Net Income Common Stockholders": 53626000.0,
        "Preferred Stock Dividends": 4969000.0,
        "Net Income": 58595000.0,
        "Net Income Including Noncontrolling Interests": 58595000.0,
        "Net Income Continuous Operations": 58595000.0,
        "Tax Provision": 1476000.0,
        "Pretax Income": 60071000.0,
        "Other Income Expense": 2088000.0,
        "Other Non Operating Income Expenses": 1822000.0,
        "Special Income Charges": 266000.0,
        "Other Special Charges": 39000.0,
        "Write Off": -305000.0,
        "Gain On Sale Of Security": NaN,
        "Net Non Operating Interest Income Expense": -42130000.0,
        "Interest Expense Non Operating": 42130000.0,
        "Operating Income": 57983000.0,
        "Operating Expense": 13119000.0,
        "Selling General And Administration": 13119000.0,
        "General And Administrative Expense": 13119000.0,
        "Other Gand A": 13119000.0,
        "Gross Profit": 71102000.0,
        "Cost Of Revenue": 138057000.0,
        "Total Revenue": 209159000.0,
        "Operating Revenue": 199611000.0
    },
    "2022-12-31": {
        "Tax Effect Of Unusual Items": 2186.909778,
        "Tax Rate For Calcs": 0.029159,
        "Normalized EBITDA": 142162000.0,
        "Total Unusual Items": 75000.0,
        "Total Unusual Items Excluding Goodwill": 75000.0,
        "Net Income From Continuing Operation Net Minority Interest": 66823000.0,
        "Reconciled Depreciation": 74140000.0,
        "Reconciled Cost Of Revenue": 143837000.0,
        "EBITDA": 142237000.0,
        "EBIT": 68097000.0,
        "Net Interest Income": -43105000.0,
        "Interest Expense": 43105000.0,
        "Normalized Income": 66750186.909778,
        "Net Income From Continuing And Discontinued Operation": 66823000.0,
        "Total Expenses": 155735000.0,
        "Total Operating Income As Reported": 111544000.0,
        "Diluted Average Shares": 44938000.0,
        "Basic Average Shares": 44149000.0,
        "Diluted EPS": 1.38,
        "Basic EPS": 1.4,
        "Diluted NI Availto Com Stockholders": 61854000.0,
        "Net Income Common Stockholders": 61854000.0,
        "Preferred Stock Dividends": 4969000.0,
        "Net Income": 66823000.0,
        "Net Income Including Noncontrolling Interests": 66823000.0,
        "Net Income Continuous Operations": 66823000.0,
        "Tax Provision": 2007000.0,
        "Pretax Income": 68830000.0,
        "Other Income Expense": 733000.0,
        "Other Non Operating Income Expenses": 658000.0,
        "Special Income Charges": 342000.0,
        "Other Special Charges": -339000.0,
        "Write Off": -3000.0,
        "Gain On Sale Of Security": -267000.0,
        "Net Non Operating Interest Income Expense": -43105000.0,
        "Interest Expense Non Operating": 43105000.0,
        "Operating Income": 68097000.0,
        "Operating Expense": 11898000.0,
        "Selling General And Administration": 11898000.0,
        "General And Administrative Expense": 11898000.0,
        "Other Gand A": 11898000.0,
        "Gross Profit": 79995000.0,
        "Cost Of Revenue": 143837000.0,
        "Total Revenue": 223832000.0,
        "Operating Revenue": 208799000.0
    },
    "2022-09-30": {
        "Tax Effect Of Unusual Items": -30458.312303,
        "Tax Rate For Calcs": 0.022184,
        "Normalized EBITDA": 199067000.0,
        "Total Unusual Items": -1373000.0,
        "Total Unusual Items Excluding Goodwill": -1373000.0,
        "Net Income From Continuing Operation Net Minority Interest": 81368000.0,
        "Reconciled Depreciation": 73238000.0,
        "Reconciled Cost Of Revenue": 98241000.0,
        "EBITDA": 197694000.0,
        "EBIT": 124456000.0,
        "Net Interest Income": -41242000.0,
        "Interest Expense": 41242000.0,
        "Normalized Income": 82710541.687697,
        "Net Income From Continuing And Discontinued Operation": 81368000.0,
        "Total Expenses": 109980000.0,
        "Total Operating Income As Reported": 123292000.0,
        "Diluted Average Shares": 46707000.0,
        "Basic Average Shares": 45896000.0,
        "Diluted EPS": 1.64,
        "Basic EPS": 1.66,
        "Diluted NI Availto Com Stockholders": 76400000.0,
        "Net Income Common Stockholders": 76400000.0,
        "Preferred Stock Dividends": 4968000.0,
        "Net Income": 81368000.0,
        "Net Income Including Noncontrolling Interests": 81368000.0,
        "Net Income Continuous Operations": 81368000.0,
        "Tax Provision": 1846000.0,
        "Pretax Income": 83214000.0,
        "Other Income Expense": -5000.0,
        "Other Non Operating Income Expenses": 1368000.0,
        "Special Income Charges": -1169000.0,
        "Other Special Charges": 963000.0,
        "Write Off": 206000.0,
        "Gain On Sale Of Security": -204000.0,
        "Net Non Operating Interest Income Expense": -41242000.0,
        "Interest Expense Non Operating": 41242000.0,
        "Operating Income": 124461000.0,
        "Operating Expense": 11739000.0,
        "Selling General And Administration": 11739000.0,
        "General And Administrative Expense": 11739000.0,
        "Other Gand A": 11739000.0,
        "Gross Profit": 136200000.0,
        "Cost Of Revenue": 98241000.0,
        "Total Revenue": 234441000.0,
        "Operating Revenue": 234441000.0
    },
    "2022-06-30": {
        "Tax Effect Of Unusual Items": -9840.0,
        "Tax Rate For Calcs": 0.024,
        "Normalized EBITDA": 196566000.0,
        "Total Unusual Items": -410000.0,
        "Total Unusual Items Excluding Goodwill": -410000.0,
        "Net Income From Continuing Operation Net Minority Interest": 83559000.0,
        "Reconciled Depreciation": 72957000.0,
        "Reconciled Cost Of Revenue": 95983000.0,
        "EBITDA": 196156000.0,
        "EBIT": 123199000.0,
        "Net Interest Income": -37593000.0,
        "Interest Expense": 37593000.0,
        "Normalized Income": 83959160.0,
        "Net Income From Continuing And Discontinued Operation": 83559000.0,
        "Total Expenses": 109168000.0,
        "Total Operating Income As Reported": 122847000.0,
        "Diluted Average Shares": 48305000.0,
        "Basic Average Shares": 47486000.0,
        "Diluted EPS": 1.63,
        "Basic EPS": 1.66,
        "Diluted NI Availto Com Stockholders": 78590000.0,
        "Net Income Common Stockholders": 78590000.0,
        "Preferred Stock Dividends": 4969000.0,
        "Net Income": 83559000.0,
        "Net Income Including Noncontrolling Interests": 83559000.0,
        "Net Income Continuous Operations": 83559000.0,
        "Tax Provision": 2047000.0,
        "Pretax Income": 85606000.0,
        "Other Income Expense": -143000.0,
        "Other Non Operating Income Expenses": 267000.0,
        "Special Income Charges": -495000.0,
        "Other Special Charges": 435000.0,
        "Write Off": 60000.0,
        "Gain On Sale Of Security": 85000.0,
        "Net Non Operating Interest Income Expense": -37593000.0,
        "Interest Expense Non Operating": 37593000.0,
        "Operating Income": 123342000.0,
        "Operating Expense": 13185000.0,
        "Selling General And Administration": 13185000.0,
        "General And Administrative Expense": 13185000.0,
        "Other Gand A": 13185000.0,
        "Gross Profit": 136527000.0,
        "Cost Of Revenue": 95983000.0,
        "Total Revenue": 232510000.0,
        "Operating Revenue": 232510000.0
    },
    "2023-06-30": {
        "Tax Effect Of Unusual Items": 2024.0,
        "Tax Rate For Calcs": 0.023,
        "Normalized EBITDA": 125891000.0,
        "Total Unusual Items": 88000.0,
        "Total Unusual Items Excluding Goodwill": 88000.0,
        "Net Income From Continuing Operation Net Minority Interest": 56301000.0,
        "Reconciled Depreciation": 70527000.0,
        "Reconciled Cost Of Revenue": 137221000.0,
        "EBITDA": 125979000.0,
        "EBIT": 55452000.0,
        "Net Interest Income": NaN,
        "Interest Expense": NaN,
        "Normalized Income": 56215024.0,
        "Net Income From Continuing And Discontinued Operation": 56301000.0,
        "Total Expenses": 149973000.0,
        "Total Operating Income As Reported": 97678000.0,
        "Diluted Average Shares": 42862000.0,
        "Basic Average Shares": 41963000.0,
        "Diluted EPS": 1.2,
        "Basic EPS": 1.22,
        "Diluted NI Availto Com Stockholders": 51332000.0,
        "Net Income Common Stockholders": 51332000.0,
        "Preferred Stock Dividends": 4969000.0,
        "Net Income": 56301000.0,
        "Net Income Including Noncontrolling Interests": 56301000.0,
        "Net Income Continuous Operations": 56301000.0,
        "Tax Provision": 1346000.0,
        "Pretax Income": 57647000.0,
        "Other Income Expense": 2195000.0,
        "Other Non Operating Income Expenses": 2107000.0,
        "Special Income Charges": 88000.0,
        "Other Special Charges": 12000.0,
        "Write Off": -100000.0,
        "Gain On Sale Of Security": NaN,
        "Net Non Operating Interest Income Expense": NaN,
        "Interest Expense Non Operating": NaN,
        "Operating Income": 55452000.0,
        "Operating Expense": 12752000.0,
        "Selling General And Administration": 12752000.0,
        "General And Administrative Expense": 12752000.0,
        "Other Gand A": 12752000.0,
        "Gross Profit": 68204000.0,
        "Cost Of Revenue": 137221000.0,
        "Total Revenue": 205425000.0,
        "Operating Revenue": 197722000.0
    },
    "2022-03-31": {
        "Diluted EPS": 1.47,
        "Total Revenue": 216,
        "Gross Profit": 211,
        "Operating Income": 115,
        "EBIT": 190,
        "Net Income": 73
    },
    "2021-12-31": {
        "Diluted EPS": 1.46,
        "Total Revenue": 278,
        "Gross Profit": 257,
        "Operating Income": 120,
        "EBIT": 196,
        "Net Income": 73
    },
    "2021-09-30": {
        "Diluted EPS": 1.28,
        "Total Revenue": 219,
        "Gross Profit": 214,
        "Operating Income": 114,
        "EBIT": 190,
        "Net Income": 65
    },
    "2021-06-30": {
        "Diluted EPS": 1.45,
        "Total Revenue": 187,
        "Gross Profit": 177,
        "Operating Income": 110,
        "EBIT": 183,
        "Net Income": 74
    },
    "2021-03-31": {
        "Diluted EPS": 1.22,
        "Total Revenue": 169,
        "Gross Profit": 160,
        "Operating Income": 86,
        "EBIT": 154,
        "Net Income": 62
    },
    "2020-12-31": {
        "Diluted EPS": 0.82,
        "Total Revenue": 191,
        "Gross Profit": 168,
        "Operating Income": 72,
        "EBIT": 140,
        "Net Income": 44
    },
    "2020-09-30": {
        "Diluted EPS": 0.32,
        "Total Revenue": 160,
        "Gross Profit": 143,
        "Operating Income": 54,
        "EBIT": 122,
        "Net Income": 17
    },
    "2020-06-30": {
        "Diluted EPS": 0.3,
        "Total Revenue": 158,
        "Gross Profit": 136,
        "Operating Income": 49,
        "EBIT": 116,
        "Net Income": 16
    },
    "2020-03-31": {
        "Diluted EPS": -0.08,
        "Total Revenue": 157,
        "Gross Profit": 134,
        "Operating Income": 46,
        "EBIT": 116,
        "Net Income": -4
    },
    "2019-12-31": {
        "Diluted EPS": 0.5,
        "Total Revenue": 190,
        "Gross Profit": 160,
        "Operating Income": 239,
        "EBIT": 300,
        "Net Income": 29
    },
    "2019-09-30": {
        "Diluted EPS": 0.18,
        "Total Revenue": 168,
        "Gross Profit": 147,
        "Operating Income": 53,
        "EBIT": 131,
        "Net Income": 11
    },
    "2019-06-30": {
        "Diluted EPS": 0.01,
        "Total Revenue": 178,
        "Gross Profit": 155,
        "Operating Income": 46,
        "EBIT": 113,
        "Net Income": 0
    },
    "2019-03-31": {
        "Diluted EPS": 0.3,
        "Total Revenue": 171,
        "Gross Profit": 149,
        "Operating Income": 59,
        "EBIT": 124,
        "Net Income": 17
    },
    "2018-12-31": {
        "Diluted EPS": 0.22,
        "Total Revenue": 182,
        "Gross Profit": 164,
        "Operating Income": 56,
        "EBIT": 124,
        "Net Income": 12
    },
    "2018-09-30": {
        "Diluted EPS": 0.03,
        "Total Revenue": 175,
        "Gross Profit": 156,
        "Operating Income": 37,
        "EBIT": 111,
        "Net Income": 2
    },
    "2018-06-30": {
        "Diluted EPS": 0.3,
        "Total Revenue": 166,
        "Gross Profit": 150,
        "Operating Income": 52,
        "EBIT": 113,
        "Net Income": 18
    },
    "2018-03-31": {
        "Diluted EPS": 0.33,
        "Total Revenue": 153,
        "Gross Profit": 137,
        "Operating Income": 49,
        "EBIT": 109,
        "Net Income": 19
    },
    "2017-12-31": {
        "Diluted EPS": 0.3,
        "Total Revenue": 226,
        "Gross Profit": 211,
        "Operating Income": 45,
        "EBIT": 104,
        "Net Income": 17
    },
    "2017-09-30": {
        "Diluted EPS": 0.32,
        "Total Revenue": 126,
        "Gross Profit": 114,
        "Operating Income": 45,
        "EBIT": 105,
        "Net Income": 18
    },
    "2017-06-30": {
        "Diluted EPS": -0.16,
        "Total Revenue": 119,
        "Gross Profit": 104,
        "Operating Income": 34,
        "EBIT": 104,
        "Net Income": -9
    },
    "2017-03-31": {
        "Diluted EPS": -0.12,
        "Total Revenue": 117,
        "Gross Profit": 96,
        "Operating Income": 20,
        "EBIT": 86,
        "Net Income": -7
    },
    "2016-12-31": {
        "Diluted EPS": 0.0,
        "Total Revenue": 120,
        "Gross Profit": 97,
        "Operating Income": 10,
        "EBIT": 78,
        "Net Income": 0
    },
    "2016-09-30": {
        "Diluted EPS": -0.83,
        "Total Revenue": 120,
        "Gross Profit": 100,
        "Operating Income": -39,
        "EBIT": 32,
        "Net Income": -47
    },
    "2016-06-30": {
        "Diluted EPS": -0.03,
        "Total Revenue": 127,
        "Gross Profit": 109,
        "Operating Income": 26,
        "EBIT": 81,
        "Net Income": -2
    },
    "2016-03-31": {
        "Diluted EPS": -0.07,
        "Total Revenue": 129,
        "Gross Profit": 111,
        "Operating Income": 29,
        "EBIT": 85,
        "Net Income": -4
    },
    "2015-12-31": {
        "Diluted EPS": 0.4,
        "Total Revenue": 130,
        "Gross Profit": 114,
        "Operating Income": 39,
        "EBIT": 93,
        "Net Income": 22
    },
    "2015-09-30": {
        "Diluted EPS": 0.18,
        "Total Revenue": 137,
        "Gross Profit": 121,
        "Operating Income": 44,
        "EBIT": 99,
        "Net Income": 11
    },
    "2015-06-30": {
        "Diluted EPS": 0.7,
        "Total Revenue": 138,
        "Gross Profit": 124,
        "Operating Income": 63,
        "EBIT": 111,
        "Net Income": 40
    },
    "2015-03-31": {
        "Diluted EPS": 0.62,
        "Total Revenue": 139,
        "Gross Profit": 125,
        "Operating Income": 66,
        "EBIT": 113,
        "Net Income": 35
    },
    "2014-12-31": {
        "Diluted EPS": 0.76,
        "Total Revenue": 146,
        "Gross Profit": 128,
        "Operating Income": 69,
        "EBIT": 107,
        "Net Income": 44
    },
    "2014-09-30": {
        "Diluted EPS": 0.95,
        "Total Revenue": 145,
        "Gross Profit": 127,
        "Operating Income": 74,
        "EBIT": 125,
        "Net Income": 54
    },
    "2014-06-30": {
        "Diluted EPS": 0.58,
        "Total Revenue": 140,
        "Gross Profit": 118,
        "Operating Income": 65,
        "EBIT": 118,
        "Net Income": 33
    },
    "2014-03-31": {
        "Diluted EPS": 1.05,
        "Total Revenue": 135,
        "Gross Profit": 116,
        "Operating Income": 64,
        "EBIT": 109,
        "Net Income": 60
    },
    "2013-12-31": {
        "Diluted EPS": 0.79,
        "Total Revenue": 137,
        "Gross Profit": 120,
        "Operating Income": 69,
        "EBIT": 104,
        "Net Income": 46
    },
    "2013-09-30": {
        "Diluted EPS": 0.71,
        "Total Revenue": 133,
        "Gross Profit": 119,
        "Operating Income": 64,
        "EBIT": 110,
        "Net Income": 40
    },
    "2013-06-30": {
        "Diluted EPS": 0.86,
        "Total Revenue": 130,
        "Gross Profit": 118,
        "Operating Income": 72,
        "EBIT": 110,
        "Net Income": 49
    },
    "2013-03-31": {
        "Diluted EPS": 0.85,
        "Total Revenue": 129,
        "Gross Profit": 117,
        "Operating Income": 76,
        "EBIT": 112,
        "Net Income": 48
    },
    "2012-12-31": {
        "Diluted EPS": 1.07,
        "Total Revenue": 127,
        "Gross Profit": 114,
        "Operating Income": 71,
        "EBIT": 116,
        "Net Income": 61
    },
    "2012-09-30": {
        "Diluted EPS": 0.99,
        "Total Revenue": 122,
        "Gross Profit": 107,
        "Operating Income": 70,
        "EBIT": 97,
        "Net Income": 51
    },
    "2012-06-30": {
        "Diluted EPS": 0.91,
        "Total Revenue": 120,
        "Gross Profit": 103,
        "Operating Income": 69,
        "EBIT": 93,
        "Net Income": 46
    },
    "2012-03-31": {
        "Diluted EPS": 0.99,
        "Total Revenue": 118,
        "Gross Profit": 101,
        "Operating Income": 68,
        "EBIT": 88,
        "Net Income": 50
    },
    "2011-12-31": {
        "Diluted EPS": 1.1,
        "Total Revenue": 116,
        "Gross Profit": 99,
        "Operating Income": 67,
        "EBIT": 96,
        "Net Income": 55
    },
    "2011-09-30": {
        "Diluted EPS": 0.92,
        "Total Revenue": 109,
        "Gross Profit": 97,
        "Operating Income": 67,
        "EBIT": 84,
        "Net Income": 46
    },
    "2011-06-30": {
        "Diluted EPS": 1.03,
        "Total Revenue": 106,
        "Gross Profit": 96,
        "Operating Income": 81,
        "EBIT": 104,
        "Net Income": 52
    },
    "2011-03-31": {
        "Diluted EPS": 0.75,
        "Total Revenue": 91,
        "Gross Profit": 83,
        "Operating Income": 53,
        "EBIT": 72,
        "Net Income": 37
    },
    "2010-12-31": {
        "Diluted EPS": 0.81,
        "Total Revenue": 84,
        "Gross Profit": 79,
        "Operating Income": 50,
        "EBIT": 68,
        "Net Income": 40
    },
    "2010-09-30": {
        "Diluted EPS": 0.62,
        "Total Revenue": 76,
        "Gross Profit": 70,
        "Operating Income": 45,
        "EBIT": 78,
        "Net Income": 31
    },
    "2010-06-30": {
        "Diluted EPS": 0.51,
        "Total Revenue": 75,
        "Gross Profit": 64,
        "Operating Income": 41,
        "EBIT": 30,
        "Net Income": 25
    },
    "2010-03-31": {
        "Diluted EPS": 0.5,
        "Total Revenue": 69,
        "Gross Profit": 57,
        "Operating Income": 35,
        "EBIT": 50,
        "Net Income": 24
    },
    "2009-12-31": {
        "Diluted EPS": 0.52,
        "Total Revenue": 67,
        "Gross Profit": 51,
        "Operating Income": 28,
        "EBIT": 52,
        "Net Income": 25
    },
    "2009-09-30": {
        "Diluted EPS": 0.28,
        "Total Revenue": 56,
        "Gross Profit": 45,
        "Operating Income": 23,
        "EBIT": 30,
        "Net Income": 14
    },
    "2009-06-30": {
        "Diluted EPS": 0.65,
        "Total Revenue": 54,
        "Gross Profit": 44,
        "Operating Income": 23,
        "EBIT": 37,
        "Net Income": 31
    },
    "2009-03-31": {
        "Diluted EPS": 0.44,
        "Total Revenue": 60,
        "Gross Profit": 50,
        "Operating Income": 30,
        "EBIT": 43,
        "Net Income": 21
    },
    "2023-09-30": {
        "Tax Effect Of Unusual Items": 28914.179913,
        "Tax Rate For Calcs": 0.022139,
        "Normalized EBITDA": 119488000.0,
        "Total Unusual Items": 1306000.0,
        "Total Unusual Items Excluding Goodwill": 1306000.0,
        "Net Income From Continuing Operation Net Minority Interest": 49645000.0,
        "Reconciled Depreciation": 73686000.0,
        "Reconciled Cost Of Revenue": 140802000.0,
        "EBITDA": 120794000.0,
        "EBIT": 47108000.0,
        "Net Interest Income": NaN,
        "Interest Expense": NaN,
        "Normalized Income": 48367914.179913,
        "Net Income From Continuing And Discontinued Operation": 49645000.0,
        "Total Expenses": 155430000.0,
        "Total Operating Income As Reported": 92165000.0,
        "Diluted Average Shares": 41913000.0,
        "Basic Average Shares": 40886000.0,
        "Diluted EPS": 1.07,
        "Basic EPS": 1.09,
        "Diluted NI Availto Com Stockholders": 44677000.0,
        "Net Income Common Stockholders": 44677000.0,
        "Preferred Stock Dividends": 4968000.0,
        "Net Income": 49645000.0,
        "Net Income Including Noncontrolling Interests": 49645000.0,
        "Net Income Continuous Operations": 49645000.0,
        "Tax Provision": 1124000.0,
        "Pretax Income": 50769000.0,
        "Other Income Expense": 3661000.0,
        "Other Non Operating Income Expenses": 2355000.0,
        "Special Income Charges": 1306000.0,
        "Other Special Charges": -1108000.0,
        "Write Off": -198000.0,
        "Gain On Sale Of Security": NaN,
        "Net Non Operating Interest Income Expense": NaN,
        "Interest Expense Non Operating": NaN,
        "Operating Income": 47108000.0,
        "Operating Expense": 14628000.0,
        "Selling General And Administration": 14628000.0,
        "General And Administrative Expense": 14628000.0,
        "Other Gand A": 14628000.0,
        "Gross Profit": 61736000.0,
        "Cost Of Revenue": 140802000.0,
        "Total Revenue": 202538000.0,
        "Operating Revenue": 197341000.0
    },
    "2023-12-31": {
        "Tax Effect Of Unusual Items": NaN,
        "Tax Rate For Calcs": NaN,
        "Normalized EBITDA": NaN,
        "Total Unusual Items": NaN,
        "Total Unusual Items Excluding Goodwill": NaN,
        "Net Income From Continuing Operation Net Minority Interest": NaN,
        "Reconciled Depreciation": NaN,
        "Reconciled Cost Of Revenue": NaN,
        "EBITDA": NaN,
        "EBIT": NaN,
        "Net Interest Income": NaN,
        "Interest Expense": NaN,
        "Normalized Income": NaN,
        "Net Income From Continuing And Discontinued Operation": NaN,
        "Total Expenses": NaN,
        "Total Operating Income As Reported": NaN,
        "Diluted Average Shares": 41763000.0,
        "Basic Average Shares": 41014000.0,
        "Diluted EPS": 0.84,
        "Basic EPS": 0.86,
        "Diluted NI Availto Com Stockholders": NaN,
        "Net Income Common Stockholders": NaN,
        "Preferred Stock Dividends": NaN,
        "Net Income": NaN,
        "Net Income Including Noncontrolling Interests": NaN,
        "Net Income Continuous Operations": NaN,
        "Tax Provision": NaN,
        "Pretax Income": NaN,
        "Other Income Expense": NaN,
        "Other Non Operating Income Expenses": NaN,
        "Special Income Charges": NaN,
        "Other Special Charges": NaN,
        "Write Off": NaN,
        "Gain On Sale Of Security": NaN,
        "Net Non Operating Interest Income Expense": NaN,
        "Interest Expense Non Operating": NaN,
        "Operating Income": NaN,
        "Operating Expense": NaN,
        "Selling General And Administration": NaN,
        "General And Administrative Expense": NaN,
        "Other Gand A": NaN,
        "Gross Profit": NaN,
        "Cost Of Revenue": NaN,
        "Total Revenue": NaN,
        "Operating Revenue": NaN
    }
}