{
    "2023-03-31": {
        "Tax Effect Of Unusual Items": NaN,
        "Tax Rate For Calcs": NaN,
        "Normalized EBITDA": NaN,
        "Total Unusual Items": NaN,
        "Total Unusual Items Excluding Goodwill": NaN,
        "Net Income From Continuing Operation Net Minority Interest": NaN,
        "Reconciled Depreciation": NaN,
        "Reconciled Cost Of Revenue": NaN,
        "EBITDA": NaN,
        "EBIT": NaN,
        "Net Interest Income": NaN,
        "Interest Expense": NaN,
        "Normalized Income": NaN,
        "Net Income From Continuing And Discontinued Operation": NaN,
        "Total Expenses": NaN,
        "Total Operating Income As Reported": NaN,
        "Diluted Average Shares": NaN,
        "Basic Average Shares": NaN,
        "Diluted EPS": NaN,
        "Basic EPS": NaN,
        "Diluted NI Availto Com Stockholders": NaN,
        "Net Income Common Stockholders": NaN,
        "Otherunder Preferred Stock Dividend": -137000.0,
        "Net Income": NaN,
        "Minority Interests": NaN,
        "Net Income Including Noncontrolling Interests": NaN,
        "Net Income Continuous Operations": NaN,
        "Tax Provision": NaN,
        "Pretax Income": NaN,
        "Other Income Expense": NaN,
        "Other Non Operating Income Expenses": NaN,
        "Earnings From Equity Interest": NaN,
        "Gain On Sale Of Security": NaN,
        "Net Non Operating Interest Income Expense": NaN,
        "Interest Expense Non Operating": NaN,
        "Operating Income": NaN,
        "Operating Expense": NaN,
        "Selling General And Administration": NaN,
        "Selling And Marketing Expense": NaN,
        "General And Administrative Expense": NaN,
        "Other Gand A": NaN,
        "Gross Profit": NaN,
        "Cost Of Revenue": NaN,
        "Total Revenue": NaN,
        "Operating Revenue": NaN
    },
    "2022-12-31": {
        "Tax Effect Of Unusual Items": NaN,
        "Tax Rate For Calcs": NaN,
        "Normalized EBITDA": NaN,
        "Total Unusual Items": NaN,
        "Total Unusual Items Excluding Goodwill": NaN,
        "Net Income From Continuing Operation Net Minority Interest": NaN,
        "Reconciled Depreciation": NaN,
        "Reconciled Cost Of Revenue": NaN,
        "EBITDA": NaN,
        "EBIT": NaN,
        "Net Interest Income": NaN,
        "Interest Expense": NaN,
        "Normalized Income": NaN,
        "Net Income From Continuing And Discontinued Operation": NaN,
        "Total Expenses": NaN,
        "Total Operating Income As Reported": NaN,
        "Diluted Average Shares": NaN,
        "Basic Average Shares": NaN,
        "Diluted EPS": NaN,
        "Basic EPS": NaN,
        "Diluted NI Availto Com Stockholders": NaN,
        "Net Income Common Stockholders": NaN,
        "Otherunder Preferred Stock Dividend": NaN,
        "Net Income": NaN,
        "Minority Interests": NaN,
        "Net Income Including Noncontrolling Interests": NaN,
        "Net Income Continuous Operations": NaN,
        "Tax Provision": NaN,
        "Pretax Income": NaN,
        "Other Income Expense": NaN,
        "Other Non Operating Income Expenses": NaN,
        "Special Income Charges": -7952000.0,
        "Earnings From Equity Interest": NaN,
        "Gain On Sale Of Security": NaN,
        "Net Non Operating Interest Income Expense": NaN,
        "Interest Expense Non Operating": NaN,
        "Operating Income": NaN,
        "Operating Expense": NaN,
        "Selling General And Administration": NaN,
        "Selling And Marketing Expense": NaN,
        "General And Administrative Expense": NaN,
        "Other Gand A": NaN,
        "Gross Profit": NaN,
        "Cost Of Revenue": NaN,
        "Total Revenue": NaN,
        "Operating Revenue": NaN
    },
    "2022-09-30": {
        "Tax Effect Of Unusual Items": NaN,
        "Tax Rate For Calcs": NaN,
        "Normalized EBITDA": NaN,
        "Total Unusual Items": NaN,
        "Total Unusual Items Excluding Goodwill": NaN,
        "Net Income From Continuing Operation Net Minority Interest": NaN,
        "Reconciled Depreciation": NaN,
        "Reconciled Cost Of Revenue": NaN,
        "EBITDA": NaN,
        "EBIT": NaN,
        "Net Interest Income": NaN,
        "Interest Expense": NaN,
        "Normalized Income": NaN,
        "Net Income From Continuing And Discontinued Operation": NaN,
        "Total Expenses": NaN,
        "Total Operating Income As Reported": NaN,
        "Diluted Average Shares": NaN,
        "Basic Average Shares": NaN,
        "Diluted EPS": NaN,
        "Basic EPS": NaN,
        "Diluted NI Availto Com Stockholders": NaN,
        "Net Income Common Stockholders": NaN,
        "Otherunder Preferred Stock Dividend": NaN,
        "Net Income": NaN,
        "Minority Interests": NaN,
        "Net Income Including Noncontrolling Interests": NaN,
        "Net Income Continuous Operations": NaN,
        "Tax Provision": NaN,
        "Pretax Income": NaN,
        "Other Income Expense": NaN,
        "Other Non Operating Income Expenses": NaN,
        "Special Income Charges": 0.0,
        "Earnings From Equity Interest": NaN,
        "Gain On Sale Of Security": NaN,
        "Net Non Operating Interest Income Expense": NaN,
        "Interest Expense Non Operating": NaN,
        "Operating Income": NaN,
        "Operating Expense": NaN,
        "Selling General And Administration": NaN,
        "Selling And Marketing Expense": NaN,
        "General And Administrative Expense": NaN,
        "Other Gand A": NaN,
        "Gross Profit": NaN,
        "Cost Of Revenue": NaN,
        "Total Revenue": NaN,
        "Operating Revenue": NaN
    },
    "2022-06-30": {
        "Tax Effect Of Unusual Items": 764454.339466,
        "Tax Rate For Calcs": 0.305415,
        "Normalized EBITDA": 52528000.0,
        "Total Unusual Items": 2503000.0,
        "Total Unusual Items Excluding Goodwill": 2503000.0,
        "Net Income From Continuing Operation Net Minority Interest": 33194000.0,
        "Reconciled Depreciation": 5211000.0,
        "Reconciled Cost Of Revenue": 95492000.0,
        "EBITDA": 55031000.0,
        "EBIT": 49820000.0,
        "Net Interest Income": -1715000.0,
        "Interest Expense": 1715000.0,
        "Normalized Income": 31455454.339466,
        "Net Income From Continuing And Discontinued Operation": 33194000.0,
        "Total Expenses": 123637000.0,
        "Total Operating Income As Reported": 45487000.0,
        "Diluted Average Shares": 47674773.0,
        "Basic Average Shares": 47674773.0,
        "Diluted EPS": 0.7,
        "Basic EPS": 0.7,
        "Diluted NI Availto Com Stockholders": 33194000.0,
        "Net Income Common Stockholders": 33194000.0,
        "Otherunder Preferred Stock Dividend": NaN,
        "Net Income": 33194000.0,
        "Minority Interests": -219000.0,
        "Net Income Including Noncontrolling Interests": 33413000.0,
        "Net Income Continuous Operations": 33413000.0,
        "Tax Provision": 14692000.0,
        "Pretax Income": 48105000.0,
        "Other Income Expense": 4333000.0,
        "Other Non Operating Income Expenses": 161000.0,
        "Special Income Charges": 0.0,
        "Earnings From Equity Interest": 1669000.0,
        "Gain On Sale Of Security": 2503000.0,
        "Net Non Operating Interest Income Expense": -1715000.0,
        "Interest Expense Non Operating": 1715000.0,
        "Operating Income": 45487000.0,
        "Operating Expense": 28145000.0,
        "Selling General And Administration": 28145000.0,
        "Selling And Marketing Expense": 16616000.0,
        "General And Administrative Expense": 11529000.0,
        "Other Gand A": 11529000.0,
        "Gross Profit": 73632000.0,
        "Cost Of Revenue": 95492000.0,
        "Total Revenue": 169124000.0,
        "Operating Revenue": 169124000.0
    },
    "2022-03-31": {
        "Diluted EPS": 0.44,
        "Total Revenue": 135,
        "Gross Profit": 60,
        "Operating Income": 34,
        "EBIT": 39,
        "Net Income": 21
    },
    "2021-12-31": {
        "Diluted EPS": 0.43,
        "Total Revenue": 132,
        "Gross Profit": 57,
        "Operating Income": 33,
        "EBIT": 38,
        "Net Income": 20
    },
    "2021-09-30": {
        "Diluted EPS": 0.43,
        "Total Revenue": 132,
        "Gross Profit": 52,
        "Operating Income": 30,
        "EBIT": 35,
        "Net Income": 21
    },
    "2021-06-30": {
        "Diluted EPS": 0.41,
        "Total Revenue": 122,
        "Gross Profit": 49,
        "Operating Income": 29,
        "EBIT": 34,
        "Net Income": 20
    },
    "2021-03-31": {
        "Diluted EPS": 0.17,
        "Total Revenue": 112,
        "Gross Profit": 45,
        "Operating Income": 25,
        "EBIT": 31,
        "Net Income": 8
    },
    "2020-12-31": {
        "Diluted EPS": 0.38,
        "Total Revenue": 104,
        "Gross Profit": 37,
        "Operating Income": 17,
        "EBIT": 22,
        "Net Income": 18
    },
    "2020-09-30": {
        "Diluted EPS": 0.18,
        "Total Revenue": 103,
        "Gross Profit": 40,
        "Operating Income": 20,
        "EBIT": 25,
        "Net Income": 8
    },
    "2020-06-30": {
        "Diluted EPS": 0.35,
        "Total Revenue": 82,
        "Gross Profit": 32,
        "Operating Income": 15,
        "EBIT": 20,
        "Net Income": 16
    },
    "2020-03-31": {
        "Diluted EPS": -0.4,
        "Total Revenue": 87,
        "Gross Profit": 30,
        "Operating Income": 13,
        "EBIT": 18,
        "Net Income": -19
    },
    "2019-12-31": {
        "Diluted EPS": 0.23,
        "Total Revenue": 101,
        "Gross Profit": 29,
        "Operating Income": 11,
        "EBIT": 16,
        "Net Income": 11
    },
    "2019-09-30": {
        "Diluted EPS": -0.03,
        "Total Revenue": 108,
        "Gross Profit": 36,
        "Operating Income": 16,
        "EBIT": 21,
        "Net Income": -1
    },
    "2019-06-30": {
        "Diluted EPS": 0.17,
        "Total Revenue": 114,
        "Gross Profit": 39,
        "Operating Income": 18,
        "EBIT": 24,
        "Net Income": 7
    },
    "2019-03-31": {
        "Diluted EPS": 0.18,
        "Total Revenue": 107,
        "Gross Profit": 32,
        "Operating Income": 14,
        "EBIT": 20,
        "Net Income": 7
    },
    "2018-12-31": {
        "Diluted EPS": -0.12,
        "Total Revenue": 98,
        "Gross Profit": 34,
        "Operating Income": 14,
        "EBIT": 20,
        "Net Income": -4
    },
    "2018-09-30": {
        "Diluted EPS": 0.15,
        "Total Revenue": 97,
        "Gross Profit": 35,
        "Operating Income": 15,
        "EBIT": 21,
        "Net Income": 6
    },
    "2018-06-30": {
        "Diluted EPS": -0.1,
        "Total Revenue": 89,
        "Gross Profit": 25,
        "Operating Income": 8,
        "EBIT": 13,
        "Net Income": -4
    },
    "2018-03-31": {
        "Diluted EPS": 0.28,
        "Total Revenue": 87,
        "Gross Profit": 27,
        "Operating Income": 10,
        "EBIT": 16,
        "Net Income": 11
    },
    "2017-12-31": {
        "Diluted EPS": 0.03,
        "Total Revenue": 84,
        "Gross Profit": 27,
        "Operating Income": 11,
        "EBIT": 16,
        "Net Income": 1
    },
    "2017-09-30": {
        "Diluted EPS": 0.19,
        "Total Revenue": 83,
        "Gross Profit": 27,
        "Operating Income": 11,
        "EBIT": 17,
        "Net Income": 7
    },
    "2017-06-30": {
        "Diluted EPS": -0.1,
        "Total Revenue": 81,
        "Gross Profit": 23,
        "Operating Income": 5,
        "EBIT": 11,
        "Net Income": -4
    },
    "2017-03-31": {
        "Diluted EPS": 0.03,
        "Total Revenue": 66,
        "Gross Profit": 22,
        "Operating Income": 7,
        "EBIT": 12,
        "Net Income": 1
    },
    "2016-12-31": {
        "Diluted EPS": 0.11,
        "Total Revenue": 80,
        "Gross Profit": 29,
        "Operating Income": 9,
        "EBIT": 13,
        "Net Income": 3
    },
    "2016-09-30": {
        "Diluted EPS": -0.29,
        "Total Revenue": 81,
        "Gross Profit": 31,
        "Operating Income": 14,
        "EBIT": 18,
        "Net Income": -9
    },
    "2016-06-30": {
        "Diluted EPS": 0.44,
        "Total Revenue": 80,
        "Gross Profit": 28,
        "Operating Income": 13,
        "EBIT": 16,
        "Net Income": 15
    },
    "2016-03-31": {
        "Diluted EPS": 0.46,
        "Total Revenue": 64,
        "Gross Profit": 25,
        "Operating Income": 12,
        "EBIT": 15,
        "Net Income": 14
    },
    "2015-12-31": {
        "Diluted EPS": 0.08,
        "Total Revenue": 69,
        "Gross Profit": 28,
        "Operating Income": 11,
        "EBIT": 16,
        "Net Income": 0
    },
    "2015-09-30": {
        "Diluted EPS": -0.08,
        "Total Revenue": 63,
        "Gross Profit": 24,
        "Operating Income": 11,
        "EBIT": 14,
        "Net Income": -2
    },
    "2015-06-30": {
        "Diluted EPS": -0.84,
        "Total Revenue": 58,
        "Gross Profit": 21,
        "Operating Income": 9,
        "EBIT": 12,
        "Net Income": -21
    },
    "2015-03-31": {
        "Diluted EPS": 0.42,
        "Total Revenue": 52,
        "Gross Profit": 19,
        "Operating Income": 8,
        "EBIT": 11,
        "Net Income": 12
    },
    "2014-12-31": {
        "Diluted EPS": 0.54,
        "Total Revenue": 44,
        "Gross Profit": 15,
        "Operating Income": 3,
        "EBIT": 4,
        "Net Income": 12
    },
    "2014-09-30": {
        "Diluted EPS": 0.46,
        "Total Revenue": 53,
        "Gross Profit": 18,
        "Operating Income": 8,
        "EBIT": 10,
        "Net Income": 13
    },
    "2014-06-30": {
        "Diluted EPS": -0.25,
        "Total Revenue": 52,
        "Gross Profit": 18,
        "Operating Income": 8,
        "EBIT": 11,
        "Net Income": -6
    },
    "2014-03-31": {
        "Diluted EPS": -0.41,
        "Total Revenue": 48,
        "Gross Profit": 16,
        "Operating Income": 8,
        "EBIT": 10,
        "Net Income": -10
    },
    "2013-12-31": {
        "Diluted EPS": 0.65,
        "Total Revenue": 54,
        "Gross Profit": 16,
        "Operating Income": 10,
        "EBIT": 12,
        "Net Income": 13
    },
    "2013-09-30": {
        "Diluted EPS": 0.16,
        "Total Revenue": 46,
        "Gross Profit": 14,
        "Operating Income": 6,
        "EBIT": 8,
        "Net Income": 3
    },
    "2013-06-30": {
        "Diluted EPS": 0.16,
        "Total Revenue": 44,
        "Gross Profit": 13,
        "Operating Income": 6,
        "EBIT": 8,
        "Net Income": 3
    },
    "2013-03-31": {
        "Diluted EPS": 0.12,
        "Total Revenue": 40,
        "Gross Profit": 12,
        "Operating Income": 5,
        "EBIT": 7,
        "Net Income": 3
    },
    "2012-12-31": {
        "Diluted EPS": 0.0,
        "Total Revenue": NaN,
        "Gross Profit": NaN,
        "Operating Income": NaN,
        "EBIT": NaN,
        "Net Income": NaN
    },
    "2023-06-30": {
        "Tax Effect Of Unusual Items": NaN,
        "Tax Rate For Calcs": NaN,
        "Normalized EBITDA": NaN,
        "Total Unusual Items": NaN,
        "Total Unusual Items Excluding Goodwill": NaN,
        "Net Income From Continuing Operation Net Minority Interest": NaN,
        "Reconciled Depreciation": NaN,
        "Reconciled Cost Of Revenue": NaN,
        "EBITDA": NaN,
        "EBIT": NaN,
        "Net Interest Income": NaN,
        "Interest Expense": NaN,
        "Normalized Income": NaN,
        "Net Income From Continuing And Discontinued Operation": NaN,
        "Total Expenses": NaN,
        "Total Operating Income As Reported": NaN,
        "Diluted Average Shares": 47647041.0,
        "Basic Average Shares": 47647041.0,
        "Diluted EPS": 1.1,
        "Basic EPS": 1.1,
        "Diluted NI Availto Com Stockholders": NaN,
        "Net Income Common Stockholders": NaN,
        "Otherunder Preferred Stock Dividend": NaN,
        "Net Income": NaN,
        "Minority Interests": NaN,
        "Net Income Including Noncontrolling Interests": NaN,
        "Net Income Continuous Operations": NaN,
        "Tax Provision": NaN,
        "Pretax Income": NaN,
        "Other Income Expense": NaN,
        "Other Non Operating Income Expenses": NaN,
        "Earnings From Equity Interest": NaN,
        "Gain On Sale Of Security": NaN,
        "Net Non Operating Interest Income Expense": NaN,
        "Interest Expense Non Operating": NaN,
        "Operating Income": NaN,
        "Operating Expense": NaN,
        "Selling General And Administration": NaN,
        "Selling And Marketing Expense": NaN,
        "General And Administrative Expense": NaN,
        "Other Gand A": NaN,
        "Gross Profit": NaN,
        "Cost Of Revenue": NaN,
        "Total Revenue": NaN,
        "Operating Revenue": NaN
    },
    "2023-09-30": {
        "Tax Effect Of Unusual Items": NaN,
        "Tax Rate For Calcs": NaN,
        "Normalized EBITDA": NaN,
        "Total Unusual Items": NaN,
        "Total Unusual Items Excluding Goodwill": NaN,
        "Net Income From Continuing Operation Net Minority Interest": NaN,
        "Reconciled Depreciation": NaN,
        "Reconciled Cost Of Revenue": NaN,
        "EBITDA": NaN,
        "EBIT": NaN,
        "Net Interest Income": NaN,
        "Interest Expense": NaN,
        "Normalized Income": NaN,
        "Net Income From Continuing And Discontinued Operation": NaN,
        "Total Expenses": NaN,
        "Total Operating Income As Reported": NaN,
        "Diluted Average Shares": 47599339.0,
        "Basic Average Shares": 47599339.0,
        "Diluted EPS": 0.96,
        "Basic EPS": 0.96,
        "Diluted NI Availto Com Stockholders": NaN,
        "Net Income Common Stockholders": NaN,
        "Otherunder Preferred Stock Dividend": NaN,
        "Net Income": NaN,
        "Minority Interests": NaN,
        "Net Income Including Noncontrolling Interests": NaN,
        "Net Income Continuous Operations": NaN,
        "Tax Provision": NaN,
        "Pretax Income": NaN,
        "Other Income Expense": NaN,
        "Other Non Operating Income Expenses": NaN,
        "Earnings From Equity Interest": NaN,
        "Gain On Sale Of Security": NaN,
        "Net Non Operating Interest Income Expense": NaN,
        "Interest Expense Non Operating": NaN,
        "Operating Income": NaN,
        "Operating Expense": NaN,
        "Selling General And Administration": NaN,
        "Selling And Marketing Expense": NaN,
        "General And Administrative Expense": NaN,
        "Other Gand A": NaN,
        "Gross Profit": NaN,
        "Cost Of Revenue": NaN,
        "Total Revenue": NaN,
        "Operating Revenue": NaN
    },
    "2023-12-31": {
        "Tax Effect Of Unusual Items": NaN,
        "Tax Rate For Calcs": NaN,
        "Normalized EBITDA": NaN,
        "Total Unusual Items": NaN,
        "Total Unusual Items Excluding Goodwill": NaN,
        "Net Income From Continuing Operation Net Minority Interest": NaN,
        "Reconciled Depreciation": NaN,
        "Reconciled Cost Of Revenue": NaN,
        "EBITDA": NaN,
        "EBIT": NaN,
        "Net Interest Income": NaN,
        "Interest Expense": NaN,
        "Normalized Income": NaN,
        "Net Income From Continuing And Discontinued Operation": NaN,
        "Total Expenses": NaN,
        "Total Operating Income As Reported": NaN,
        "Diluted Average Shares": NaN,
        "Basic Average Shares": NaN,
        "Diluted EPS": NaN,
        "Basic EPS": NaN,
        "Diluted NI Availto Com Stockholders": NaN,
        "Net Income Common Stockholders": NaN,
        "Otherunder Preferred Stock Dividend": NaN,
        "Net Income": NaN,
        "Minority Interests": -139000.0,
        "Net Income Including Noncontrolling Interests": NaN,
        "Net Income Continuous Operations": NaN,
        "Tax Provision": NaN,
        "Pretax Income": NaN,
        "Other Income Expense": NaN,
        "Other Non Operating Income Expenses": NaN,
        "Earnings From Equity Interest": NaN,
        "Gain On Sale Of Security": NaN,
        "Net Non Operating Interest Income Expense": NaN,
        "Interest Expense Non Operating": NaN,
        "Operating Income": NaN,
        "Operating Expense": NaN,
        "Other Operating Expenses": NaN,
        "Selling General And Administration": NaN,
        "Selling And Marketing Expense": NaN,
        "General And Administrative Expense": NaN,
        "Other Gand A": NaN,
        "Gross Profit": NaN,
        "Cost Of Revenue": NaN,
        "Total Revenue": NaN,
        "Operating Revenue": NaN
    },
    "2024-03-31": {
        "Tax Effect Of Unusual Items": NaN,
        "Tax Rate For Calcs": NaN,
        "Normalized EBITDA": NaN,
        "Total Unusual Items": NaN,
        "Total Unusual Items Excluding Goodwill": NaN,
        "Net Income From Continuing Operation Net Minority Interest": NaN,
        "Reconciled Depreciation": NaN,
        "Reconciled Cost Of Revenue": NaN,
        "EBITDA": NaN,
        "EBIT": NaN,
        "Net Interest Income": NaN,
        "Interest Expense": NaN,
        "Normalized Income": NaN,
        "Net Income From Continuing And Discontinued Operation": NaN,
        "Total Expenses": NaN,
        "Total Operating Income As Reported": NaN,
        "Diluted Average Shares": NaN,
        "Basic Average Shares": NaN,
        "Diluted EPS": NaN,
        "Basic EPS": NaN,
        "Diluted NI Availto Com Stockholders": NaN,
        "Net Income Common Stockholders": NaN,
        "Otherunder Preferred Stock Dividend": 0.0,
        "Net Income": NaN,
        "Minority Interests": 0.0,
        "Net Income Including Noncontrolling Interests": NaN,
        "Net Income Continuous Operations": NaN,
        "Tax Provision": NaN,
        "Pretax Income": NaN,
        "Other Income Expense": NaN,
        "Other Non Operating Income Expenses": NaN,
        "Earnings From Equity Interest": NaN,
        "Gain On Sale Of Security": NaN,
        "Net Non Operating Interest Income Expense": NaN,
        "Interest Expense Non Operating": NaN,
        "Operating Income": NaN,
        "Operating Expense": NaN,
        "Other Operating Expenses": NaN,
        "Selling General And Administration": NaN,
        "Selling And Marketing Expense": NaN,
        "General And Administrative Expense": NaN,
        "Other Gand A": NaN,
        "Gross Profit": NaN,
        "Cost Of Revenue": NaN,
        "Total Revenue": NaN,
        "Operating Revenue": NaN
    },
    "2024-06-30": {
        "Tax Effect Of Unusual Items": -1465635.718945,
        "Tax Rate For Calcs": 0.262894,
        "Normalized EBITDA": 61577000.0,
        "Total Unusual Items": -5575000.0,
        "Total Unusual Items Excluding Goodwill": -5575000.0,
        "Net Income From Continuing Operation Net Minority Interest": 35028000.0,
        "Reconciled Depreciation": 6475000.0,
        "Reconciled Cost Of Revenue": 130077000.0,
        "EBITDA": 56002000.0,
        "EBIT": 49527000.0,
        "Net Interest Income": -2006000.0,
        "Interest Expense": 2006000.0,
        "Normalized Income": 39137364.281055,
        "Net Income From Continuing And Discontinued Operation": 35028000.0,
        "Total Expenses": 168520000.0,
        "Total Operating Income As Reported": 51134000.0,
        "Diluted Average Shares": 46996705.0,
        "Basic Average Shares": 46996705.0,
        "Diluted EPS": 0.75,
        "Basic EPS": 0.75,
        "Diluted NI Availto Com Stockholders": 35028000.0,
        "Net Income Common Stockholders": 35028000.0,
        "Otherunder Preferred Stock Dividend": NaN,
        "Net Income": 35028000.0,
        "Minority Interests": 0.0,
        "Net Income Including Noncontrolling Interests": 35028000.0,
        "Net Income Continuous Operations": 35028000.0,
        "Tax Provision": 12493000.0,
        "Pretax Income": 47521000.0,
        "Other Income Expense": -1607000.0,
        "Other Non Operating Income Expenses": 2731000.0,
        "Earnings From Equity Interest": 1237000.0,
        "Gain On Sale Of Security": -5575000.0,
        "Net Non Operating Interest Income Expense": -2006000.0,
        "Interest Expense Non Operating": 2006000.0,
        "Operating Income": 51134000.0,
        "Operating Expense": 38443000.0,
        "Other Operating Expenses": NaN,
        "Selling General And Administration": 38443000.0,
        "Selling And Marketing Expense": 20000000.0,
        "General And Administrative Expense": 18443000.0,
        "Other Gand A": 18443000.0,
        "Gross Profit": 89577000.0,
        "Cost Of Revenue": 130077000.0,
        "Total Revenue": 219654000.0,
        "Operating Revenue": 219654000.0
    },
    "2024-09-30": {
        "Tax Effect Of Unusual Items": 249690.0,
        "Tax Rate For Calcs": 0.287,
        "Normalized EBITDA": 77396000.0,
        "Total Unusual Items": 870000.0,
        "Total Unusual Items Excluding Goodwill": 870000.0,
        "Net Income From Continuing Operation Net Minority Interest": 49535000.0,
        "Reconciled Depreciation": 6942000.0,
        "Reconciled Cost Of Revenue": 129094000.0,
        "EBITDA": 78266000.0,
        "EBIT": 71324000.0,
        "Net Interest Income": -1811000.0,
        "Interest Expense": 1811000.0,
        "Normalized Income": 48914690.0,
        "Net Income From Continuing And Discontinued Operation": 49535000.0,
        "Total Expenses": 170632000.0,
        "Total Operating Income As Reported": 67695000.0,
        "Diluted Average Shares": 46996554.0,
        "Basic Average Shares": 46996554.0,
        "Diluted EPS": 1.05,
        "Basic EPS": 1.05,
        "Diluted NI Availto Com Stockholders": 49535000.0,
        "Net Income Common Stockholders": 49535000.0,
        "Otherunder Preferred Stock Dividend": NaN,
        "Net Income": 49535000.0,
        "Minority Interests": 0.0,
        "Net Income Including Noncontrolling Interests": 49535000.0,
        "Net Income Continuous Operations": 49535000.0,
        "Tax Provision": 19978000.0,
        "Pretax Income": 69513000.0,
        "Other Income Expense": 3629000.0,
        "Other Non Operating Income Expenses": 1365000.0,
        "Earnings From Equity Interest": 1394000.0,
        "Gain On Sale Of Security": 870000.0,
        "Net Non Operating Interest Income Expense": -1811000.0,
        "Interest Expense Non Operating": 1811000.0,
        "Operating Income": 67695000.0,
        "Operating Expense": 41538000.0,
        "Other Operating Expenses": NaN,
        "Selling General And Administration": 41538000.0,
        "Selling And Marketing Expense": 23190000.0,
        "General And Administrative Expense": 18348000.0,
        "Other Gand A": 18348000.0,
        "Gross Profit": 109233000.0,
        "Cost Of Revenue": 129094000.0,
        "Total Revenue": 238327000.0,
        "Operating Revenue": 238327000.0
    },
    "2024-12-31": {
        "Tax Effect Of Unusual Items": -242682.129843,
        "Tax Rate For Calcs": 0.300721,
        "Normalized EBITDA": 76292000.0,
        "Total Unusual Items": -807000.0,
        "Total Unusual Items Excluding Goodwill": -807000.0,
        "Net Income From Continuing Operation Net Minority Interest": 47016000.0,
        "Reconciled Depreciation": 6740000.0,
        "Reconciled Cost Of Revenue": 133071000.0,
        "EBITDA": 75485000.0,
        "EBIT": 68745000.0,
        "Net Interest Income": -6148000.0,
        "Interest Expense": 1510000.0,
        "Normalized Income": 47580317.870157,
        "Net Income From Continuing And Discontinued Operation": 47016000.0,
        "Total Expenses": 167785000.0,
        "Total Operating Income As Reported": 67150000.0,
        "Diluted Average Shares": 46994722.0,
        "Basic Average Shares": 46994722.0,
        "Diluted EPS": 1.0,
        "Basic EPS": 1.0,
        "Diluted NI Availto Com Stockholders": 47016000.0,
        "Net Income Common Stockholders": 47016000.0,
        "Otherunder Preferred Stock Dividend": NaN,
        "Net Income": 47016000.0,
        "Minority Interests": 0.0,
        "Net Income Including Noncontrolling Interests": 47016000.0,
        "Net Income Continuous Operations": 47016000.0,
        "Tax Provision": 20219000.0,
        "Pretax Income": 67235000.0,
        "Other Income Expense": 1595000.0,
        "Other Non Operating Income Expenses": 682000.0,
        "Earnings From Equity Interest": 1720000.0,
        "Gain On Sale Of Security": -807000.0,
        "Net Non Operating Interest Income Expense": -6148000.0,
        "Interest Expense Non Operating": 1510000.0,
        "Operating Income": 71788000.0,
        "Operating Expense": 34714000.0,
        "Other Operating Expenses": NaN,
        "Selling General And Administration": 25817000.0,
        "Selling And Marketing Expense": 3556000.0,
        "General And Administrative Expense": 22261000.0,
        "Other Gand A": -11816000.0,
        "Gross Profit": 106502000.0,
        "Cost Of Revenue": 133071000.0,
        "Total Revenue": 239573000.0,
        "Operating Revenue": 239573000.0
    },
    "2025-03-31": {
        "Tax Effect Of Unusual Items": -150155.0,
        "Tax Rate For Calcs": 0.295,
        "Normalized EBITDA": 69028000.0,
        "Total Unusual Items": -509000.0,
        "Total Unusual Items Excluding Goodwill": -509000.0,
        "Net Income From Continuing Operation Net Minority Interest": 42189000.0,
        "Reconciled Depreciation": 7339000.0,
        "Reconciled Cost Of Revenue": 124763000.0,
        "EBITDA": 68519000.0,
        "EBIT": 61180000.0,
        "Net Interest Income": -1331000.0,
        "Interest Expense": 1331000.0,
        "Normalized Income": 42547845.0,
        "Net Income From Continuing And Discontinued Operation": 42189000.0,
        "Total Expenses": 162959000.0,
        "Total Operating Income As Reported": 59329000.0,
        "Diluted Average Shares": 46989948.0,
        "Basic Average Shares": 46989948.0,
        "Diluted EPS": 0.9,
        "Basic EPS": 0.9,
        "Diluted NI Availto Com Stockholders": 42189000.0,
        "Net Income Common Stockholders": 42189000.0,
        "Otherunder Preferred Stock Dividend": NaN,
        "Net Income": 42189000.0,
        "Minority Interests": NaN,
        "Net Income Including Noncontrolling Interests": 42189000.0,
        "Net Income Continuous Operations": 42189000.0,
        "Tax Provision": 17660000.0,
        "Pretax Income": 59849000.0,
        "Other Income Expense": 1851000.0,
        "Other Non Operating Income Expenses": 1016000.0,
        "Earnings From Equity Interest": 1344000.0,
        "Gain On Sale Of Security": -509000.0,
        "Net Non Operating Interest Income Expense": -1331000.0,
        "Interest Expense Non Operating": 1331000.0,
        "Operating Income": 59329000.0,
        "Operating Expense": 38196000.0,
        "Other Operating Expenses": -4276000.0,
        "Selling General And Administration": 42472000.0,
        "Selling And Marketing Expense": 23617000.0,
        "General And Administrative Expense": 18855000.0,
        "Other Gand A": 18855000.0,
        "Gross Profit": 97525000.0,
        "Cost Of Revenue": 124763000.0,
        "Total Revenue": 222288000.0,
        "Operating Revenue": 222288000.0
    },
    "2025-06-30": {
        "Tax Effect Of Unusual Items": 247004.804679,
        "Tax Rate For Calcs": 0.291623,
        "Normalized EBITDA": 71874000.0,
        "Total Unusual Items": 847000.0,
        "Total Unusual Items Excluding Goodwill": 847000.0,
        "Net Income From Continuing Operation Net Minority Interest": 44083000.0,
        "Reconciled Depreciation": 9140000.0,
        "Reconciled Cost Of Revenue": 141211000.0,
        "EBITDA": 72721000.0,
        "EBIT": 63581000.0,
        "Net Interest Income": -1350000.0,
        "Interest Expense": 1350000.0,
        "Normalized Income": 43483004.804679,
        "Net Income From Continuing And Discontinued Operation": 44083000.0,
        "Total Expenses": 194342000.0,
        "Total Operating Income As Reported": 61204000.0,
        "Diluted Average Shares": 46988155.0,
        "Basic Average Shares": 46988155.0,
        "Diluted EPS": 0.94,
        "Basic EPS": 0.94,
        "Diluted NI Availto Com Stockholders": 44083000.0,
        "Net Income Common Stockholders": 44083000.0,
        "Otherunder Preferred Stock Dividend": NaN,
        "Net Income": 44083000.0,
        "Minority Interests": NaN,
        "Net Income Including Noncontrolling Interests": 44083000.0,
        "Net Income Continuous Operations": 44083000.0,
        "Tax Provision": 18148000.0,
        "Pretax Income": 62231000.0,
        "Other Income Expense": 2377000.0,
        "Other Non Operating Income Expenses": 588000.0,
        "Earnings From Equity Interest": 942000.0,
        "Gain On Sale Of Security": 847000.0,
        "Net Non Operating Interest Income Expense": -1350000.0,
        "Interest Expense Non Operating": 1350000.0,
        "Operating Income": 61204000.0,
        "Operating Expense": 53131000.0,
        "Other Operating Expenses": -4000.0,
        "Selling General And Administration": 53135000.0,
        "Selling And Marketing Expense": 29730000.0,
        "General And Administrative Expense": 23405000.0,
        "Other Gand A": 23405000.0,
        "Gross Profit": 114335000.0,
        "Cost Of Revenue": 141211000.0,
        "Total Revenue": 255546000.0,
        "Operating Revenue": 255546000.0
    }
}