{
    "2023-03-31": {
        "Tax Effect Of Unusual Items": NaN,
        "Tax Rate For Calcs": NaN,
        "Normalized EBITDA": NaN,
        "Total Unusual Items": NaN,
        "Total Unusual Items Excluding Goodwill": NaN,
        "Net Income From Continuing Operation Net Minority Interest": NaN,
        "Reconciled Depreciation": NaN,
        "Reconciled Cost Of Revenue": NaN,
        "EBITDA": NaN,
        "EBIT": NaN,
        "Net Interest Income": NaN,
        "Interest Expense": NaN,
        "Interest Income": NaN,
        "Normalized Income": NaN,
        "Net Income From Continuing And Discontinued Operation": NaN,
        "Total Expenses": NaN,
        "Total Operating Income As Reported": NaN,
        "Diluted Average Shares": NaN,
        "Basic Average Shares": NaN,
        "Diluted EPS": NaN,
        "Basic EPS": NaN,
        "Diluted NI Availto Com Stockholders": NaN,
        "Net Income Common Stockholders": NaN,
        "Net Income": NaN,
        "Minority Interests": NaN,
        "Net Income Including Noncontrolling Interests": NaN,
        "Net Income Continuous Operations": NaN,
        "Tax Provision": NaN,
        "Pretax Income": NaN,
        "Other Income Expense": NaN,
        "Other Non Operating Income Expenses": NaN,
        "Special Income Charges": NaN,
        "Other Special Charges": NaN,
        "Write Off": NaN,
        "Restructuring And Mergern Acquisition": NaN,
        "Earnings From Equity Interest": -237000.0,
        "Net Non Operating Interest Income Expense": NaN,
        "Interest Expense Non Operating": NaN,
        "Interest Income Non Operating": NaN,
        "Operating Income": NaN,
        "Operating Expense": NaN,
        "Depreciation Amortization Depletion Income Statement": NaN,
        "Depreciation And Amortization In Income Statement": NaN,
        "Amortization": NaN,
        "Amortization Of Intangibles Income Statement": NaN,
        "Depreciation Income Statement": NaN,
        "Selling General And Administration": NaN,
        "General And Administrative Expense": NaN,
        "Other Gand A": NaN,
        "Gross Profit": NaN,
        "Cost Of Revenue": NaN,
        "Total Revenue": NaN,
        "Operating Revenue": NaN
    },
    "2022-12-31": {
        "Tax Effect Of Unusual Items": NaN,
        "Tax Rate For Calcs": NaN,
        "Normalized EBITDA": NaN,
        "Total Unusual Items": NaN,
        "Total Unusual Items Excluding Goodwill": NaN,
        "Net Income From Continuing Operation Net Minority Interest": NaN,
        "Reconciled Depreciation": NaN,
        "Reconciled Cost Of Revenue": NaN,
        "EBITDA": NaN,
        "EBIT": NaN,
        "Net Interest Income": NaN,
        "Interest Expense": NaN,
        "Interest Income": NaN,
        "Normalized Income": NaN,
        "Net Income From Continuing And Discontinued Operation": NaN,
        "Total Expenses": NaN,
        "Total Operating Income As Reported": NaN,
        "Diluted Average Shares": NaN,
        "Basic Average Shares": NaN,
        "Diluted EPS": NaN,
        "Basic EPS": NaN,
        "Diluted NI Availto Com Stockholders": NaN,
        "Net Income Common Stockholders": NaN,
        "Net Income": NaN,
        "Minority Interests": NaN,
        "Net Income Including Noncontrolling Interests": NaN,
        "Net Income Continuous Operations": NaN,
        "Tax Provision": NaN,
        "Pretax Income": NaN,
        "Other Income Expense": NaN,
        "Other Non Operating Income Expenses": NaN,
        "Special Income Charges": NaN,
        "Other Special Charges": -1000.0,
        "Write Off": NaN,
        "Restructuring And Mergern Acquisition": NaN,
        "Earnings From Equity Interest": -248000.0,
        "Net Non Operating Interest Income Expense": NaN,
        "Interest Expense Non Operating": NaN,
        "Interest Income Non Operating": NaN,
        "Operating Income": NaN,
        "Operating Expense": NaN,
        "Depreciation Amortization Depletion Income Statement": NaN,
        "Depreciation And Amortization In Income Statement": NaN,
        "Amortization": NaN,
        "Amortization Of Intangibles Income Statement": NaN,
        "Depreciation Income Statement": NaN,
        "Selling General And Administration": NaN,
        "General And Administrative Expense": NaN,
        "Other Gand A": NaN,
        "Gross Profit": NaN,
        "Cost Of Revenue": NaN,
        "Total Revenue": NaN,
        "Operating Revenue": NaN
    },
    "2022-09-30": {
        "Tax Effect Of Unusual Items": NaN,
        "Tax Rate For Calcs": NaN,
        "Normalized EBITDA": NaN,
        "Total Unusual Items": NaN,
        "Total Unusual Items Excluding Goodwill": NaN,
        "Net Income From Continuing Operation Net Minority Interest": NaN,
        "Reconciled Depreciation": NaN,
        "Reconciled Cost Of Revenue": NaN,
        "EBITDA": NaN,
        "EBIT": NaN,
        "Net Interest Income": NaN,
        "Interest Expense": NaN,
        "Interest Income": NaN,
        "Normalized Income": NaN,
        "Net Income From Continuing And Discontinued Operation": NaN,
        "Total Expenses": NaN,
        "Total Operating Income As Reported": NaN,
        "Diluted Average Shares": NaN,
        "Basic Average Shares": NaN,
        "Diluted EPS": NaN,
        "Basic EPS": NaN,
        "Diluted NI Availto Com Stockholders": NaN,
        "Net Income Common Stockholders": NaN,
        "Net Income": NaN,
        "Minority Interests": NaN,
        "Net Income Including Noncontrolling Interests": NaN,
        "Net Income Continuous Operations": NaN,
        "Tax Provision": NaN,
        "Pretax Income": NaN,
        "Other Income Expense": NaN,
        "Other Non Operating Income Expenses": NaN,
        "Special Income Charges": NaN,
        "Other Special Charges": -159000.0,
        "Write Off": -159000.0,
        "Restructuring And Mergern Acquisition": 0.0,
        "Earnings From Equity Interest": NaN,
        "Net Non Operating Interest Income Expense": NaN,
        "Interest Expense Non Operating": NaN,
        "Interest Income Non Operating": NaN,
        "Operating Income": NaN,
        "Operating Expense": NaN,
        "Depreciation Amortization Depletion Income Statement": NaN,
        "Depreciation And Amortization In Income Statement": NaN,
        "Amortization": NaN,
        "Amortization Of Intangibles Income Statement": NaN,
        "Depreciation Income Statement": NaN,
        "Selling General And Administration": NaN,
        "General And Administrative Expense": NaN,
        "Other Gand A": NaN,
        "Gross Profit": NaN,
        "Cost Of Revenue": NaN,
        "Total Revenue": NaN,
        "Operating Revenue": NaN
    },
    "2022-06-30": {
        "Tax Effect Of Unusual Items": 26355.0,
        "Tax Rate For Calcs": 0.251,
        "Normalized EBITDA": 249348000.0,
        "Total Unusual Items": 105000.0,
        "Total Unusual Items Excluding Goodwill": 105000.0,
        "Net Income From Continuing Operation Net Minority Interest": 131605000.0,
        "Reconciled Depreciation": 30533000.0,
        "Reconciled Cost Of Revenue": 420235000.0,
        "EBITDA": 249453000.0,
        "EBIT": 218920000.0,
        "Net Interest Income": -42950000.0,
        "Interest Expense": 42950000.0,
        "Normalized Income": 131526355.0,
        "Net Income From Continuing And Discontinued Operation": 131605000.0,
        "Total Expenses": 563965000.0,
        "Total Operating Income As Reported": 221021000.0,
        "Diluted Average Shares": 224489000.0,
        "Basic Average Shares": 223675000.0,
        "Diluted EPS": 0.59,
        "Basic EPS": 0.59,
        "Diluted NI Availto Com Stockholders": 131605000.0,
        "Net Income Common Stockholders": 131605000.0,
        "Net Income": 131605000.0,
        "Minority Interests": -335000.0,
        "Net Income Including Noncontrolling Interests": 131940000.0,
        "Net Income Continuous Operations": 131940000.0,
        "Tax Provision": 44030000.0,
        "Pretax Income": 175970000.0,
        "Other Income Expense": -1996000.0,
        "Other Non Operating Income Expenses": -1865000.0,
        "Special Income Charges": 105000.0,
        "Other Special Charges": -105000.0,
        "Write Off": NaN,
        "Restructuring And Mergern Acquisition": NaN,
        "Earnings From Equity Interest": -236000.0,
        "Net Non Operating Interest Income Expense": -42950000.0,
        "Interest Expense Non Operating": 42950000.0,
        "Operating Income": 220916000.0,
        "Operating Expense": 143730000.0,
        "Depreciation Amortization Depletion Income Statement": 30533000.0,
        "Depreciation And Amortization In Income Statement": 30533000.0,
        "Amortization": 14999000.0,
        "Amortization Of Intangibles Income Statement": 14999000.0,
        "Depreciation Income Statement": 15534000.0,
        "Selling General And Administration": 113197000.0,
        "General And Administrative Expense": 113197000.0,
        "Other Gand A": 113197000.0,
        "Gross Profit": 364646000.0,
        "Cost Of Revenue": 420235000.0,
        "Total Revenue": 784881000.0,
        "Operating Revenue": 775196000.0
    },
    "2023-06-30": {
        "Tax Effect Of Unusual Items": NaN,
        "Tax Rate For Calcs": NaN,
        "Normalized EBITDA": NaN,
        "Total Unusual Items": NaN,
        "Total Unusual Items Excluding Goodwill": NaN,
        "Net Income From Continuing Operation Net Minority Interest": NaN,
        "Reconciled Depreciation": NaN,
        "Reconciled Cost Of Revenue": NaN,
        "EBITDA": NaN,
        "EBIT": NaN,
        "Net Interest Income": NaN,
        "Interest Expense": NaN,
        "Interest Income": NaN,
        "Normalized Income": NaN,
        "Net Income From Continuing And Discontinued Operation": NaN,
        "Total Expenses": NaN,
        "Total Operating Income As Reported": NaN,
        "Diluted Average Shares": 217979000.0,
        "Basic Average Shares": 217830000.0,
        "Diluted EPS": 0.92,
        "Basic EPS": 0.92,
        "Diluted NI Availto Com Stockholders": NaN,
        "Net Income Common Stockholders": NaN,
        "Net Income": NaN,
        "Minority Interests": NaN,
        "Net Income Including Noncontrolling Interests": NaN,
        "Net Income Continuous Operations": NaN,
        "Tax Provision": NaN,
        "Pretax Income": NaN,
        "Other Income Expense": NaN,
        "Other Non Operating Income Expenses": NaN,
        "Special Income Charges": NaN,
        "Other Special Charges": 3359000.0,
        "Write Off": NaN,
        "Restructuring And Mergern Acquisition": NaN,
        "Earnings From Equity Interest": -283000.0,
        "Net Non Operating Interest Income Expense": NaN,
        "Interest Expense Non Operating": NaN,
        "Interest Income Non Operating": NaN,
        "Operating Income": NaN,
        "Operating Expense": NaN,
        "Depreciation Amortization Depletion Income Statement": NaN,
        "Depreciation And Amortization In Income Statement": NaN,
        "Amortization": NaN,
        "Amortization Of Intangibles Income Statement": NaN,
        "Depreciation Income Statement": NaN,
        "Selling General And Administration": NaN,
        "General And Administrative Expense": NaN,
        "Other Gand A": NaN,
        "Gross Profit": NaN,
        "Cost Of Revenue": NaN,
        "Total Revenue": NaN,
        "Operating Revenue": NaN
    },
    "2022-03-31": {
        "Diluted EPS": 0.6,
        "Total Revenue": 774,
        "Gross Profit": 363,
        "Operating Income": 209,
        "EBIT": 239,
        "Net Income": 134
    },
    "2021-12-31": {
        "Diluted EPS": 0.57,
        "Total Revenue": 775,
        "Gross Profit": 367,
        "Operating Income": 209,
        "EBIT": 250,
        "Net Income": 129
    },
    "2021-09-30": {
        "Diluted EPS": 0.58,
        "Total Revenue": 756,
        "Gross Profit": 357,
        "Operating Income": 211,
        "EBIT": 244,
        "Net Income": 128
    },
    "2021-06-30": {
        "Diluted EPS": 0.48,
        "Total Revenue": 733,
        "Gross Profit": 336,
        "Operating Income": 186,
        "EBIT": 217,
        "Net Income": 107
    },
    "2021-03-31": {
        "Diluted EPS": 0.51,
        "Total Revenue": 727,
        "Gross Profit": 332,
        "Operating Income": 196,
        "EBIT": 228,
        "Net Income": 113
    },
    "2020-12-31": {
        "Diluted EPS": 1.11,
        "Total Revenue": 938,
        "Gross Profit": 538,
        "Operating Income": 394,
        "EBIT": 448,
        "Net Income": 244
    },
    "2020-09-30": {
        "Diluted EPS": 0.6,
        "Total Revenue": 738,
        "Gross Profit": 359,
        "Operating Income": 228,
        "EBIT": 261,
        "Net Income": 132
    },
    "2020-06-30": {
        "Diluted EPS": 0.09,
        "Total Revenue": 578,
        "Gross Profit": 222,
        "Operating Income": 75,
        "EBIT": 109,
        "Net Income": 20
    },
    "2020-03-31": {
        "Diluted EPS": 0.39,
        "Total Revenue": 684,
        "Gross Profit": 315,
        "Operating Income": 175,
        "EBIT": 208,
        "Net Income": 86
    },
    "2019-12-31": {
        "Diluted EPS": 0.38,
        "Total Revenue": 694,
        "Gross Profit": 339,
        "Operating Income": 177,
        "EBIT": 222,
        "Net Income": 84
    },
    "2019-09-30": {
        "Diluted EPS": 0.22,
        "Total Revenue": 552,
        "Gross Profit": 245,
        "Operating Income": 107,
        "EBIT": 137,
        "Net Income": 48
    },
    "2019-06-30": {
        "Diluted EPS": 0.37,
        "Total Revenue": 537,
        "Gross Profit": 252,
        "Operating Income": 143,
        "EBIT": 166,
        "Net Income": 80
    },
    "2019-03-31": {
        "Diluted EPS": 0.34,
        "Total Revenue": 517,
        "Gross Profit": 235,
        "Operating Income": 133,
        "EBIT": 156,
        "Net Income": 74
    },
    "2018-12-31": {
        "Diluted EPS": 0.74,
        "Total Revenue": 642,
        "Gross Profit": 370,
        "Operating Income": 253,
        "EBIT": 287,
        "Net Income": 161
    },
    "2018-09-30": {
        "Diluted EPS": 0.45,
        "Total Revenue": 539,
        "Gross Profit": 268,
        "Operating Income": 154,
        "EBIT": 177,
        "Net Income": 97
    },
    "2018-06-30": {
        "Diluted EPS": 0.43,
        "Total Revenue": 524,
        "Gross Profit": 260,
        "Operating Income": 154,
        "EBIT": 176,
        "Net Income": 93
    },
    "2018-03-31": {
        "Diluted EPS": 0.25,
        "Total Revenue": 502,
        "Gross Profit": 244,
        "Operating Income": 137,
        "EBIT": 157,
        "Net Income": 55
    },
    "2017-12-31": {
        "Diluted EPS": 1.4,
        "Total Revenue": 490,
        "Gross Profit": 253,
        "Operating Income": 156,
        "EBIT": 175,
        "Net Income": 304
    },
    "2017-09-30": {
        "Diluted EPS": 0.19,
        "Total Revenue": 464,
        "Gross Profit": 229,
        "Operating Income": 117,
        "EBIT": 137,
        "Net Income": 43
    },
    "2017-06-30": {
        "Diluted EPS": -0.6,
        "Total Revenue": 489,
        "Gross Profit": 260,
        "Operating Income": 150,
        "EBIT": 195,
        "Net Income": -130
    },
    "2017-03-31": {
        "Diluted EPS": 0.27,
        "Total Revenue": 459,
        "Gross Profit": 228,
        "Operating Income": 123,
        "EBIT": 175,
        "Net Income": 58
    },
    "2016-12-31": {
        "Diluted EPS": 0.62,
        "Total Revenue": 226,
        "Gross Profit": 75,
        "Operating Income": 159,
        "EBIT": 210,
        "Net Income": 133
    },
    "2016-09-30": {
        "Diluted EPS": 0.54,
        "Total Revenue": 520,
        "Gross Profit": 319,
        "Operating Income": 186,
        "EBIT": 238,
        "Net Income": 119
    },
    "2016-06-30": {
        "Diluted EPS": 0.45,
        "Total Revenue": 477,
        "Gross Profit": 280,
        "Operating Income": 160,
        "EBIT": 211,
        "Net Income": 99
    },
    "2016-03-31": {
        "Diluted EPS": 0.38,
        "Total Revenue": 782,
        "Gross Profit": 534,
        "Operating Income": 203,
        "EBIT": 254,
        "Net Income": 85
    },
    "2015-12-31": {
        "Diluted EPS": 0.69,
        "Total Revenue": 805,
        "Gross Profit": 573,
        "Operating Income": 327,
        "EBIT": 375,
        "Net Income": 156
    },
    "2015-09-30": {
        "Diluted EPS": 0.38,
        "Total Revenue": 758,
        "Gross Profit": 533,
        "Operating Income": 218,
        "EBIT": 268,
        "Net Income": 88
    },
    "2015-06-30": {
        "Diluted EPS": 0.5,
        "Total Revenue": 757,
        "Gross Profit": 517,
        "Operating Income": 186,
        "EBIT": 268,
        "Net Income": 116
    },
    "2015-03-31": {
        "Diluted EPS": 0.49,
        "Total Revenue": 731,
        "Gross Profit": 505,
        "Operating Income": 182,
        "EBIT": 264,
        "Net Income": 113
    },
    "2014-12-31": {
        "Diluted EPS": 2.09,
        "Total Revenue": 842,
        "Gross Profit": 587,
        "Operating Income": 227,
        "EBIT": 310,
        "Net Income": 483
    },
    "2014-09-30": {
        "Diluted EPS": 0.51,
        "Total Revenue": 681,
        "Gross Profit": 404,
        "Operating Income": 184,
        "EBIT": 246,
        "Net Income": 119
    },
    "2014-06-30": {
        "Diluted EPS": 0.9,
        "Total Revenue": NaN,
        "Gross Profit": 684,
        "Operating Income": 243,
        "EBIT": 302,
        "Net Income": 208
    },
    "2014-03-31": {
        "Diluted EPS": 0.25,
        "Total Revenue": NaN,
        "Gross Profit": 637,
        "Operating Income": 204,
        "EBIT": 267,
        "Net Income": 59
    },
    "2013-12-31": {
        "Diluted EPS": 0.39,
        "Total Revenue": NaN,
        "Gross Profit": 646,
        "Operating Income": 214,
        "EBIT": 261,
        "Net Income": 91
    },
    "2013-09-30": {
        "Diluted EPS": 0.34,
        "Total Revenue": NaN,
        "Gross Profit": 540,
        "Operating Income": 172,
        "EBIT": 218,
        "Net Income": 80
    },
    "2013-06-30": {
        "Diluted EPS": 0.48,
        "Total Revenue": NaN,
        "Gross Profit": 576,
        "Operating Income": 203,
        "EBIT": 251,
        "Net Income": 114
    },
    "2013-03-31": {
        "Diluted EPS": 0.44,
        "Total Revenue": NaN,
        "Gross Profit": 518,
        "Operating Income": 151,
        "EBIT": 199,
        "Net Income": 105
    },
    "2012-12-31": {
        "Diluted EPS": 0.35,
        "Total Revenue": NaN,
        "Gross Profit": 739,
        "Operating Income": 220,
        "EBIT": 270,
        "Net Income": 103
    },
    "2012-09-30": {
        "Diluted EPS": 0.56,
        "Total Revenue": NaN,
        "Gross Profit": 588,
        "Operating Income": 217,
        "EBIT": 266,
        "Net Income": 133
    },
    "2012-06-30": {
        "Diluted EPS": 0.51,
        "Total Revenue": NaN,
        "Gross Profit": 586,
        "Operating Income": 217,
        "EBIT": 265,
        "Net Income": 120
    },
    "2012-03-31": {
        "Diluted EPS": 0.28,
        "Total Revenue": NaN,
        "Gross Profit": 496,
        "Operating Income": 136,
        "EBIT": 183,
        "Net Income": 68
    },
    "2011-12-31": {
        "Diluted EPS": 0.49,
        "Total Revenue": NaN,
        "Gross Profit": 606,
        "Operating Income": 212,
        "EBIT": 261,
        "Net Income": 117
    },
    "2011-09-30": {
        "Diluted EPS": 0.41,
        "Total Revenue": NaN,
        "Gross Profit": 544,
        "Operating Income": 198,
        "EBIT": 247,
        "Net Income": 100
    },
    "2011-06-30": {
        "Diluted EPS": 0.62,
        "Total Revenue": NaN,
        "Gross Profit": 595,
        "Operating Income": 242,
        "EBIT": 292,
        "Net Income": 152
    },
    "2011-03-31": {
        "Diluted EPS": 0.37,
        "Total Revenue": NaN,
        "Gross Profit": 534,
        "Operating Income": 179,
        "EBIT": 229,
        "Net Income": 90
    },
    "2010-12-31": {
        "Diluted EPS": 0.71,
        "Total Revenue": NaN,
        "Gross Profit": 706,
        "Operating Income": 310,
        "EBIT": 339,
        "Net Income": 174
    },
    "2010-09-30": {
        "Diluted EPS": 0.42,
        "Total Revenue": NaN,
        "Gross Profit": 565,
        "Operating Income": 200,
        "EBIT": 275,
        "Net Income": 101
    },
    "2010-06-30": {
        "Diluted EPS": 0.81,
        "Total Revenue": NaN,
        "Gross Profit": 620,
        "Operating Income": 273,
        "EBIT": 327,
        "Net Income": 195
    },
    "2010-03-31": {
        "Diluted EPS": 0.49,
        "Total Revenue": NaN,
        "Gross Profit": 567,
        "Operating Income": 217,
        "EBIT": 273,
        "Net Income": 117
    },
    "2009-12-31": {
        "Diluted EPS": 0.56,
        "Total Revenue": NaN,
        "Gross Profit": 668,
        "Operating Income": 255,
        "EBIT": 198,
        "Net Income": 134
    },
    "2009-09-30": {
        "Diluted EPS": 0.31,
        "Total Revenue": NaN,
        "Gross Profit": 533,
        "Operating Income": 156,
        "EBIT": 254,
        "Net Income": 74
    },
    "2009-06-30": {
        "Diluted EPS": 0.3,
        "Total Revenue": NaN,
        "Gross Profit": 539,
        "Operating Income": 142,
        "EBIT": 280,
        "Net Income": 70
    },
    "2009-03-31": {
        "Diluted EPS": 0.34,
        "Total Revenue": NaN,
        "Gross Profit": 539,
        "Operating Income": 166,
        "EBIT": 230,
        "Net Income": 77
    },
    "2023-09-30": {
        "Tax Effect Of Unusual Items": NaN,
        "Tax Rate For Calcs": NaN,
        "Normalized EBITDA": NaN,
        "Total Unusual Items": NaN,
        "Total Unusual Items Excluding Goodwill": NaN,
        "Net Income From Continuing Operation Net Minority Interest": NaN,
        "Reconciled Depreciation": NaN,
        "Reconciled Cost Of Revenue": NaN,
        "EBITDA": NaN,
        "EBIT": NaN,
        "Net Interest Income": NaN,
        "Interest Expense": NaN,
        "Interest Income": NaN,
        "Normalized Income": NaN,
        "Net Income From Continuing And Discontinued Operation": NaN,
        "Total Expenses": NaN,
        "Total Operating Income As Reported": NaN,
        "Diluted Average Shares": NaN,
        "Basic Average Shares": NaN,
        "Diluted EPS": NaN,
        "Basic EPS": NaN,
        "Diluted NI Availto Com Stockholders": NaN,
        "Net Income Common Stockholders": NaN,
        "Net Income": NaN,
        "Minority Interests": NaN,
        "Net Income Including Noncontrolling Interests": NaN,
        "Net Income Continuous Operations": NaN,
        "Tax Provision": NaN,
        "Pretax Income": NaN,
        "Other Income Expense": NaN,
        "Other Non Operating Income Expenses": NaN,
        "Special Income Charges": NaN,
        "Write Off": NaN,
        "Restructuring And Mergern Acquisition": 0.0,
        "Earnings From Equity Interest": -256000.0,
        "Net Non Operating Interest Income Expense": NaN,
        "Interest Expense Non Operating": NaN,
        "Interest Income Non Operating": NaN,
        "Operating Income": NaN,
        "Operating Expense": NaN,
        "Depreciation Amortization Depletion Income Statement": NaN,
        "Depreciation And Amortization In Income Statement": NaN,
        "Amortization": NaN,
        "Amortization Of Intangibles Income Statement": NaN,
        "Depreciation Income Statement": NaN,
        "Selling General And Administration": NaN,
        "General And Administrative Expense": NaN,
        "Other Gand A": NaN,
        "Gross Profit": NaN,
        "Cost Of Revenue": NaN,
        "Total Revenue": NaN,
        "Operating Revenue": NaN
    },
    "2023-12-31": {
        "Tax Effect Of Unusual Items": NaN,
        "Tax Rate For Calcs": NaN,
        "Normalized EBITDA": NaN,
        "Total Unusual Items": NaN,
        "Total Unusual Items Excluding Goodwill": NaN,
        "Net Income From Continuing Operation Net Minority Interest": NaN,
        "Reconciled Depreciation": NaN,
        "Reconciled Cost Of Revenue": NaN,
        "EBITDA": NaN,
        "EBIT": NaN,
        "Net Interest Income": NaN,
        "Interest Expense": NaN,
        "Interest Income": NaN,
        "Normalized Income": NaN,
        "Net Income From Continuing And Discontinued Operation": NaN,
        "Total Expenses": NaN,
        "Total Operating Income As Reported": NaN,
        "Diluted Average Shares": NaN,
        "Basic Average Shares": NaN,
        "Diluted EPS": NaN,
        "Basic EPS": NaN,
        "Diluted NI Availto Com Stockholders": NaN,
        "Net Income Common Stockholders": NaN,
        "Net Income": NaN,
        "Minority Interests": NaN,
        "Net Income Including Noncontrolling Interests": NaN,
        "Net Income Continuous Operations": NaN,
        "Tax Provision": NaN,
        "Pretax Income": NaN,
        "Other Income Expense": NaN,
        "Other Non Operating Income Expenses": NaN,
        "Special Income Charges": NaN,
        "Write Off": NaN,
        "Restructuring And Mergern Acquisition": 0.0,
        "Earnings From Equity Interest": -101000.0,
        "Net Non Operating Interest Income Expense": NaN,
        "Interest Expense Non Operating": NaN,
        "Interest Income Non Operating": NaN,
        "Operating Income": NaN,
        "Operating Expense": NaN,
        "Depreciation Amortization Depletion Income Statement": NaN,
        "Depreciation And Amortization In Income Statement": NaN,
        "Amortization": NaN,
        "Amortization Of Intangibles Income Statement": NaN,
        "Depreciation Income Statement": NaN,
        "Selling General And Administration": NaN,
        "General And Administrative Expense": NaN,
        "Other Gand A": NaN,
        "Gross Profit": NaN,
        "Cost Of Revenue": NaN,
        "Total Revenue": NaN,
        "Operating Revenue": NaN
    },
    "2024-03-31": {
        "Tax Effect Of Unusual Items": -268252.084639,
        "Tax Rate For Calcs": 0.244532,
        "Normalized EBITDA": 321958000.0,
        "Total Unusual Items": -1097000.0,
        "Total Unusual Items Excluding Goodwill": -1097000.0,
        "Net Income From Continuing Operation Net Minority Interest": 188900000.0,
        "Reconciled Depreciation": 27970000.0,
        "Reconciled Cost Of Revenue": 430567000.0,
        "EBITDA": 320861000.0,
        "EBIT": 292891000.0,
        "Net Interest Income": -36795000.0,
        "Interest Expense": 42368000.0,
        "Interest Income": 5573000.0,
        "Normalized Income": 189728747.915361,
        "Net Income From Continuing And Discontinued Operation": 188900000.0,
        "Total Expenses": 575595000.0,
        "Total Operating Income As Reported": 137560000.0,
        "Diluted Average Shares": 178437000.0,
        "Basic Average Shares": 177823000.0,
        "Diluted EPS": 1.06,
        "Basic EPS": 1.06,
        "Diluted NI Availto Com Stockholders": 188900000.0,
        "Net Income Common Stockholders": 188900000.0,
        "Net Income": 188900000.0,
        "Minority Interests": -362000.0,
        "Net Income Including Noncontrolling Interests": 189262000.0,
        "Net Income Continuous Operations": 189262000.0,
        "Tax Provision": 61261000.0,
        "Pretax Income": 250523000.0,
        "Other Income Expense": 148661000.0,
        "Other Non Operating Income Expenses": 149758000.0,
        "Special Income Charges": -1097000.0,
        "Write Off": 1097000.0,
        "Restructuring And Mergern Acquisition": NaN,
        "Earnings From Equity Interest": NaN,
        "Net Non Operating Interest Income Expense": -36795000.0,
        "Interest Expense Non Operating": 42368000.0,
        "Interest Income Non Operating": 5573000.0,
        "Operating Income": 138657000.0,
        "Operating Expense": 145028000.0,
        "Depreciation Amortization Depletion Income Statement": 27970000.0,
        "Depreciation And Amortization In Income Statement": 27970000.0,
        "Amortization": 13660000.0,
        "Amortization Of Intangibles Income Statement": 13660000.0,
        "Depreciation Income Statement": 14310000.0,
        "Selling General And Administration": 117058000.0,
        "General And Administrative Expense": 117058000.0,
        "Other Gand A": 117058000.0,
        "Gross Profit": 283685000.0,
        "Cost Of Revenue": 430567000.0,
        "Total Revenue": 714252000.0,
        "Operating Revenue": 704440000.0
    },
    "2024-06-30": {
        "Tax Effect Of Unusual Items": NaN,
        "Tax Rate For Calcs": NaN,
        "Normalized EBITDA": NaN,
        "Total Unusual Items": NaN,
        "Total Unusual Items Excluding Goodwill": NaN,
        "Net Income From Continuing Operation Net Minority Interest": NaN,
        "Reconciled Depreciation": NaN,
        "Reconciled Cost Of Revenue": NaN,
        "EBITDA": NaN,
        "EBIT": NaN,
        "Net Interest Income": NaN,
        "Interest Expense": NaN,
        "Interest Income": NaN,
        "Normalized Income": NaN,
        "Net Income From Continuing And Discontinued Operation": NaN,
        "Total Expenses": NaN,
        "Total Operating Income As Reported": NaN,
        "Diluted Average Shares": NaN,
        "Basic Average Shares": NaN,
        "Diluted EPS": NaN,
        "Basic EPS": NaN,
        "Diluted NI Availto Com Stockholders": NaN,
        "Net Income Common Stockholders": NaN,
        "Net Income": NaN,
        "Minority Interests": NaN,
        "Net Income Including Noncontrolling Interests": NaN,
        "Net Income Continuous Operations": NaN,
        "Tax Provision": NaN,
        "Pretax Income": NaN,
        "Other Income Expense": NaN,
        "Other Non Operating Income Expenses": NaN,
        "Special Income Charges": NaN,
        "Write Off": NaN,
        "Restructuring And Mergern Acquisition": 0.0,
        "Net Non Operating Interest Income Expense": NaN,
        "Interest Expense Non Operating": NaN,
        "Interest Income Non Operating": NaN,
        "Operating Income": NaN,
        "Operating Expense": NaN,
        "Depreciation Amortization Depletion Income Statement": NaN,
        "Depreciation And Amortization In Income Statement": NaN,
        "Amortization": NaN,
        "Amortization Of Intangibles Income Statement": NaN,
        "Depreciation Income Statement": NaN,
        "Selling General And Administration": NaN,
        "General And Administrative Expense": NaN,
        "Other Gand A": NaN,
        "Gross Profit": NaN,
        "Cost Of Revenue": NaN,
        "Total Revenue": NaN,
        "Operating Revenue": NaN
    },
    "2024-09-30": {
        "Tax Effect Of Unusual Items": 0.0,
        "Tax Rate For Calcs": 0.233,
        "Normalized EBITDA": 263229000.0,
        "Total Unusual Items": 0.0,
        "Total Unusual Items Excluding Goodwill": 0.0,
        "Net Income From Continuing Operation Net Minority Interest": 146807000.0,
        "Reconciled Depreciation": 29010000.0,
        "Reconciled Cost Of Revenue": 437855000.0,
        "EBITDA": 263229000.0,
        "EBIT": 234219000.0,
        "Net Interest Income": -35265000.0,
        "Interest Expense": 42288000.0,
        "Interest Income": 7023000.0,
        "Normalized Income": 146807000.0,
        "Net Income From Continuing And Discontinued Operation": 146807000.0,
        "Total Expenses": 576935000.0,
        "Total Operating Income As Reported": 229892000.0,
        "Diluted Average Shares": 165748000.0,
        "Basic Average Shares": 165188000.0,
        "Diluted EPS": 0.89,
        "Basic EPS": 0.89,
        "Diluted NI Availto Com Stockholders": 146807000.0,
        "Net Income Common Stockholders": 146807000.0,
        "Net Income": 146807000.0,
        "Minority Interests": -381000.0,
        "Net Income Including Noncontrolling Interests": 147188000.0,
        "Net Income Continuous Operations": 147188000.0,
        "Tax Provision": 44743000.0,
        "Pretax Income": 191931000.0,
        "Other Income Expense": -2696000.0,
        "Other Non Operating Income Expenses": -2696000.0,
        "Special Income Charges": 0.0,
        "Write Off": 0.0,
        "Restructuring And Mergern Acquisition": 0.0,
        "Net Non Operating Interest Income Expense": -35265000.0,
        "Interest Expense Non Operating": 42288000.0,
        "Interest Income Non Operating": 7023000.0,
        "Operating Income": 229892000.0,
        "Operating Expense": 139080000.0,
        "Depreciation Amortization Depletion Income Statement": 29010000.0,
        "Depreciation And Amortization In Income Statement": 29010000.0,
        "Amortization": 13467000.0,
        "Amortization Of Intangibles Income Statement": 13467000.0,
        "Depreciation Income Statement": 15543000.0,
        "Selling General And Administration": 110070000.0,
        "General And Administrative Expense": 110070000.0,
        "Other Gand A": 110070000.0,
        "Gross Profit": 368972000.0,
        "Cost Of Revenue": 437855000.0,
        "Total Revenue": 806827000.0,
        "Operating Revenue": 797564000.0
    },
    "2024-12-31": {
        "Tax Effect Of Unusual Items": 0.0,
        "Tax Rate For Calcs": 0.205603,
        "Normalized EBITDA": 297850000.0,
        "Total Unusual Items": 0.0,
        "Total Unusual Items Excluding Goodwill": 0.0,
        "Net Income From Continuing Operation Net Minority Interest": 182463000.0,
        "Reconciled Depreciation": 27719000.0,
        "Reconciled Cost Of Revenue": 455649000.0,
        "EBITDA": 297850000.0,
        "EBIT": 270131000.0,
        "Net Interest Income": -34312000.0,
        "Interest Expense": 42834000.0,
        "Interest Income": 8522000.0,
        "Normalized Income": 182463000.0,
        "Net Income From Continuing And Discontinued Operation": 182463000.0,
        "Total Expenses": 595057000.0,
        "Total Operating Income As Reported": 275472000.0,
        "Diluted Average Shares": 162709000.0,
        "Basic Average Shares": 161327000.0,
        "Diluted EPS": 1.11,
        "Basic EPS": 1.12,
        "Diluted NI Availto Com Stockholders": 182463000.0,
        "Net Income Common Stockholders": 182463000.0,
        "Net Income": 182463000.0,
        "Minority Interests": 1899000.0,
        "Net Income Including Noncontrolling Interests": 180564000.0,
        "Net Income Continuous Operations": 180564000.0,
        "Tax Provision": 46733000.0,
        "Pretax Income": 227297000.0,
        "Other Income Expense": -13863000.0,
        "Other Non Operating Income Expenses": -13863000.0,
        "Special Income Charges": 0.0,
        "Write Off": 0.0,
        "Restructuring And Mergern Acquisition": 0.0,
        "Net Non Operating Interest Income Expense": -34312000.0,
        "Interest Expense Non Operating": 42834000.0,
        "Interest Income Non Operating": 8522000.0,
        "Operating Income": 275472000.0,
        "Operating Expense": 139408000.0,
        "Depreciation Amortization Depletion Income Statement": 27719000.0,
        "Depreciation And Amortization In Income Statement": 27719000.0,
        "Amortization": 12810000.0,
        "Amortization Of Intangibles Income Statement": 12810000.0,
        "Depreciation Income Statement": 14909000.0,
        "Selling General And Administration": 111689000.0,
        "General And Administrative Expense": 111689000.0,
        "Other Gand A": 111689000.0,
        "Gross Profit": 414880000.0,
        "Cost Of Revenue": 455649000.0,
        "Total Revenue": 870529000.0,
        "Operating Revenue": 858703000.0
    },
    "2025-03-31": {
        "Tax Effect Of Unusual Items": 0.0,
        "Tax Rate For Calcs": 0.206,
        "Normalized EBITDA": 139611000.0,
        "Total Unusual Items": 0.0,
        "Total Unusual Items Excluding Goodwill": 0.0,
        "Net Income From Continuing Operation Net Minority Interest": 57916000.0,
        "Reconciled Depreciation": 24332000.0,
        "Reconciled Cost Of Revenue": 440991000.0,
        "EBITDA": 139611000.0,
        "EBIT": 115279000.0,
        "Net Interest Income": -33738000.0,
        "Interest Expense": 41811000.0,
        "Interest Income": 8073000.0,
        "Normalized Income": 57916000.0,
        "Net Income From Continuing And Discontinued Operation": 57916000.0,
        "Total Expenses": 571026000.0,
        "Total Operating Income As Reported": 109023000.0,
        "Diluted Average Shares": 161917000.0,
        "Basic Average Shares": 160849000.0,
        "Diluted EPS": 0.36,
        "Basic EPS": 0.36,
        "Diluted NI Availto Com Stockholders": 57916000.0,
        "Net Income Common Stockholders": 57916000.0,
        "Net Income": 57916000.0,
        "Minority Interests": -391000.0,
        "Net Income Including Noncontrolling Interests": 58307000.0,
        "Net Income Continuous Operations": 58307000.0,
        "Tax Provision": 15161000.0,
        "Pretax Income": 73468000.0,
        "Other Income Expense": -1817000.0,
        "Other Non Operating Income Expenses": -1817000.0,
        "Special Income Charges": 0.0,
        "Write Off": 0.0,
        "Restructuring And Mergern Acquisition": NaN,
        "Net Non Operating Interest Income Expense": -33738000.0,
        "Interest Expense Non Operating": 41811000.0,
        "Interest Income Non Operating": 8073000.0,
        "Operating Income": 109023000.0,
        "Operating Expense": 130035000.0,
        "Depreciation Amortization Depletion Income Statement": 24332000.0,
        "Depreciation And Amortization In Income Statement": 24332000.0,
        "Amortization": 8853000.0,
        "Amortization Of Intangibles Income Statement": 8853000.0,
        "Depreciation Income Statement": 15479000.0,
        "Selling General And Administration": 105703000.0,
        "General And Administrative Expense": 105703000.0,
        "Other Gand A": 105703000.0,
        "Gross Profit": 239058000.0,
        "Cost Of Revenue": 440991000.0,
        "Total Revenue": 680049000.0,
        "Operating Revenue": 669569000.0
    },
    "2025-06-30": {
        "Tax Effect Of Unusual Items": 0.0,
        "Tax Rate For Calcs": 0.23,
        "Normalized EBITDA": 154583000.0,
        "Total Unusual Items": 0.0,
        "Total Unusual Items Excluding Goodwill": 0.0,
        "Net Income From Continuing Operation Net Minority Interest": 67765000.0,
        "Reconciled Depreciation": 24628000.0,
        "Reconciled Cost Of Revenue": 422896000.0,
        "EBITDA": 154583000.0,
        "EBIT": 129955000.0,
        "Net Interest Income": -33621000.0,
        "Interest Expense": 41789000.0,
        "Interest Income": 8168000.0,
        "Normalized Income": 67765000.0,
        "Net Income From Continuing And Discontinued Operation": 67765000.0,
        "Total Expenses": 552631000.0,
        "Total Operating Income As Reported": 122414000.0,
        "Diluted Average Shares": 162667000.0,
        "Basic Average Shares": 161472000.0,
        "Diluted EPS": 0.42,
        "Basic EPS": 0.42,
        "Diluted NI Availto Com Stockholders": 67765000.0,
        "Net Income Common Stockholders": 67765000.0,
        "Net Income": 67765000.0,
        "Minority Interests": -137000.0,
        "Net Income Including Noncontrolling Interests": 67902000.0,
        "Net Income Continuous Operations": 67902000.0,
        "Tax Provision": 20264000.0,
        "Pretax Income": 88166000.0,
        "Other Income Expense": -627000.0,
        "Other Non Operating Income Expenses": -627000.0,
        "Special Income Charges": 0.0,
        "Write Off": 0.0,
        "Restructuring And Mergern Acquisition": NaN,
        "Net Non Operating Interest Income Expense": -33621000.0,
        "Interest Expense Non Operating": 41789000.0,
        "Interest Income Non Operating": 8168000.0,
        "Operating Income": 122414000.0,
        "Operating Expense": 129735000.0,
        "Depreciation Amortization Depletion Income Statement": 24628000.0,
        "Depreciation And Amortization In Income Statement": 24628000.0,
        "Amortization": 8832000.0,
        "Amortization Of Intangibles Income Statement": 8832000.0,
        "Depreciation Income Statement": 15796000.0,
        "Selling General And Administration": 105107000.0,
        "General And Administrative Expense": 105107000.0,
        "Other Gand A": 105107000.0,
        "Gross Profit": 252149000.0,
        "Cost Of Revenue": 422896000.0,
        "Total Revenue": 675045000.0,
        "Operating Revenue": 665625000.0
    },
    "2025-09-30": {
        "Tax Effect Of Unusual Items": 0.0,
        "Tax Rate For Calcs": 0.312,
        "Normalized EBITDA": 116779000.0,
        "Total Unusual Items": 0.0,
        "Total Unusual Items Excluding Goodwill": 0.0,
        "Net Income From Continuing Operation Net Minority Interest": 37116000.0,
        "Reconciled Depreciation": 23828000.0,
        "Reconciled Cost Of Revenue": 422121000.0,
        "EBITDA": 116779000.0,
        "EBIT": 92951000.0,
        "Net Interest Income": -33092000.0,
        "Interest Expense": 39027000.0,
        "Interest Income": 5935000.0,
        "Normalized Income": 37116000.0,
        "Net Income From Continuing And Discontinued Operation": 37116000.0,
        "Total Expenses": 558671000.0,
        "Total Operating Income As Reported": 92120000.0,
        "Diluted Average Shares": 163047000.0,
        "Basic Average Shares": 161606000.0,
        "Diluted EPS": 0.23,
        "Basic EPS": 0.23,
        "Diluted NI Availto Com Stockholders": 37116000.0,
        "Net Income Common Stockholders": 37116000.0,
        "Net Income": 37116000.0,
        "Minority Interests": 0.0,
        "Net Income Including Noncontrolling Interests": 37116000.0,
        "Net Income Continuous Operations": 37116000.0,
        "Tax Provision": 16808000.0,
        "Pretax Income": 53924000.0,
        "Other Income Expense": -5104000.0,
        "Other Non Operating Income Expenses": -5104000.0,
        "Special Income Charges": 0.0,
        "Write Off": 0.0,
        "Restructuring And Mergern Acquisition": NaN,
        "Net Non Operating Interest Income Expense": -33092000.0,
        "Interest Expense Non Operating": 39027000.0,
        "Interest Income Non Operating": 5935000.0,
        "Operating Income": 92120000.0,
        "Operating Expense": 136550000.0,
        "Depreciation Amortization Depletion Income Statement": 23828000.0,
        "Depreciation And Amortization In Income Statement": 23828000.0,
        "Amortization": 8831000.0,
        "Amortization Of Intangibles Income Statement": 8831000.0,
        "Depreciation Income Statement": 14997000.0,
        "Selling General And Administration": 112722000.0,
        "General And Administrative Expense": 112722000.0,
        "Other Gand A": 112722000.0,
        "Gross Profit": 228670000.0,
        "Cost Of Revenue": 422121000.0,
        "Total Revenue": 650791000.0,
        "Operating Revenue": 641710000.0
    }
}