{
    "2023-03-31": {
        "Tax Effect Of Unusual Items": NaN,
        "Tax Rate For Calcs": NaN,
        "Normalized EBITDA": NaN,
        "Total Unusual Items": NaN,
        "Total Unusual Items Excluding Goodwill": NaN,
        "Net Income From Continuing Operation Net Minority Interest": NaN,
        "Reconciled Depreciation": NaN,
        "Reconciled Cost Of Revenue": NaN,
        "EBITDA": NaN,
        "EBIT": NaN,
        "Net Interest Income": NaN,
        "Interest Expense": NaN,
        "Interest Income": NaN,
        "Normalized Income": NaN,
        "Net Income From Continuing And Discontinued Operation": NaN,
        "Total Expenses": NaN,
        "Rent Expense Supplemental": 3021000.0,
        "Total Operating Income As Reported": NaN,
        "Diluted Average Shares": NaN,
        "Basic Average Shares": NaN,
        "Diluted EPS": NaN,
        "Basic EPS": NaN,
        "Diluted NI Availto Com Stockholders": NaN,
        "Net Income Common Stockholders": NaN,
        "Net Income": NaN,
        "Minority Interests": NaN,
        "Net Income Including Noncontrolling Interests": NaN,
        "Net Income Continuous Operations": NaN,
        "Tax Provision": NaN,
        "Pretax Income": NaN,
        "Other Income Expense": NaN,
        "Other Non Operating Income Expenses": NaN,
        "Special Income Charges": NaN,
        "Gain On Sale Of Ppe": NaN,
        "Other Special Charges": NaN,
        "Earnings From Equity Interest": NaN,
        "Gain On Sale Of Security": NaN,
        "Net Non Operating Interest Income Expense": NaN,
        "Total Other Finance Cost": NaN,
        "Interest Expense Non Operating": NaN,
        "Interest Income Non Operating": NaN,
        "Operating Income": NaN,
        "Operating Expense": NaN,
        "Other Operating Expenses": NaN,
        "Other Taxes": 0.0,
        "Depreciation Amortization Depletion Income Statement": 337077000.0,
        "Depreciation And Amortization In Income Statement": 337077000.0,
        "Depreciation Income Statement": 337077000.0,
        "Selling General And Administration": NaN,
        "Selling And Marketing Expense": NaN,
        "General And Administrative Expense": NaN,
        "Other Gand A": NaN,
        "Insurance And Claims": 19043000.0,
        "Rent And Landing Fees": 3021000.0,
        "Salaries And Wages": 1238711000.0,
        "Gross Profit": NaN,
        "Cost Of Revenue": NaN,
        "Total Revenue": NaN,
        "Operating Revenue": NaN
    },
    "2022-12-31": {
        "Tax Effect Of Unusual Items": NaN,
        "Tax Rate For Calcs": NaN,
        "Normalized EBITDA": NaN,
        "Total Unusual Items": NaN,
        "Total Unusual Items Excluding Goodwill": NaN,
        "Net Income From Continuing Operation Net Minority Interest": NaN,
        "Reconciled Depreciation": NaN,
        "Reconciled Cost Of Revenue": NaN,
        "EBITDA": NaN,
        "EBIT": NaN,
        "Net Interest Income": NaN,
        "Interest Expense": NaN,
        "Interest Income": NaN,
        "Normalized Income": NaN,
        "Net Income From Continuing And Discontinued Operation": NaN,
        "Total Expenses": NaN,
        "Rent Expense Supplemental": 4170000.0,
        "Total Operating Income As Reported": NaN,
        "Diluted Average Shares": NaN,
        "Basic Average Shares": NaN,
        "Diluted EPS": NaN,
        "Basic EPS": NaN,
        "Diluted NI Availto Com Stockholders": NaN,
        "Net Income Common Stockholders": NaN,
        "Net Income": NaN,
        "Minority Interests": NaN,
        "Net Income Including Noncontrolling Interests": NaN,
        "Net Income Continuous Operations": NaN,
        "Tax Provision": NaN,
        "Pretax Income": NaN,
        "Other Income Expense": NaN,
        "Special Income Charges": -20290000.0,
        "Gain On Sale Of Ppe": NaN,
        "Other Special Charges": NaN,
        "Earnings From Equity Interest": NaN,
        "Gain On Sale Of Security": NaN,
        "Net Non Operating Interest Income Expense": NaN,
        "Total Other Finance Cost": NaN,
        "Interest Expense Non Operating": NaN,
        "Interest Income Non Operating": NaN,
        "Operating Income": NaN,
        "Operating Expense": NaN,
        "Other Operating Expenses": NaN,
        "Other Taxes": NaN,
        "Depreciation Amortization Depletion Income Statement": 431033000.0,
        "Depreciation And Amortization In Income Statement": 431033000.0,
        "Depreciation Income Statement": 431033000.0,
        "Selling General And Administration": NaN,
        "Selling And Marketing Expense": NaN,
        "General And Administrative Expense": NaN,
        "Other Gand A": NaN,
        "Insurance And Claims": 16780000.0,
        "Rent And Landing Fees": 4170000.0,
        "Salaries And Wages": 1240215000.0,
        "Gross Profit": NaN,
        "Cost Of Revenue": NaN,
        "Total Revenue": NaN,
        "Operating Revenue": NaN
    },
    "2022-09-30": {
        "Tax Effect Of Unusual Items": NaN,
        "Tax Rate For Calcs": NaN,
        "Normalized EBITDA": NaN,
        "Total Unusual Items": NaN,
        "Total Unusual Items Excluding Goodwill": NaN,
        "Net Income From Continuing Operation Net Minority Interest": NaN,
        "Reconciled Depreciation": NaN,
        "Reconciled Cost Of Revenue": NaN,
        "EBITDA": NaN,
        "EBIT": NaN,
        "Net Interest Income": NaN,
        "Interest Expense": NaN,
        "Interest Income": NaN,
        "Normalized Income": NaN,
        "Net Income From Continuing And Discontinued Operation": NaN,
        "Total Expenses": NaN,
        "Rent Expense Supplemental": NaN,
        "Total Operating Income As Reported": NaN,
        "Diluted Average Shares": 150552212.0,
        "Basic Average Shares": 150552212.0,
        "Diluted EPS": 75.65,
        "Basic EPS": 75.65,
        "Diluted NI Availto Com Stockholders": NaN,
        "Net Income Common Stockholders": NaN,
        "Net Income": NaN,
        "Minority Interests": NaN,
        "Net Income Including Noncontrolling Interests": NaN,
        "Net Income Continuous Operations": NaN,
        "Tax Provision": NaN,
        "Pretax Income": NaN,
        "Other Income Expense": NaN,
        "Special Income Charges": 20290000.0,
        "Other Special Charges": -20290000.0,
        "Earnings From Equity Interest": NaN,
        "Gain On Sale Of Security": NaN,
        "Net Non Operating Interest Income Expense": NaN,
        "Total Other Finance Cost": NaN,
        "Interest Expense Non Operating": NaN,
        "Interest Income Non Operating": NaN,
        "Operating Income": NaN,
        "Operating Expense": NaN,
        "Other Operating Expenses": NaN,
        "Other Taxes": NaN,
        "Depreciation Amortization Depletion Income Statement": NaN,
        "Depreciation And Amortization In Income Statement": NaN,
        "Depreciation Income Statement": NaN,
        "Selling General And Administration": NaN,
        "Selling And Marketing Expense": NaN,
        "General And Administrative Expense": NaN,
        "Other Gand A": NaN,
        "Insurance And Claims": NaN,
        "Rent And Landing Fees": NaN,
        "Salaries And Wages": NaN,
        "Gross Profit": NaN,
        "Cost Of Revenue": NaN,
        "Total Revenue": NaN,
        "Operating Revenue": NaN
    },
    "2022-06-30": {
        "Tax Effect Of Unusual Items": -207095694.099266,
        "Tax Rate For Calcs": 0.387498,
        "Normalized EBITDA": 14363294000.0,
        "Total Unusual Items": -534443000.0,
        "Total Unusual Items Excluding Goodwill": -534443000.0,
        "Net Income From Continuing Operation Net Minority Interest": 5311387000.0,
        "Reconciled Depreciation": 3886578000.0,
        "Reconciled Cost Of Revenue": 16021380000.0,
        "EBITDA": 13828851000.0,
        "EBIT": 9942273000.0,
        "Net Interest Income": -140907000.0,
        "Interest Expense": 1270826000.0,
        "Interest Income": 280136000.0,
        "Normalized Income": 5638734305.900734,
        "Net Income From Continuing And Discontinued Operation": 5311387000.0,
        "Total Expenses": 17225210000.0,
        "Rent Expense Supplemental": NaN,
        "Total Operating Income As Reported": 9327036000.0,
        "Diluted Average Shares": 150552212.0,
        "Basic Average Shares": 150552212.0,
        "Diluted EPS": 76.0,
        "Basic EPS": 76.0,
        "Diluted NI Availto Com Stockholders": 5311387000.0,
        "Net Income Common Stockholders": 5311387000.0,
        "Net Income": 5311387000.0,
        "Minority Interests": 110000.0,
        "Net Income Including Noncontrolling Interests": 5311277000.0,
        "Net Income Continuous Operations": 5311277000.0,
        "Tax Provision": 3360170000.0,
        "Pretax Income": 8671447000.0,
        "Other Income Expense": -514682000.0,
        "Special Income Charges": NaN,
        "Other Special Charges": NaN,
        "Earnings From Equity Interest": 19761000.0,
        "Gain On Sale Of Security": -534443000.0,
        "Net Non Operating Interest Income Expense": -140907000.0,
        "Total Other Finance Cost": -849783000.0,
        "Interest Expense Non Operating": 1270826000.0,
        "Interest Income Non Operating": 280136000.0,
        "Operating Income": 9327036000.0,
        "Operating Expense": 1203830000.0,
        "Other Operating Expenses": -1448824000.0,
        "Other Taxes": NaN,
        "Depreciation Amortization Depletion Income Statement": NaN,
        "Depreciation And Amortization In Income Statement": NaN,
        "Depreciation Income Statement": NaN,
        "Selling General And Administration": 2652654000.0,
        "Selling And Marketing Expense": 1597977000.0,
        "General And Administrative Expense": 1054677000.0,
        "Other Gand A": 1054677000.0,
        "Insurance And Claims": NaN,
        "Rent And Landing Fees": NaN,
        "Salaries And Wages": NaN,
        "Gross Profit": 10530866000.0,
        "Cost Of Revenue": 16021380000.0,
        "Total Revenue": 26552246000.0,
        "Operating Revenue": 26552246000.0
    },
    "2022-03-31": {
        "Diluted EPS": 0.51,
        "Total Revenue": 269,
        "Gross Profit": 165,
        "Operating Income": 115,
        "EBIT": 143,
        "Net Income": 77
    },
    "2021-12-31": {
        "Diluted EPS": 0.63,
        "Total Revenue": 371,
        "Gross Profit": 114,
        "Operating Income": 142,
        "EBIT": 176,
        "Net Income": 94
    },
    "2021-09-30": {
        "Diluted EPS": 0.3,
        "Total Revenue": 185,
        "Gross Profit": 90,
        "Operating Income": 53,
        "EBIT": 78,
        "Net Income": 45
    },
    "2021-06-30": {
        "Diluted EPS": 0.24,
        "Total Revenue": 189,
        "Gross Profit": 101,
        "Operating Income": 66,
        "EBIT": 88,
        "Net Income": 36
    },
    "2021-03-31": {
        "Diluted EPS": 0.29,
        "Total Revenue": 188,
        "Gross Profit": 128,
        "Operating Income": 97,
        "EBIT": 117,
        "Net Income": 44
    },
    "2020-12-31": {
        "Diluted EPS": -0.26,
        "Total Revenue": 260,
        "Gross Profit": 78,
        "Operating Income": 69,
        "EBIT": 100,
        "Net Income": -40
    },
    "2020-09-30": {
        "Diluted EPS": 0.04,
        "Total Revenue": 177,
        "Gross Profit": 106,
        "Operating Income": 75,
        "EBIT": 94,
        "Net Income": 5
    },
    "2020-06-30": {
        "Diluted EPS": 0.17,
        "Total Revenue": 159,
        "Gross Profit": 99,
        "Operating Income": 67,
        "EBIT": 85,
        "Net Income": 26
    },
    "2020-03-31": {
        "Diluted EPS": 0.36,
        "Total Revenue": 198,
        "Gross Profit": 120,
        "Operating Income": 82,
        "EBIT": 101,
        "Net Income": 55
    },
    "2019-12-31": {
        "Diluted EPS": 0.76,
        "Total Revenue": 353,
        "Gross Profit": 150,
        "Operating Income": 136,
        "EBIT": 163,
        "Net Income": 111
    },
    "2019-09-30": {
        "Diluted EPS": 0.01,
        "Total Revenue": 186,
        "Gross Profit": 100,
        "Operating Income": 66,
        "EBIT": 83,
        "Net Income": 1
    },
    "2019-06-30": {
        "Diluted EPS": 0.57,
        "Total Revenue": 231,
        "Gross Profit": 128,
        "Operating Income": 108,
        "EBIT": 124,
        "Net Income": 92
    },
    "2019-03-31": {
        "Diluted EPS": 0.37,
        "Total Revenue": 236,
        "Gross Profit": 122,
        "Operating Income": 100,
        "EBIT": 116,
        "Net Income": 61
    },
    "2018-12-31": {
        "Diluted EPS": 1.51,
        "Total Revenue": 418,
        "Gross Profit": 170,
        "Operating Income": 115,
        "EBIT": 183,
        "Net Income": 244
    },
    "2018-09-30": {
        "Diluted EPS": 0.14,
        "Total Revenue": 245,
        "Gross Profit": 140,
        "Operating Income": 123,
        "EBIT": 125,
        "Net Income": 25
    },
    "2018-06-30": {
        "Diluted EPS": 0.29,
        "Total Revenue": 294,
        "Gross Profit": 176,
        "Operating Income": 135,
        "EBIT": 139,
        "Net Income": 48
    },
    "2018-03-31": {
        "Diluted EPS": 0.54,
        "Total Revenue": 252,
        "Gross Profit": 149,
        "Operating Income": 132,
        "EBIT": 137,
        "Net Income": 88
    },
    "2017-12-31": {
        "Diluted EPS": 0.34,
        "Total Revenue": 238,
        "Gross Profit": 109,
        "Operating Income": 84,
        "EBIT": 91,
        "Net Income": 56
    },
    "2017-09-30": {
        "Diluted EPS": 0.18,
        "Total Revenue": 152,
        "Gross Profit": 71,
        "Operating Income": 56,
        "EBIT": 61,
        "Net Income": 30
    },
    "2017-06-30": {
        "Diluted EPS": 0.24,
        "Total Revenue": 186,
        "Gross Profit": 93,
        "Operating Income": 76,
        "EBIT": 82,
        "Net Income": 41
    },
    "2017-03-31": {
        "Diluted EPS": 0.26,
        "Total Revenue": 163,
        "Gross Profit": 73,
        "Operating Income": 68,
        "EBIT": 73,
        "Net Income": 42
    },
    "2016-12-31": {
        "Diluted EPS": 0.18,
        "Total Revenue": 165,
        "Gross Profit": 71,
        "Operating Income": 55,
        "EBIT": 62,
        "Net Income": 30
    },
    "2016-09-30": {
        "Diluted EPS": 0.06,
        "Total Revenue": 104,
        "Gross Profit": 35,
        "Operating Income": 23,
        "EBIT": 27,
        "Net Income": 10
    },
    "2016-06-30": {
        "Diluted EPS": 0.16,
        "Total Revenue": 133,
        "Gross Profit": 63,
        "Operating Income": 51,
        "EBIT": 55,
        "Net Income": 26
    },
    "2016-03-31": {
        "Diluted EPS": -0.02,
        "Total Revenue": 99,
        "Gross Profit": 32,
        "Operating Income": 22,
        "EBIT": 26,
        "Net Income": -4
    },
    "2015-12-31": {
        "Diluted EPS": -0.14,
        "Total Revenue": 193,
        "Gross Profit": 103,
        "Operating Income": 91,
        "EBIT": 99,
        "Net Income": -22
    },
    "2015-09-30": {
        "Diluted EPS": -0.12,
        "Total Revenue": 96,
        "Gross Profit": 32,
        "Operating Income": -13,
        "EBIT": -7,
        "Net Income": -19
    },
    "2015-06-30": {
        "Diluted EPS": 0.08,
        "Total Revenue": 110,
        "Gross Profit": 38,
        "Operating Income": 26,
        "EBIT": 33,
        "Net Income": 13
    },
    "2015-03-31": {
        "Diluted EPS": 0.03,
        "Total Revenue": 108,
        "Gross Profit": 34,
        "Operating Income": 18,
        "EBIT": 25,
        "Net Income": 5
    },
    "2014-12-31": {
        "Diluted EPS": 0.02,
        "Total Revenue": 133,
        "Gross Profit": 45,
        "Operating Income": 17,
        "EBIT": 25,
        "Net Income": 3
    },
    "2014-09-30": {
        "Diluted EPS": 0.03,
        "Total Revenue": 116,
        "Gross Profit": 44,
        "Operating Income": 24,
        "EBIT": 31,
        "Net Income": 5
    },
    "2014-06-30": {
        "Diluted EPS": 0.09,
        "Total Revenue": 120,
        "Gross Profit": 47,
        "Operating Income": 30,
        "EBIT": 37,
        "Net Income": 14
    },
    "2014-03-31": {
        "Diluted EPS": -0.07,
        "Total Revenue": 165,
        "Gross Profit": 81,
        "Operating Income": 46,
        "EBIT": 55,
        "Net Income": -10
    },
    "2013-12-31": {
        "Diluted EPS": 0.07,
        "Total Revenue": 187,
        "Gross Profit": 96,
        "Operating Income": 129,
        "EBIT": 141,
        "Net Income": 11
    },
    "2013-09-30": {
        "Diluted EPS": -0.05,
        "Total Revenue": 99,
        "Gross Profit": 31,
        "Operating Income": 15,
        "EBIT": 25,
        "Net Income": -8
    },
    "2013-06-30": {
        "Diluted EPS": -0.02,
        "Total Revenue": 87,
        "Gross Profit": 30,
        "Operating Income": 14,
        "EBIT": 26,
        "Net Income": -4
    },
    "2013-03-31": {
        "Diluted EPS": 0.14,
        "Total Revenue": 165,
        "Gross Profit": 87,
        "Operating Income": -18,
        "EBIT": -6,
        "Net Income": 23
    },
    "2012-12-31": {
        "Diluted EPS": 0.13,
        "Total Revenue": 176,
        "Gross Profit": 97,
        "Operating Income": 52,
        "EBIT": 66,
        "Net Income": 21
    },
    "2012-09-30": {
        "Diluted EPS": 0.05,
        "Total Revenue": 113,
        "Gross Profit": 51,
        "Operating Income": 30,
        "EBIT": 42,
        "Net Income": 8
    },
    "2012-06-30": {
        "Diluted EPS": 0.03,
        "Total Revenue": 118,
        "Gross Profit": 38,
        "Operating Income": 20,
        "EBIT": 33,
        "Net Income": 5
    },
    "2012-03-31": {
        "Diluted EPS": 0.12,
        "Total Revenue": 149,
        "Gross Profit": 71,
        "Operating Income": 41,
        "EBIT": 54,
        "Net Income": 18
    },
    "2011-12-31": {
        "Diluted EPS": 0.12,
        "Total Revenue": NaN,
        "Gross Profit": NaN,
        "Operating Income": NaN,
        "EBIT": NaN,
        "Net Income": 19
    },
    "2011-09-30": {
        "Diluted EPS": 0.02,
        "Total Revenue": 84,
        "Gross Profit": 50,
        "Operating Income": 24,
        "EBIT": 37,
        "Net Income": 2
    },
    "2011-06-30": {
        "Diluted EPS": 0.06,
        "Total Revenue": 90,
        "Gross Profit": 38,
        "Operating Income": 21,
        "EBIT": 35,
        "Net Income": 9
    },
    "2011-03-31": {
        "Diluted EPS": 0.13,
        "Total Revenue": 133,
        "Gross Profit": 73,
        "Operating Income": 47,
        "EBIT": 60,
        "Net Income": 20
    },
    "2010-12-31": {
        "Diluted EPS": 0.02,
        "Total Revenue": 110,
        "Gross Profit": 40,
        "Operating Income": -2,
        "EBIT": 12,
        "Net Income": 3
    },
    "2010-09-30": {
        "Diluted EPS": 0.06,
        "Total Revenue": 90,
        "Gross Profit": 42,
        "Operating Income": 29,
        "EBIT": 43,
        "Net Income": 10
    },
    "2010-06-30": {
        "Diluted EPS": -0.04,
        "Total Revenue": 99,
        "Gross Profit": 58,
        "Operating Income": 20,
        "EBIT": 34,
        "Net Income": -6
    },
    "2010-03-31": {
        "Diluted EPS": 0.12,
        "Total Revenue": 125,
        "Gross Profit": 64,
        "Operating Income": 46,
        "EBIT": 59,
        "Net Income": 19
    },
    "2009-12-31": {
        "Diluted EPS": 0.22,
        "Total Revenue": 156,
        "Gross Profit": 94,
        "Operating Income": 71,
        "EBIT": 86,
        "Net Income": 36
    },
    "2009-09-30": {
        "Diluted EPS": 0.0,
        "Total Revenue": 88,
        "Gross Profit": 38,
        "Operating Income": 27,
        "EBIT": 40,
        "Net Income": 7
    },
    "2009-06-30": {
        "Diluted EPS": 0.0,
        "Total Revenue": 91,
        "Gross Profit": 39,
        "Operating Income": 28,
        "EBIT": 42,
        "Net Income": 7
    },
    "2009-03-31": {
        "Diluted EPS": 0.0,
        "Total Revenue": 93,
        "Gross Profit": 38,
        "Operating Income": 23,
        "EBIT": 37,
        "Net Income": -3
    },
    "2023-06-30": {
        "Tax Effect Of Unusual Items": NaN,
        "Tax Rate For Calcs": NaN,
        "Normalized EBITDA": NaN,
        "Total Unusual Items": NaN,
        "Total Unusual Items Excluding Goodwill": NaN,
        "Net Income From Continuing Operation Net Minority Interest": NaN,
        "Reconciled Depreciation": NaN,
        "Reconciled Cost Of Revenue": NaN,
        "EBITDA": NaN,
        "EBIT": NaN,
        "Net Interest Income": NaN,
        "Interest Expense": NaN,
        "Interest Income": NaN,
        "Normalized Income": NaN,
        "Net Income From Continuing And Discontinued Operation": NaN,
        "Total Expenses": NaN,
        "Rent Expense Supplemental": NaN,
        "Total Operating Income As Reported": NaN,
        "Diluted Average Shares": 150552212.0,
        "Basic Average Shares": 150552212.0,
        "Diluted EPS": 298.7,
        "Basic EPS": 298.7,
        "Diluted NI Availto Com Stockholders": NaN,
        "Net Income Common Stockholders": NaN,
        "Net Income": NaN,
        "Minority Interests": -367000.0,
        "Net Income Including Noncontrolling Interests": NaN,
        "Net Income Continuous Operations": NaN,
        "Tax Provision": NaN,
        "Pretax Income": NaN,
        "Other Income Expense": NaN,
        "Other Non Operating Income Expenses": NaN,
        "Special Income Charges": 0.0,
        "Gain On Sale Of Ppe": 0.0,
        "Other Special Charges": NaN,
        "Earnings From Equity Interest": NaN,
        "Gain On Sale Of Security": NaN,
        "Net Non Operating Interest Income Expense": NaN,
        "Total Other Finance Cost": NaN,
        "Interest Expense Non Operating": NaN,
        "Interest Income Non Operating": NaN,
        "Operating Income": NaN,
        "Operating Expense": NaN,
        "Other Operating Expenses": NaN,
        "Other Taxes": 0.0,
        "Depreciation Amortization Depletion Income Statement": NaN,
        "Depreciation And Amortization In Income Statement": NaN,
        "Depreciation Income Statement": NaN,
        "Selling General And Administration": NaN,
        "Selling And Marketing Expense": 13262194000.0,
        "General And Administrative Expense": NaN,
        "Other Gand A": NaN,
        "Insurance And Claims": NaN,
        "Rent And Landing Fees": NaN,
        "Salaries And Wages": NaN,
        "Gross Profit": NaN,
        "Cost Of Revenue": NaN,
        "Total Revenue": NaN,
        "Operating Revenue": NaN
    },
    "2023-09-30": {
        "Tax Effect Of Unusual Items": NaN,
        "Tax Rate For Calcs": NaN,
        "Normalized EBITDA": NaN,
        "Total Unusual Items": NaN,
        "Total Unusual Items Excluding Goodwill": NaN,
        "Net Income From Continuing Operation Net Minority Interest": NaN,
        "Reconciled Depreciation": NaN,
        "Reconciled Cost Of Revenue": NaN,
        "EBITDA": NaN,
        "EBIT": NaN,
        "Net Interest Income": NaN,
        "Interest Expense": NaN,
        "Interest Income": NaN,
        "Normalized Income": NaN,
        "Net Income From Continuing And Discontinued Operation": NaN,
        "Total Expenses": NaN,
        "Rent Expense Supplemental": NaN,
        "Total Operating Income As Reported": NaN,
        "Diluted Average Shares": 150552212.0,
        "Basic Average Shares": 150552212.0,
        "Diluted EPS": 100.15,
        "Basic EPS": 100.15,
        "Diluted NI Availto Com Stockholders": NaN,
        "Net Income Common Stockholders": NaN,
        "Net Income": NaN,
        "Minority Interests": NaN,
        "Net Income Including Noncontrolling Interests": NaN,
        "Net Income Continuous Operations": NaN,
        "Tax Provision": NaN,
        "Pretax Income": NaN,
        "Other Income Expense": NaN,
        "Other Non Operating Income Expenses": NaN,
        "Special Income Charges": 766000.0,
        "Gain On Sale Of Ppe": 0.0,
        "Other Special Charges": -766000.0,
        "Earnings From Equity Interest": NaN,
        "Gain On Sale Of Security": NaN,
        "Net Non Operating Interest Income Expense": NaN,
        "Total Other Finance Cost": NaN,
        "Interest Expense Non Operating": NaN,
        "Interest Income Non Operating": NaN,
        "Operating Income": NaN,
        "Operating Expense": NaN,
        "Other Operating Expenses": NaN,
        "Other Taxes": NaN,
        "Depreciation Amortization Depletion Income Statement": NaN,
        "Depreciation And Amortization In Income Statement": NaN,
        "Depreciation Income Statement": NaN,
        "Selling General And Administration": NaN,
        "Selling And Marketing Expense": NaN,
        "General And Administrative Expense": NaN,
        "Other Gand A": NaN,
        "Insurance And Claims": NaN,
        "Rent And Landing Fees": NaN,
        "Salaries And Wages": NaN,
        "Gross Profit": NaN,
        "Cost Of Revenue": NaN,
        "Total Revenue": NaN,
        "Operating Revenue": NaN
    },
    "2023-12-31": {
        "Tax Effect Of Unusual Items": NaN,
        "Tax Rate For Calcs": NaN,
        "Normalized EBITDA": NaN,
        "Total Unusual Items": NaN,
        "Total Unusual Items Excluding Goodwill": NaN,
        "Net Income From Continuing Operation Net Minority Interest": NaN,
        "Reconciled Depreciation": NaN,
        "Reconciled Cost Of Revenue": NaN,
        "EBITDA": NaN,
        "EBIT": NaN,
        "Net Interest Income": NaN,
        "Interest Expense": NaN,
        "Interest Income": NaN,
        "Normalized Income": NaN,
        "Net Income From Continuing And Discontinued Operation": NaN,
        "Total Expenses": NaN,
        "Rent Expense Supplemental": 1297166000.0,
        "Total Operating Income As Reported": NaN,
        "Diluted Average Shares": NaN,
        "Basic Average Shares": NaN,
        "Diluted EPS": NaN,
        "Basic EPS": NaN,
        "Diluted NI Availto Com Stockholders": NaN,
        "Net Income Common Stockholders": NaN,
        "Net Income": NaN,
        "Minority Interests": NaN,
        "Net Income Including Noncontrolling Interests": NaN,
        "Net Income Continuous Operations": NaN,
        "Tax Provision": NaN,
        "Pretax Income": NaN,
        "Other Income Expense": NaN,
        "Other Non Operating Income Expenses": -50048095000.0,
        "Special Income Charges": NaN,
        "Gain On Sale Of Ppe": NaN,
        "Other Special Charges": NaN,
        "Earnings From Equity Interest": NaN,
        "Gain On Sale Of Security": NaN,
        "Net Non Operating Interest Income Expense": NaN,
        "Total Other Finance Cost": NaN,
        "Interest Expense Non Operating": NaN,
        "Interest Income Non Operating": NaN,
        "Operating Income": NaN,
        "Operating Expense": NaN,
        "Other Operating Expenses": NaN,
        "Other Taxes": NaN,
        "Depreciation Amortization Depletion Income Statement": 1447261000.0,
        "Depreciation And Amortization In Income Statement": 1447261000.0,
        "Depreciation Income Statement": 1447261000.0,
        "Selling General And Administration": NaN,
        "Selling And Marketing Expense": NaN,
        "General And Administrative Expense": NaN,
        "Other Gand A": NaN,
        "Insurance And Claims": 75382000.0,
        "Rent And Landing Fees": 19396000.0,
        "Salaries And Wages": 7161448000.0,
        "Gross Profit": NaN,
        "Cost Of Revenue": NaN,
        "Total Revenue": NaN,
        "Operating Revenue": NaN
    },
    "2024-03-31": {
        "Tax Effect Of Unusual Items": NaN,
        "Tax Rate For Calcs": NaN,
        "Normalized EBITDA": NaN,
        "Total Unusual Items": NaN,
        "Total Unusual Items Excluding Goodwill": NaN,
        "Net Income From Continuing Operation Net Minority Interest": NaN,
        "Reconciled Depreciation": NaN,
        "Reconciled Cost Of Revenue": NaN,
        "EBITDA": NaN,
        "EBIT": NaN,
        "Net Interest Income": NaN,
        "Interest Expense": NaN,
        "Interest Income": NaN,
        "Normalized Income": NaN,
        "Net Income From Continuing And Discontinued Operation": NaN,
        "Total Expenses": NaN,
        "Rent Expense Supplemental": 20126000.0,
        "Total Operating Income As Reported": NaN,
        "Diluted Average Shares": NaN,
        "Basic Average Shares": NaN,
        "Diluted EPS": NaN,
        "Basic EPS": NaN,
        "Diluted NI Availto Com Stockholders": NaN,
        "Net Income Common Stockholders": NaN,
        "Net Income": NaN,
        "Minority Interests": NaN,
        "Net Income Including Noncontrolling Interests": NaN,
        "Net Income Continuous Operations": NaN,
        "Tax Provision": NaN,
        "Pretax Income": NaN,
        "Other Income Expense": NaN,
        "Other Non Operating Income Expenses": -12366040000.0,
        "Special Income Charges": NaN,
        "Gain On Sale Of Ppe": NaN,
        "Other Special Charges": NaN,
        "Earnings From Equity Interest": NaN,
        "Gain On Sale Of Security": NaN,
        "Net Non Operating Interest Income Expense": NaN,
        "Total Other Finance Cost": NaN,
        "Interest Expense Non Operating": NaN,
        "Interest Income Non Operating": NaN,
        "Operating Income": NaN,
        "Operating Expense": NaN,
        "Other Operating Expenses": NaN,
        "Other Taxes": NaN,
        "Depreciation Amortization Depletion Income Statement": 834129000.0,
        "Depreciation And Amortization In Income Statement": 834129000.0,
        "Depreciation Income Statement": 834129000.0,
        "Selling General And Administration": NaN,
        "Selling And Marketing Expense": NaN,
        "General And Administrative Expense": NaN,
        "Other Gand A": NaN,
        "Insurance And Claims": 54319000.0,
        "Rent And Landing Fees": 20126000.0,
        "Salaries And Wages": 4305303000.0,
        "Gross Profit": NaN,
        "Cost Of Revenue": NaN,
        "Total Revenue": NaN,
        "Operating Revenue": NaN
    },
    "2024-06-30": {
        "Tax Effect Of Unusual Items": NaN,
        "Tax Rate For Calcs": NaN,
        "Normalized EBITDA": NaN,
        "Total Unusual Items": NaN,
        "Total Unusual Items Excluding Goodwill": NaN,
        "Net Income From Continuing Operation Net Minority Interest": NaN,
        "Reconciled Depreciation": NaN,
        "Reconciled Cost Of Revenue": NaN,
        "EBITDA": NaN,
        "EBIT": NaN,
        "Net Interest Income": NaN,
        "Interest Expense": NaN,
        "Interest Income": NaN,
        "Normalized Income": NaN,
        "Net Income From Continuing And Discontinued Operation": NaN,
        "Total Expenses": NaN,
        "Rent Expense Supplemental": NaN,
        "Total Operating Income As Reported": NaN,
        "Diluted Average Shares": 150552212.0,
        "Basic Average Shares": 150552212.0,
        "Diluted EPS": 795.35,
        "Basic EPS": 795.35,
        "Diluted NI Availto Com Stockholders": NaN,
        "Net Income Common Stockholders": NaN,
        "Net Income": NaN,
        "Minority Interests": NaN,
        "Net Income Including Noncontrolling Interests": NaN,
        "Net Income Continuous Operations": NaN,
        "Tax Provision": NaN,
        "Pretax Income": NaN,
        "Other Income Expense": NaN,
        "Other Non Operating Income Expenses": -11588455000.0,
        "Special Income Charges": -1412929000.0,
        "Gain On Sale Of Ppe": -1418104000.0,
        "Other Special Charges": -5175000.0,
        "Earnings From Equity Interest": NaN,
        "Gain On Sale Of Security": NaN,
        "Net Non Operating Interest Income Expense": NaN,
        "Total Other Finance Cost": NaN,
        "Interest Expense Non Operating": NaN,
        "Interest Income Non Operating": NaN,
        "Operating Income": NaN,
        "Operating Expense": NaN,
        "Other Operating Expenses": NaN,
        "Other Taxes": 757151000.0,
        "Depreciation Amortization Depletion Income Statement": NaN,
        "Depreciation And Amortization In Income Statement": NaN,
        "Depreciation Income Statement": NaN,
        "Selling General And Administration": NaN,
        "Selling And Marketing Expense": NaN,
        "General And Administrative Expense": NaN,
        "Other Gand A": NaN,
        "Insurance And Claims": NaN,
        "Rent And Landing Fees": NaN,
        "Salaries And Wages": NaN,
        "Gross Profit": NaN,
        "Cost Of Revenue": NaN,
        "Total Revenue": NaN,
        "Operating Revenue": NaN
    },
    "2024-09-30": {
        "Tax Effect Of Unusual Items": -7970039428.929513,
        "Tax Rate For Calcs": 0.330727,
        "Normalized EBITDA": 188155143000.0,
        "Total Unusual Items": -24098558000.0,
        "Total Unusual Items Excluding Goodwill": -24098558000.0,
        "Net Income From Continuing Operation Net Minority Interest": 68801833000.0,
        "Reconciled Depreciation": 43510533000.0,
        "Reconciled Cost Of Revenue": 166157944000.0,
        "EBITDA": 164056585000.0,
        "EBIT": 120546052000.0,
        "Net Interest Income": 6130288000.0,
        "Interest Expense": 17745033000.0,
        "Interest Income": 27621660000.0,
        "Normalized Income": 84930351571.07048,
        "Net Income From Continuing And Discontinued Operation": 68801833000.0,
        "Total Expenses": 193663842000.0,
        "Rent Expense Supplemental": NaN,
        "Total Operating Income As Reported": 138459467000.0,
        "Diluted Average Shares": 150552212.0,
        "Basic Average Shares": 150552212.0,
        "Diluted EPS": 457.0,
        "Basic EPS": 457.0,
        "Diluted NI Availto Com Stockholders": 68801833000.0,
        "Net Income Common Stockholders": 68801833000.0,
        "Net Income": 68801833000.0,
        "Minority Interests": -132000.0,
        "Net Income Including Noncontrolling Interests": 68801965000.0,
        "Net Income Continuous Operations": 68801965000.0,
        "Tax Provision": 33999054000.0,
        "Pretax Income": 102801019000.0,
        "Other Income Expense": -41633643000.0,
        "Other Non Operating Income Expenses": -17828394000.0,
        "Special Income Charges": 155093000.0,
        "Gain On Sale Of Ppe": 121084000.0,
        "Other Special Charges": -34009000.0,
        "Earnings From Equity Interest": 293309000.0,
        "Gain On Sale Of Security": -24253651000.0,
        "Net Non Operating Interest Income Expense": 6130288000.0,
        "Total Other Finance Cost": 3746339000.0,
        "Interest Expense Non Operating": 17745033000.0,
        "Interest Income Non Operating": 27621660000.0,
        "Operating Income": 138304374000.0,
        "Operating Expense": 27505898000.0,
        "Other Operating Expenses": -6421925000.0,
        "Other Taxes": 34567000.0,
        "Depreciation Amortization Depletion Income Statement": NaN,
        "Depreciation And Amortization In Income Statement": NaN,
        "Depreciation Income Statement": NaN,
        "Selling General And Administration": 33893256000.0,
        "Selling And Marketing Expense": 19524128000.0,
        "General And Administrative Expense": 14369128000.0,
        "Other Gand A": 14369128000.0,
        "Insurance And Claims": NaN,
        "Rent And Landing Fees": NaN,
        "Salaries And Wages": NaN,
        "Gross Profit": 165810272000.0,
        "Cost Of Revenue": 166157944000.0,
        "Total Revenue": 331968216000.0,
        "Operating Revenue": 331968216000.0
    },
    "2024-12-31": {
        "Tax Effect Of Unusual Items": 40782325572.139755,
        "Tax Rate For Calcs": 0.365309,
        "Normalized EBITDA": 178582213000.0,
        "Total Unusual Items": 111637926000.0,
        "Total Unusual Items Excluding Goodwill": 111637926000.0,
        "Net Income From Continuing Operation Net Minority Interest": 147643810000.0,
        "Reconciled Depreciation": 41221680000.0,
        "Reconciled Cost Of Revenue": 149028998000.0,
        "EBITDA": 290220139000.0,
        "EBIT": 248998459000.0,
        "Net Interest Income": -102070981000.0,
        "Interest Expense": 16375312000.0,
        "Interest Income": -28827501000.0,
        "Normalized Income": 76788209572.13976,
        "Net Income From Continuing And Discontinued Operation": 147643810000.0,
        "Total Expenses": 225636129000.0,
        "Rent Expense Supplemental": 3588393000.0,
        "Total Operating Income As Reported": 225417391000.0,
        "Diluted Average Shares": NaN,
        "Basic Average Shares": NaN,
        "Diluted EPS": NaN,
        "Basic EPS": NaN,
        "Diluted NI Availto Com Stockholders": 147643810000.0,
        "Net Income Common Stockholders": 147643810000.0,
        "Net Income": 147643810000.0,
        "Minority Interests": -36000.0,
        "Net Income Including Noncontrolling Interests": 147643846000.0,
        "Net Income Continuous Operations": 147643846000.0,
        "Tax Provision": 84979301000.0,
        "Pretax Income": 232623147000.0,
        "Other Income Expense": 148794529000.0,
        "Other Non Operating Income Expenses": NaN,
        "Special Income Charges": 39942427000.0,
        "Gain On Sale Of Ppe": -804520000.0,
        "Other Special Charges": -1121588000.0,
        "Earnings From Equity Interest": 113960000.0,
        "Gain On Sale Of Security": 71695499000.0,
        "Net Non Operating Interest Income Expense": -102070981000.0,
        "Total Other Finance Cost": 56868168000.0,
        "Interest Expense Non Operating": 16375312000.0,
        "Interest Income Non Operating": -28827501000.0,
        "Operating Income": 185899599000.0,
        "Operating Expense": 36526464000.0,
        "Other Operating Expenses": -4113703000.0,
        "Other Taxes": 23173812000.0,
        "Depreciation Amortization Depletion Income Statement": 1141013000.0,
        "Depreciation And Amortization In Income Statement": 1141013000.0,
        "Depreciation Income Statement": 1141013000.0,
        "Selling General And Administration": 15748066000.0,
        "Selling And Marketing Expense": 663489000.0,
        "General And Administrative Expense": 15084577000.0,
        "Other Gand A": 6079978000.0,
        "Insurance And Claims": -117711000.0,
        "Rent And Landing Fees": 34891000.0,
        "Salaries And Wages": 9087419000.0,
        "Gross Profit": 222426063000.0,
        "Cost Of Revenue": 189109665000.0,
        "Total Revenue": 411535728000.0,
        "Operating Revenue": 411535728000.0
    },
    "2025-03-31": {
        "Tax Effect Of Unusual Items": 14634855983.37283,
        "Tax Rate For Calcs": 0.318765,
        "Normalized EBITDA": 166587904000.0,
        "Total Unusual Items": 45911175000.0,
        "Total Unusual Items Excluding Goodwill": 45911175000.0,
        "Net Income From Continuing Operation Net Minority Interest": 107351449000.0,
        "Reconciled Depreciation": 40249292000.0,
        "Reconciled Cost Of Revenue": 97639132000.0,
        "EBITDA": 212499079000.0,
        "EBIT": 172249787000.0,
        "Net Interest Income": -10507159000.0,
        "Interest Expense": 14666330000.0,
        "Interest Income": 6586976000.0,
        "Normalized Income": 76075129983.37283,
        "Net Income From Continuing And Discontinued Operation": 107351449000.0,
        "Total Expenses": 179795301000.0,
        "Rent Expense Supplemental": 19860000.0,
        "Total Operating Income As Reported": 141089466000.0,
        "Diluted Average Shares": 150552212.0,
        "Basic Average Shares": 150552212.0,
        "Diluted EPS": 713.05,
        "Basic EPS": 713.05,
        "Diluted NI Availto Com Stockholders": 107351449000.0,
        "Net Income Common Stockholders": 107351449000.0,
        "Net Income": 107351449000.0,
        "Minority Interests": 15000.0,
        "Net Income Including Noncontrolling Interests": 107351434000.0,
        "Net Income Continuous Operations": 107351434000.0,
        "Tax Provision": 50232023000.0,
        "Pretax Income": 157583457000.0,
        "Other Income Expense": 26895009000.0,
        "Other Non Operating Income Expenses": -19084382000.0,
        "Special Income Charges": NaN,
        "Gain On Sale Of Ppe": NaN,
        "Other Special Charges": NaN,
        "Earnings From Equity Interest": 68216000.0,
        "Gain On Sale Of Security": 45911175000.0,
        "Net Non Operating Interest Income Expense": -10507159000.0,
        "Total Other Finance Cost": 2427805000.0,
        "Interest Expense Non Operating": 14666330000.0,
        "Interest Income Non Operating": 6586976000.0,
        "Operating Income": 141195607000.0,
        "Operating Expense": 42909990000.0,
        "Other Operating Expenses": 12175896000.0,
        "Other Taxes": 17389454000.0,
        "Depreciation Amortization Depletion Income Statement": 1003113000.0,
        "Depreciation And Amortization In Income Statement": 1003113000.0,
        "Depreciation Income Statement": 1003113000.0,
        "Selling General And Administration": 12073300000.0,
        "Selling And Marketing Expense": 642796000.0,
        "General And Administrative Expense": 11430504000.0,
        "Other Gand A": 4700906000.0,
        "Insurance And Claims": 34428000.0,
        "Rent And Landing Fees": 19860000.0,
        "Salaries And Wages": 6675310000.0,
        "Gross Profit": 184105597000.0,
        "Cost Of Revenue": 136885311000.0,
        "Total Revenue": 320990908000.0,
        "Operating Revenue": 320990908000.0
    },
    "2025-06-30": {
        "Tax Effect Of Unusual Items": -12778171301.656698,
        "Tax Rate For Calcs": 0.364948,
        "Normalized EBITDA": 162292829000.0,
        "Total Unusual Items": -35013699000.0,
        "Total Unusual Items Excluding Goodwill": -35013699000.0,
        "Net Income From Continuing Operation Net Minority Interest": 40277799000.0,
        "Reconciled Depreciation": 46895855000.0,
        "Reconciled Cost Of Revenue": 164627245000.0,
        "EBITDA": 127279130000.0,
        "EBIT": 80383275000.0,
        "Net Interest Income": -23652344000.0,
        "Interest Expense": 16958766000.0,
        "Interest Income": 7833471000.0,
        "Normalized Income": 62513326698.3433,
        "Net Income From Continuing And Discontinued Operation": 40277799000.0,
        "Total Expenses": 221171982000.0,
        "Rent Expense Supplemental": NaN,
        "Total Operating Income As Reported": 122574640000.0,
        "Diluted Average Shares": 150552212.0,
        "Basic Average Shares": 150552212.0,
        "Diluted EPS": 267.55,
        "Basic EPS": 267.55,
        "Diluted NI Availto Com Stockholders": 40277799000.0,
        "Net Income Common Stockholders": 40277799000.0,
        "Net Income": 40277799000.0,
        "Minority Interests": -77000.0,
        "Net Income Including Noncontrolling Interests": 40277876000.0,
        "Net Income Continuous Operations": 40277876000.0,
        "Tax Provision": 23146633000.0,
        "Pretax Income": 63424509000.0,
        "Other Income Expense": -34763640000.0,
        "Other Non Operating Income Expenses": NaN,
        "Special Income Charges": 734147000.0,
        "Gain On Sale Of Ppe": 19756000.0,
        "Other Special Charges": -714391000.0,
        "Earnings From Equity Interest": 250059000.0,
        "Gain On Sale Of Security": -35747846000.0,
        "Net Non Operating Interest Income Expense": -23652344000.0,
        "Total Other Finance Cost": 14527049000.0,
        "Interest Expense Non Operating": 16958766000.0,
        "Interest Income Non Operating": 7833471000.0,
        "Operating Income": 121840493000.0,
        "Operating Expense": 56544737000.0,
        "Other Operating Expenses": 14091674000.0,
        "Other Taxes": NaN,
        "Depreciation Amortization Depletion Income Statement": NaN,
        "Depreciation And Amortization In Income Statement": NaN,
        "Depreciation Income Statement": NaN,
        "Selling General And Administration": 42453063000.0,
        "Selling And Marketing Expense": 29698261000.0,
        "General And Administrative Expense": 12754802000.0,
        "Other Gand A": 12754802000.0,
        "Insurance And Claims": NaN,
        "Rent And Landing Fees": NaN,
        "Salaries And Wages": NaN,
        "Gross Profit": 178385230000.0,
        "Cost Of Revenue": 164627245000.0,
        "Total Revenue": 343012475000.0,
        "Operating Revenue": 343012475000.0
    },
    "2025-09-30": {
        "Tax Effect Of Unusual Items": 3266652439.031782,
        "Tax Rate For Calcs": 0.332675,
        "Normalized EBITDA": 230500423000.0,
        "Total Unusual Items": 9819355000.0,
        "Total Unusual Items Excluding Goodwill": 9819355000.0,
        "Net Income From Continuing Operation Net Minority Interest": 112058374000.0,
        "Reconciled Depreciation": 52117548000.0,
        "Reconciled Cost Of Revenue": 204119562000.0,
        "EBITDA": 240319778000.0,
        "EBIT": 188202230000.0,
        "Net Interest Income": -16505020000.0,
        "Interest Expense": 20280314000.0,
        "Interest Income": 6274176000.0,
        "Normalized Income": 105505671439.03178,
        "Net Income From Continuing And Discontinued Operation": 112058374000.0,
        "Total Expenses": 240468097000.0,
        "Rent Expense Supplemental": NaN,
        "Total Operating Income As Reported": 172026432000.0,
        "Diluted Average Shares": 150552212.0,
        "Basic Average Shares": 150552212.0,
        "Diluted EPS": 744.3,
        "Basic EPS": 744.3,
        "Diluted NI Availto Com Stockholders": 112058374000.0,
        "Net Income Common Stockholders": 112058374000.0,
        "Net Income": 112058374000.0,
        "Minority Interests": -144000.0,
        "Net Income Including Noncontrolling Interests": 112058518000.0,
        "Net Income Continuous Operations": 112058518000.0,
        "Tax Provision": 55863398000.0,
        "Pretax Income": 167921916000.0,
        "Other Income Expense": 3478209000.0,
        "Other Non Operating Income Expenses": -7101864000.0,
        "Special Income Charges": -8922295000.0,
        "Gain On Sale Of Ppe": 27000.0,
        "Other Special Charges": 8922322000.0,
        "Earnings From Equity Interest": 760718000.0,
        "Gain On Sale Of Security": 18741650000.0,
        "Net Non Operating Interest Income Expense": -16505020000.0,
        "Total Other Finance Cost": 2498882000.0,
        "Interest Expense Non Operating": 20280314000.0,
        "Interest Income Non Operating": 6274176000.0,
        "Operating Income": 180948727000.0,
        "Operating Expense": 36348535000.0,
        "Other Operating Expenses": -5153873000.0,
        "Other Taxes": 239000.0,
        "Depreciation Amortization Depletion Income Statement": NaN,
        "Depreciation And Amortization In Income Statement": NaN,
        "Depreciation Income Statement": NaN,
        "Selling General And Administration": 41502169000.0,
        "Selling And Marketing Expense": 25472859000.0,
        "General And Administrative Expense": 16029310000.0,
        "Other Gand A": 16029310000.0,
        "Insurance And Claims": NaN,
        "Rent And Landing Fees": NaN,
        "Salaries And Wages": NaN,
        "Gross Profit": 217297262000.0,
        "Cost Of Revenue": 204119562000.0,
        "Total Revenue": 421416824000.0,
        "Operating Revenue": 421416824000.0
    }
}