{
    "2023-06-30": {
        "Tax Effect Of Unusual Items": NaN,
        "Tax Rate For Calcs": NaN,
        "Normalized EBITDA": NaN,
        "Net Income From Continuing Operation Net Minority Interest": NaN,
        "EBITDA": NaN,
        "EBIT": NaN,
        "Net Interest Income": NaN,
        "Interest Expense": NaN,
        "Interest Income": NaN,
        "Normalized Income": NaN,
        "Net Income From Continuing And Discontinued Operation": NaN,
        "Total Expenses": NaN,
        "Total Operating Income As Reported": NaN,
        "Diluted Average Shares": 44889.0,
        "Basic Average Shares": 44889.0,
        "Diluted EPS": -52.06,
        "Basic EPS": -52.06,
        "Diluted NI Availto Com Stockholders": NaN,
        "Net Income Common Stockholders": NaN,
        "Net Income": NaN,
        "Net Income Including Noncontrolling Interests": NaN,
        "Net Income Continuous Operations": NaN,
        "Pretax Income": NaN,
        "Net Non Operating Interest Income Expense": NaN,
        "Interest Expense Non Operating": NaN,
        "Interest Income Non Operating": NaN,
        "Operating Income": NaN,
        "Operating Expense": NaN,
        "Research And Development": NaN,
        "Selling General And Administration": NaN,
        "General And Administrative Expense": NaN,
        "Other Gand A": NaN,
        "Salaries And Wages": 75927.0,
        "Total Revenue": NaN,
        "Operating Revenue": NaN
    },
    "2023-03-31": {
        "Tax Effect Of Unusual Items": NaN,
        "Tax Rate For Calcs": NaN,
        "Normalized EBITDA": NaN,
        "Net Income From Continuing Operation Net Minority Interest": NaN,
        "EBITDA": NaN,
        "EBIT": NaN,
        "Net Interest Income": NaN,
        "Interest Expense": NaN,
        "Interest Income": NaN,
        "Normalized Income": NaN,
        "Net Income From Continuing And Discontinued Operation": NaN,
        "Total Expenses": NaN,
        "Total Operating Income As Reported": NaN,
        "Diluted Average Shares": 30705.0,
        "Basic Average Shares": 30705.0,
        "Diluted EPS": -87.6,
        "Basic EPS": -87.6,
        "Diluted NI Availto Com Stockholders": NaN,
        "Net Income Common Stockholders": NaN,
        "Net Income": NaN,
        "Net Income Including Noncontrolling Interests": NaN,
        "Net Income Continuous Operations": NaN,
        "Pretax Income": NaN,
        "Net Non Operating Interest Income Expense": NaN,
        "Interest Expense Non Operating": NaN,
        "Interest Income Non Operating": NaN,
        "Operating Income": NaN,
        "Operating Expense": NaN,
        "Research And Development": NaN,
        "Selling General And Administration": NaN,
        "General And Administrative Expense": NaN,
        "Other Gand A": NaN,
        "Salaries And Wages": NaN,
        "Total Revenue": NaN,
        "Operating Revenue": NaN
    },
    "2022-12-31": {
        "Tax Effect Of Unusual Items": 0.0,
        "Tax Rate For Calcs": 0.0,
        "Normalized EBITDA": -1766438.0,
        "Net Income From Continuing Operation Net Minority Interest": -1766438.0,
        "EBITDA": -1766438.0,
        "EBIT": -1766438.0,
        "Net Interest Income": 0.0,
        "Interest Expense": 0.0,
        "Interest Income": NaN,
        "Normalized Income": -1766438.0,
        "Net Income From Continuing And Discontinued Operation": -1766438.0,
        "Total Expenses": 1766438.0,
        "Total Operating Income As Reported": -1766438.0,
        "Diluted Average Shares": NaN,
        "Basic Average Shares": NaN,
        "Diluted EPS": NaN,
        "Basic EPS": NaN,
        "Diluted NI Availto Com Stockholders": -1766438.0,
        "Net Income Common Stockholders": -1766438.0,
        "Net Income": -1766438.0,
        "Net Income Including Noncontrolling Interests": -1766438.0,
        "Net Income Continuous Operations": -1766438.0,
        "Pretax Income": -1766438.0,
        "Net Non Operating Interest Income Expense": 0.0,
        "Interest Expense Non Operating": 0.0,
        "Interest Income Non Operating": NaN,
        "Operating Income": -1766438.0,
        "Operating Expense": 1766438.0,
        "Research And Development": 683205.0,
        "Selling General And Administration": 1083233.0,
        "General And Administrative Expense": 1083233.0,
        "Other Gand A": 1083233.0,
        "Salaries And Wages": NaN,
        "Total Revenue": 0.0,
        "Operating Revenue": 0.0
    },
    "2022-09-30": {
        "Tax Effect Of Unusual Items": NaN,
        "Tax Rate For Calcs": NaN,
        "Normalized EBITDA": NaN,
        "Net Income From Continuing Operation Net Minority Interest": NaN,
        "EBITDA": NaN,
        "EBIT": NaN,
        "Net Interest Income": NaN,
        "Interest Expense": NaN,
        "Interest Income": NaN,
        "Normalized Income": NaN,
        "Net Income From Continuing And Discontinued Operation": NaN,
        "Total Expenses": NaN,
        "Total Operating Income As Reported": NaN,
        "Diluted Average Shares": 461275.0,
        "Basic Average Shares": 461275.0,
        "Diluted EPS": -4.5,
        "Basic EPS": -4.5,
        "Diluted NI Availto Com Stockholders": NaN,
        "Net Income Common Stockholders": NaN,
        "Net Income": NaN,
        "Net Income Including Noncontrolling Interests": NaN,
        "Net Income Continuous Operations": NaN,
        "Pretax Income": NaN,
        "Net Non Operating Interest Income Expense": NaN,
        "Interest Expense Non Operating": NaN,
        "Interest Income Non Operating": NaN,
        "Operating Income": NaN,
        "Operating Expense": NaN,
        "Research And Development": NaN,
        "Selling General And Administration": NaN,
        "General And Administrative Expense": NaN,
        "Other Gand A": NaN,
        "Salaries And Wages": NaN,
        "Total Revenue": NaN,
        "Operating Revenue": NaN
    },
    "2022-06-30": {
        "Tax Effect Of Unusual Items": 0.0,
        "Tax Rate For Calcs": 0.0,
        "Normalized EBITDA": -1636854.0,
        "Net Income From Continuing Operation Net Minority Interest": -1636854.0,
        "EBITDA": -1636854.0,
        "EBIT": -1636854.0,
        "Net Interest Income": 0.0,
        "Interest Expense": 0.0,
        "Interest Income": NaN,
        "Normalized Income": -1636854.0,
        "Net Income From Continuing And Discontinued Operation": -1636854.0,
        "Total Expenses": 1636854.0,
        "Total Operating Income As Reported": -1636854.0,
        "Diluted Average Shares": 11572758.0,
        "Basic Average Shares": 11572758.0,
        "Diluted EPS": -0.14,
        "Basic EPS": -0.14,
        "Diluted NI Availto Com Stockholders": -1636854.0,
        "Net Income Common Stockholders": -1636854.0,
        "Net Income": -1636854.0,
        "Net Income Including Noncontrolling Interests": -1636854.0,
        "Net Income Continuous Operations": -1636854.0,
        "Pretax Income": -1636854.0,
        "Net Non Operating Interest Income Expense": 0.0,
        "Interest Expense Non Operating": 0.0,
        "Interest Income Non Operating": NaN,
        "Operating Income": -1636854.0,
        "Operating Expense": 1636854.0,
        "Research And Development": 455546.0,
        "Selling General And Administration": 1181308.0,
        "General And Administrative Expense": 1181308.0,
        "Other Gand A": 1181308.0,
        "Salaries And Wages": NaN,
        "Total Revenue": 0.0,
        "Operating Revenue": 0.0
    },
    "2023-09-30": {
        "Tax Effect Of Unusual Items": 0.0,
        "Tax Rate For Calcs": 0.0,
        "Normalized EBITDA": -1816619.0,
        "Net Income From Continuing Operation Net Minority Interest": -1820115.0,
        "EBITDA": -1816619.0,
        "EBIT": -1816619.0,
        "Net Interest Income": 24955.0,
        "Interest Expense": 3496.0,
        "Interest Income": 28451.0,
        "Normalized Income": -1820115.0,
        "Net Income From Continuing And Discontinued Operation": -1820115.0,
        "Total Expenses": 1845070.0,
        "Total Operating Income As Reported": -1845070.0,
        "Diluted Average Shares": 46169.0,
        "Basic Average Shares": 46169.0,
        "Diluted EPS": -39.42,
        "Basic EPS": -39.42,
        "Diluted NI Availto Com Stockholders": -1820115.0,
        "Net Income Common Stockholders": -1820115.0,
        "Net Income": -1820115.0,
        "Net Income Including Noncontrolling Interests": -1820115.0,
        "Net Income Continuous Operations": -1820115.0,
        "Pretax Income": -1820115.0,
        "Net Non Operating Interest Income Expense": 24955.0,
        "Interest Expense Non Operating": 3496.0,
        "Interest Income Non Operating": 28451.0,
        "Operating Income": -1845070.0,
        "Operating Expense": 1845070.0,
        "Research And Development": 488177.0,
        "Selling General And Administration": 1356893.0,
        "General And Administrative Expense": 1356893.0,
        "Other Gand A": 1356893.0,
        "Total Revenue": 0.0,
        "Operating Revenue": 0.0
    },
    "2023-12-31": {
        "Tax Effect Of Unusual Items": 0.0,
        "Tax Rate For Calcs": 0.0,
        "Normalized EBITDA": -2473423.0,
        "Net Income From Continuing Operation Net Minority Interest": -2473777.0,
        "EBITDA": -2473423.0,
        "EBIT": -2473423.0,
        "Net Interest Income": 57379.0,
        "Interest Expense": 354.0,
        "Interest Income": 57733.0,
        "Normalized Income": -2473777.0,
        "Net Income From Continuing And Discontinued Operation": -2473777.0,
        "Total Expenses": 2531156.0,
        "Total Operating Income As Reported": -2531156.0,
        "Diluted Average Shares": NaN,
        "Basic Average Shares": NaN,
        "Diluted EPS": NaN,
        "Basic EPS": NaN,
        "Diluted NI Availto Com Stockholders": -2473777.0,
        "Net Income Common Stockholders": -2473777.0,
        "Net Income": -2473777.0,
        "Net Income Including Noncontrolling Interests": -2473777.0,
        "Net Income Continuous Operations": -2473777.0,
        "Pretax Income": -2473777.0,
        "Net Non Operating Interest Income Expense": 57379.0,
        "Interest Expense Non Operating": 354.0,
        "Interest Income Non Operating": 57733.0,
        "Operating Income": -2531156.0,
        "Operating Expense": 2531156.0,
        "Research And Development": 992725.0,
        "Selling General And Administration": 1538431.0,
        "General And Administrative Expense": 1538431.0,
        "Other Gand A": 1538431.0,
        "Total Revenue": 0.0,
        "Operating Revenue": 0.0
    },
    "2024-03-31": {
        "Tax Effect Of Unusual Items": 0.0,
        "Tax Rate For Calcs": 0.0,
        "Normalized EBITDA": -2251409.0,
        "Net Income From Continuing Operation Net Minority Interest": -2256109.0,
        "EBITDA": -2251409.0,
        "EBIT": -2251409.0,
        "Net Interest Income": 91194.0,
        "Interest Expense": 4700.0,
        "Interest Income": 95894.0,
        "Normalized Income": -2256109.0,
        "Net Income From Continuing And Discontinued Operation": -2256109.0,
        "Total Expenses": 2347303.0,
        "Total Operating Income As Reported": -2347303.0,
        "Diluted Average Shares": 783853.0,
        "Basic Average Shares": 783853.0,
        "Diluted EPS": -2.85,
        "Basic EPS": -2.85,
        "Diluted NI Availto Com Stockholders": -2256109.0,
        "Net Income Common Stockholders": -2256109.0,
        "Net Income": -2256109.0,
        "Net Income Including Noncontrolling Interests": -2256109.0,
        "Net Income Continuous Operations": -2256109.0,
        "Pretax Income": -2256109.0,
        "Net Non Operating Interest Income Expense": 91194.0,
        "Interest Expense Non Operating": 4700.0,
        "Interest Income Non Operating": 95894.0,
        "Operating Income": -2347303.0,
        "Operating Expense": 2347303.0,
        "Research And Development": 1025258.0,
        "Selling General And Administration": 1322045.0,
        "General And Administrative Expense": 1322045.0,
        "Other Gand A": 1322045.0,
        "Total Revenue": 0.0,
        "Operating Revenue": 0.0
    },
    "2024-06-30": {
        "Tax Effect Of Unusual Items": 0.0,
        "Tax Rate For Calcs": 0.0,
        "Normalized EBITDA": -2319840.0,
        "Net Income From Continuing Operation Net Minority Interest": -2325057.0,
        "EBITDA": -2319840.0,
        "EBIT": -2319840.0,
        "Net Interest Income": 48397.0,
        "Interest Expense": 5217.0,
        "Interest Income": 53614.0,
        "Normalized Income": -2325057.0,
        "Net Income From Continuing And Discontinued Operation": -2325057.0,
        "Total Expenses": 2373454.0,
        "Total Operating Income As Reported": -2373454.0,
        "Diluted Average Shares": 962149.0,
        "Basic Average Shares": 962149.0,
        "Diluted EPS": -2.42,
        "Basic EPS": -2.42,
        "Diluted NI Availto Com Stockholders": -2325057.0,
        "Net Income Common Stockholders": -2325057.0,
        "Net Income": -2325057.0,
        "Net Income Including Noncontrolling Interests": -2325057.0,
        "Net Income Continuous Operations": -2325057.0,
        "Pretax Income": -2325057.0,
        "Net Non Operating Interest Income Expense": 48397.0,
        "Interest Expense Non Operating": 5217.0,
        "Interest Income Non Operating": 53614.0,
        "Operating Income": -2373454.0,
        "Operating Expense": 2373454.0,
        "Research And Development": 999553.0,
        "Selling General And Administration": 1373901.0,
        "General And Administrative Expense": 1373901.0,
        "Other Gand A": 1373901.0,
        "Total Revenue": 0.0,
        "Operating Revenue": 0.0
    },
    "2024-09-30": {
        "Tax Effect Of Unusual Items": 0.0,
        "Tax Rate For Calcs": 0.0,
        "Normalized EBITDA": -3792843.0,
        "Net Income From Continuing Operation Net Minority Interest": -3795852.0,
        "EBITDA": -3792843.0,
        "EBIT": -3792843.0,
        "Net Interest Income": 69719.0,
        "Interest Expense": 3009.0,
        "Interest Income": 72728.0,
        "Normalized Income": -3795852.0,
        "Net Income From Continuing And Discontinued Operation": -3795852.0,
        "Total Expenses": 3865571.0,
        "Total Operating Income As Reported": -3865571.0,
        "Diluted Average Shares": 1547324.0,
        "Basic Average Shares": 1547324.0,
        "Diluted EPS": -2.45,
        "Basic EPS": -2.45,
        "Diluted NI Availto Com Stockholders": -3795852.0,
        "Net Income Common Stockholders": -3795852.0,
        "Net Income": -3795852.0,
        "Net Income Including Noncontrolling Interests": -3795852.0,
        "Net Income Continuous Operations": -3795852.0,
        "Pretax Income": -3795852.0,
        "Net Non Operating Interest Income Expense": 69719.0,
        "Interest Expense Non Operating": 3009.0,
        "Interest Income Non Operating": 72728.0,
        "Operating Income": -3865571.0,
        "Operating Expense": 3865571.0,
        "Research And Development": 2281827.0,
        "Selling General And Administration": 1583744.0,
        "General And Administrative Expense": 1583744.0,
        "Other Gand A": 1583744.0,
        "Total Revenue": 0.0,
        "Operating Revenue": 0.0
    }
}