{
    "2023-04-30": {
        "Tax Effect Of Unusual Items": NaN,
        "Tax Rate For Calcs": NaN,
        "Normalized EBITDA": NaN,
        "Net Income From Continuing Operation Net Minority Interest": NaN,
        "Reconciled Depreciation": NaN,
        "Reconciled Cost Of Revenue": NaN,
        "EBITDA": NaN,
        "EBIT": NaN,
        "Net Interest Income": NaN,
        "Interest Expense": NaN,
        "Normalized Income": NaN,
        "Net Income From Continuing And Discontinued Operation": NaN,
        "Total Expenses": NaN,
        "Diluted Average Shares": 53820400.0,
        "Basic Average Shares": 53425379.0,
        "Diluted EPS": 2.24,
        "Basic EPS": 2.26,
        "Diluted NI Availto Com Stockholders": NaN,
        "Net Income Common Stockholders": NaN,
        "Net Income": NaN,
        "Minority Interests": NaN,
        "Net Income Including Noncontrolling Interests": NaN,
        "Net Income Continuous Operations": NaN,
        "Tax Provision": NaN,
        "Pretax Income": NaN,
        "Other Income Expense": NaN,
        "Other Non Operating Income Expenses": NaN,
        "Net Non Operating Interest Income Expense": NaN,
        "Interest Expense Non Operating": NaN,
        "Operating Income": NaN,
        "Operating Expense": NaN,
        "Depreciation Amortization Depletion Income Statement": NaN,
        "Depreciation And Amortization In Income Statement": NaN,
        "Amortization": NaN,
        "Amortization Of Intangibles Income Statement": NaN,
        "Selling General And Administration": NaN,
        "Gross Profit": NaN,
        "Cost Of Revenue": NaN,
        "Total Revenue": NaN,
        "Operating Revenue": NaN
    },
    "2023-01-31": {
        "Tax Effect Of Unusual Items": NaN,
        "Tax Rate For Calcs": NaN,
        "Normalized EBITDA": NaN,
        "Net Income From Continuing Operation Net Minority Interest": NaN,
        "Reconciled Depreciation": NaN,
        "Reconciled Cost Of Revenue": NaN,
        "EBITDA": NaN,
        "EBIT": NaN,
        "Net Interest Income": NaN,
        "Interest Expense": NaN,
        "Normalized Income": NaN,
        "Net Income From Continuing And Discontinued Operation": NaN,
        "Total Expenses": NaN,
        "Diluted Average Shares": 53810910.0,
        "Basic Average Shares": 53518878.0,
        "Diluted EPS": 0.5,
        "Basic EPS": 0.51,
        "Diluted NI Availto Com Stockholders": NaN,
        "Net Income Common Stockholders": NaN,
        "Net Income": NaN,
        "Minority Interests": NaN,
        "Net Income Including Noncontrolling Interests": NaN,
        "Net Income Continuous Operations": NaN,
        "Tax Provision": NaN,
        "Pretax Income": NaN,
        "Other Income Expense": NaN,
        "Other Non Operating Income Expenses": NaN,
        "Net Non Operating Interest Income Expense": NaN,
        "Total Other Finance Cost": 25633000.0,
        "Interest Expense Non Operating": NaN,
        "Operating Income": NaN,
        "Operating Expense": NaN,
        "Depreciation Amortization Depletion Income Statement": NaN,
        "Depreciation And Amortization In Income Statement": NaN,
        "Amortization": NaN,
        "Amortization Of Intangibles Income Statement": NaN,
        "Selling General And Administration": NaN,
        "Gross Profit": NaN,
        "Cost Of Revenue": NaN,
        "Total Revenue": NaN,
        "Operating Revenue": NaN
    },
    "2022-10-31": {
        "Tax Effect Of Unusual Items": NaN,
        "Tax Rate For Calcs": NaN,
        "Normalized EBITDA": NaN,
        "Net Income From Continuing Operation Net Minority Interest": NaN,
        "Reconciled Depreciation": NaN,
        "Reconciled Cost Of Revenue": NaN,
        "EBITDA": NaN,
        "EBIT": NaN,
        "Net Interest Income": NaN,
        "Interest Expense": NaN,
        "Normalized Income": NaN,
        "Net Income From Continuing And Discontinued Operation": NaN,
        "Total Expenses": NaN,
        "Diluted Average Shares": NaN,
        "Basic Average Shares": NaN,
        "Diluted EPS": NaN,
        "Basic EPS": NaN,
        "Diluted NI Availto Com Stockholders": NaN,
        "Net Income Common Stockholders": NaN,
        "Net Income": NaN,
        "Minority Interests": NaN,
        "Net Income Including Noncontrolling Interests": NaN,
        "Net Income Continuous Operations": NaN,
        "Tax Provision": NaN,
        "Pretax Income": NaN,
        "Other Income Expense": NaN,
        "Other Non Operating Income Expenses": NaN,
        "Net Non Operating Interest Income Expense": NaN,
        "Total Other Finance Cost": 22807000.0,
        "Interest Expense Non Operating": NaN,
        "Operating Income": NaN,
        "Operating Expense": NaN,
        "Depreciation Amortization Depletion Income Statement": NaN,
        "Depreciation And Amortization In Income Statement": NaN,
        "Amortization": NaN,
        "Amortization Of Intangibles Income Statement": NaN,
        "Selling General And Administration": NaN,
        "Gross Profit": NaN,
        "Cost Of Revenue": NaN,
        "Total Revenue": NaN,
        "Operating Revenue": NaN
    },
    "2022-07-31": {
        "Tax Effect Of Unusual Items": 0.0,
        "Tax Rate For Calcs": 0.167203,
        "Normalized EBITDA": 396434000.0,
        "Net Income From Continuing Operation Net Minority Interest": 280943000.0,
        "Reconciled Depreciation": 39658000.0,
        "Reconciled Cost Of Revenue": 3153879000.0,
        "EBITDA": 396434000.0,
        "EBIT": 356776000.0,
        "Net Interest Income": -22576000.0,
        "Interest Expense": 22852000.0,
        "Interest Income": 276000.0,
        "Normalized Income": 280943000.0,
        "Net Income From Continuing And Discontinued Operation": 280943000.0,
        "Total Expenses": 3464990000.0,
        "Diluted Average Shares": 54543061.0,
        "Basic Average Shares": 54311598.0,
        "Diluted EPS": 5.15,
        "Basic EPS": 5.17,
        "Diluted NI Availto Com Stockholders": 280943000.0,
        "Net Income Common Stockholders": 280943000.0,
        "Net Income": 280943000.0,
        "Minority Interests": -844000.0,
        "Net Income Including Noncontrolling Interests": 281787000.0,
        "Net Income Continuous Operations": 281787000.0,
        "Tax Provision": 56575000.0,
        "Pretax Income": 338362000.0,
        "Other Income Expense": 4162000.0,
        "Other Non Operating Income Expenses": 4162000.0,
        "Net Non Operating Interest Income Expense": -22576000.0,
        "Total Other Finance Cost": 22576000.0,
        "Interest Expense Non Operating": 22852000.0,
        "Interest Income Non Operating": 276000.0,
        "Operating Income": 356776000.0,
        "Operating Expense": 311111000.0,
        "Depreciation Amortization Depletion Income Statement": 39658000.0,
        "Depreciation And Amortization In Income Statement": 39658000.0,
        "Amortization": 39658000.0,
        "Amortization Of Intangibles Income Statement": 39658000.0,
        "Selling General And Administration": 271453000.0,
        "Gross Profit": 667887000.0,
        "Cost Of Revenue": 3153879000.0,
        "Total Revenue": 3821766000.0,
        "Operating Revenue": 3821766000.0
    },
    "2022-04-30": {
        "Diluted EPS": 6.32,
        "Total Revenue": NaN,
        "Gross Profit": 807,
        "Operating Income": 485,
        "EBIT": 560,
        "Net Income": 348
    },
    "2022-01-31": {
        "Diluted EPS": 4.79,
        "Total Revenue": NaN,
        "Gross Profit": 675,
        "Operating Income": 364,
        "EBIT": 444,
        "Net Income": 267
    },
    "2021-10-31": {
        "Diluted EPS": 4.34,
        "Total Revenue": NaN,
        "Gross Profit": 655,
        "Operating Income": 326,
        "EBIT": 394,
        "Net Income": 242
    },
    "2021-07-31": {
        "Diluted EPS": 4.13,
        "Total Revenue": NaN,
        "Gross Profit": 596,
        "Operating Income": 316,
        "EBIT": 379,
        "Net Income": 230
    },
    "2021-04-30": {
        "Diluted EPS": 3.29,
        "Total Revenue": NaN,
        "Gross Profit": 505,
        "Operating Income": 243,
        "EBIT": 309,
        "Net Income": 183
    },
    "2021-01-31": {
        "Diluted EPS": 2.38,
        "Total Revenue": NaN,
        "Gross Profit": 415,
        "Operating Income": 179,
        "EBIT": 239,
        "Net Income": 133
    },
    "2020-10-31": {
        "Diluted EPS": 2.05,
        "Total Revenue": NaN,
        "Gross Profit": 379,
        "Operating Income": 170,
        "EBIT": 227,
        "Net Income": 114
    },
    "2020-07-31": {
        "Diluted EPS": 2.15,
        "Total Revenue": NaN,
        "Gross Profit": 347,
        "Operating Income": 168,
        "EBIT": 222,
        "Net Income": 119
    },
    "2020-04-30": {
        "Diluted EPS": 0.43,
        "Total Revenue": NaN,
        "Gross Profit": 206,
        "Operating Income": 53,
        "EBIT": 102,
        "Net Income": 24
    },
    "2020-01-31": {
        "Diluted EPS": 0.52,
        "Total Revenue": NaN,
        "Gross Profit": 256,
        "Operating Income": 70,
        "EBIT": 121,
        "Net Income": 29
    },
    "2019-10-31": {
        "Diluted EPS": 0.92,
        "Total Revenue": NaN,
        "Gross Profit": 309,
        "Operating Income": 96,
        "EBIT": 149,
        "Net Income": 51
    },
    "2019-07-31": {
        "Diluted EPS": 1.72,
        "Total Revenue": NaN,
        "Gross Profit": 332,
        "Operating Income": 133,
        "EBIT": 187,
        "Net Income": 92
    },
    "2019-04-30": {
        "Diluted EPS": 0.59,
        "Total Revenue": NaN,
        "Gross Profit": 292,
        "Operating Income": 77,
        "EBIT": 130,
        "Net Income": 33
    },
    "2019-01-31": {
        "Diluted EPS": -0.1,
        "Total Revenue": NaN,
        "Gross Profit": 142,
        "Operating Income": 2,
        "EBIT": 26,
        "Net Income": -5
    },
    "2018-10-31": {
        "Diluted EPS": 0.26,
        "Total Revenue": NaN,
        "Gross Profit": 207,
        "Operating Income": 35,
        "EBIT": 58,
        "Net Income": 14
    },
    "2018-07-31": {
        "Diluted EPS": 1.67,
        "Total Revenue": NaN,
        "Gross Profit": 244,
        "Operating Income": 124,
        "EBIT": 148,
        "Net Income": 88
    },
    "2018-04-30": {
        "Diluted EPS": 2.53,
        "Total Revenue": NaN,
        "Gross Profit": 317,
        "Operating Income": 183,
        "EBIT": 207,
        "Net Income": 134
    },
    "2018-01-31": {
        "Diluted EPS": 1.51,
        "Total Revenue": NaN,
        "Gross Profit": 270,
        "Operating Income": 139,
        "EBIT": 163,
        "Net Income": 80
    },
    "2017-10-31": {
        "Diluted EPS": 2.43,
        "Total Revenue": NaN,
        "Gross Profit": 333,
        "Operating Income": 185,
        "EBIT": 208,
        "Net Income": 128
    },
    "2017-07-31": {
        "Diluted EPS": 2.26,
        "Total Revenue": NaN,
        "Gross Profit": 301,
        "Operating Income": 177,
        "EBIT": 201,
        "Net Income": 119
    },
    "2017-04-30": {
        "Diluted EPS": 2.11,
        "Total Revenue": NaN,
        "Gross Profit": 294,
        "Operating Income": 168,
        "EBIT": 192,
        "Net Income": 111
    },
    "2017-01-31": {
        "Diluted EPS": 1.23,
        "Total Revenue": NaN,
        "Gross Profit": 212,
        "Operating Income": 99,
        "EBIT": 124,
        "Net Income": 65
    },
    "2016-10-31": {
        "Diluted EPS": 1.49,
        "Total Revenue": NaN,
        "Gross Profit": 237,
        "Operating Income": 116,
        "EBIT": 143,
        "Net Income": 79
    },
    "2016-07-31": {
        "Diluted EPS": 1.58,
        "Total Revenue": NaN,
        "Gross Profit": 223,
        "Operating Income": 123,
        "EBIT": 141,
        "Net Income": 83
    },
    "2016-04-30": {
        "Diluted EPS": 1.49,
        "Total Revenue": NaN,
        "Gross Profit": 202,
        "Operating Income": 115,
        "EBIT": 128,
        "Net Income": 79
    },
    "2016-01-31": {
        "Diluted EPS": 0.85,
        "Total Revenue": 975,
        "Gross Profit": 149,
        "Operating Income": 76,
        "EBIT": 87,
        "Net Income": 45
    },
    "2015-10-31": {
        "Diluted EPS": 0.96,
        "Total Revenue": NaN,
        "Gross Profit": 152,
        "Operating Income": 78,
        "EBIT": 89,
        "Net Income": 50
    },
    "2015-07-31": {
        "Diluted EPS": 1.3,
        "Total Revenue": NaN,
        "Gross Profit": 171,
        "Operating Income": 97,
        "EBIT": 107,
        "Net Income": 69
    },
    "2015-04-30": {
        "Diluted EPS": 1.17,
        "Total Revenue": NaN,
        "Gross Profit": 167,
        "Operating Income": 94,
        "EBIT": 101,
        "Net Income": 63
    },
    "2015-01-31": {
        "Diluted EPS": 0.54,
        "Total Revenue": 852,
        "Gross Profit": 102,
        "Operating Income": 44,
        "EBIT": 51,
        "Net Income": 29
    },
    "2014-10-31": {
        "Diluted EPS": 0.73,
        "Total Revenue": 922,
        "Gross Profit": 118,
        "Operating Income": 56,
        "EBIT": 63,
        "Net Income": 39
    },
    "2014-07-31": {
        "Diluted EPS": 1.25,
        "Total Revenue": NaN,
        "Gross Profit": 153,
        "Operating Income": 89,
        "EBIT": 97,
        "Net Income": 67
    },
    "2014-04-30": {
        "Diluted EPS": 1.03,
        "Total Revenue": NaN,
        "Gross Profit": 142,
        "Operating Income": 82,
        "EBIT": 88,
        "Net Income": 55
    },
    "2014-01-31": {
        "Diluted EPS": 0.3,
        "Total Revenue": 635,
        "Gross Profit": 70,
        "Operating Income": 23,
        "EBIT": 30,
        "Net Income": 16
    },
    "2013-10-31": {
        "Diluted EPS": 0.77,
        "Total Revenue": 800,
        "Gross Profit": 105,
        "Operating Income": 54,
        "EBIT": 60,
        "Net Income": 41
    },
    "2013-07-31": {
        "Diluted EPS": 1.11,
        "Total Revenue": 914,
        "Gross Profit": 140,
        "Operating Income": 84,
        "EBIT": 90,
        "Net Income": 58
    },
    "2013-04-30": {
        "Diluted EPS": 0.82,
        "Total Revenue": 930,
        "Gross Profit": 125,
        "Operating Income": 69,
        "EBIT": 76,
        "Net Income": 44
    },
    "2013-01-31": {
        "Diluted EPS": 0.37,
        "Total Revenue": 637,
        "Gross Profit": 68,
        "Operating Income": 23,
        "EBIT": 30,
        "Net Income": 20
    },
    "2012-10-31": {
        "Diluted EPS": 0.58,
        "Total Revenue": 761,
        "Gross Profit": 92,
        "Operating Income": 43,
        "EBIT": 49,
        "Net Income": 31
    },
    "2012-07-31": {
        "Diluted EPS": 0.82,
        "Total Revenue": 443,
        "Gross Profit": 76,
        "Operating Income": 47,
        "EBIT": 53,
        "Net Income": 44
    },
    "2012-04-30": {
        "Diluted EPS": 0.78,
        "Total Revenue": 926,
        "Gross Profit": 109,
        "Operating Income": 60,
        "EBIT": 66,
        "Net Income": 41
    },
    "2012-01-31": {
        "Diluted EPS": 0.25,
        "Total Revenue": 597,
        "Gross Profit": 59,
        "Operating Income": 20,
        "EBIT": 27,
        "Net Income": 14
    },
    "2011-10-31": {
        "Diluted EPS": 0.41,
        "Total Revenue": 673,
        "Gross Profit": 75,
        "Operating Income": 34,
        "EBIT": 40,
        "Net Income": 22
    },
    "2011-07-31": {
        "Diluted EPS": 0.66,
        "Total Revenue": 355,
        "Gross Profit": 66,
        "Operating Income": 43,
        "EBIT": 49,
        "Net Income": 37
    },
    "2011-04-30": {
        "Diluted EPS": 0.72,
        "Total Revenue": 852,
        "Gross Profit": 108,
        "Operating Income": 54,
        "EBIT": 58,
        "Net Income": 40
    },
    "2011-01-31": {
        "Diluted EPS": 0.1,
        "Total Revenue": 526,
        "Gross Profit": 48,
        "Operating Income": 4,
        "EBIT": 12,
        "Net Income": 6
    },
    "2010-10-31": {
        "Diluted EPS": 0.44,
        "Total Revenue": 607,
        "Gross Profit": 77,
        "Operating Income": 28,
        "EBIT": 33,
        "Net Income": 24
    },
    "2010-07-31": {
        "Diluted EPS": 0.77,
        "Total Revenue": 664,
        "Gross Profit": 95,
        "Operating Income": 56,
        "EBIT": 59,
        "Net Income": 41
    },
    "2010-04-30": {
        "Diluted EPS": 0.66,
        "Total Revenue": 680,
        "Gross Profit": 92,
        "Operating Income": 49,
        "EBIT": 52,
        "Net Income": 34
    },
    "2010-01-31": {
        "Diluted EPS": 0.22,
        "Total Revenue": 430,
        "Gross Profit": 50,
        "Operating Income": 19,
        "EBIT": 22,
        "Net Income": 12
    },
    "2009-10-31": {
        "Diluted EPS": 0.42,
        "Total Revenue": 503,
        "Gross Profit": 70,
        "Operating Income": 35,
        "EBIT": 38,
        "Net Income": 23
    },
    "2009-07-31": {
        "Diluted EPS": 0.45,
        "Total Revenue": 441,
        "Gross Profit": 58,
        "Operating Income": 22,
        "EBIT": 15,
        "Net Income": 25
    },
    "2009-04-30": {
        "Diluted EPS": 0.04,
        "Total Revenue": 415,
        "Gross Profit": 46,
        "Operating Income": 12,
        "EBIT": 26,
        "Net Income": 2
    },
    "2009-01-31": {
        "Diluted EPS": -0.27,
        "Total Revenue": 227,
        "Gross Profit": 8,
        "Operating Income": -23,
        "EBIT": -19,
        "Net Income": -15
    },
    "2023-07-31": {
        "Tax Effect Of Unusual Items": 0.0,
        "Tax Rate For Calcs": 0.308014,
        "Normalized EBITDA": 228660000.0,
        "Net Income From Continuing Operation Net Minority Interest": 90287000.0,
        "Reconciled Depreciation": 74102000.0,
        "Reconciled Cost Of Revenue": 2304936000.0,
        "EBITDA": 228660000.0,
        "EBIT": 154558000.0,
        "Net Interest Income": -22645000.0,
        "Interest Expense": 22645000.0,
        "Normalized Income": 90287000.0,
        "Net Income From Continuing And Discontinued Operation": 90287000.0,
        "Total Expenses": 2588681000.0,
        "Diluted Average Shares": NaN,
        "Basic Average Shares": NaN,
        "Diluted EPS": NaN,
        "Basic EPS": NaN,
        "Diluted NI Availto Com Stockholders": 90287000.0,
        "Net Income Common Stockholders": 90287000.0,
        "Net Income": 90287000.0,
        "Minority Interests": -995000.0,
        "Net Income Including Noncontrolling Interests": 91282000.0,
        "Net Income Continuous Operations": 91282000.0,
        "Tax Provision": 40631000.0,
        "Pretax Income": 131913000.0,
        "Other Income Expense": 5173000.0,
        "Other Non Operating Income Expenses": 5173000.0,
        "Net Non Operating Interest Income Expense": -22645000.0,
        "Interest Expense Non Operating": 22645000.0,
        "Operating Income": 149385000.0,
        "Operating Expense": 244920000.0,
        "Depreciation Amortization Depletion Income Statement": 35277000.0,
        "Depreciation And Amortization In Income Statement": 35277000.0,
        "Amortization": 35277000.0,
        "Amortization Of Intangibles Income Statement": 35277000.0,
        "Selling General And Administration": 209643000.0,
        "Gross Profit": 394305000.0,
        "Cost Of Revenue": 2343761000.0,
        "Total Revenue": 2738066000.0,
        "Operating Revenue": 2738066000.0
    },
    "2023-10-31": {
        "Tax Effect Of Unusual Items": NaN,
        "Tax Rate For Calcs": NaN,
        "Normalized EBITDA": NaN,
        "Net Income From Continuing Operation Net Minority Interest": NaN,
        "Reconciled Depreciation": NaN,
        "Reconciled Cost Of Revenue": NaN,
        "EBITDA": NaN,
        "EBIT": NaN,
        "Net Interest Income": NaN,
        "Interest Expense": NaN,
        "Normalized Income": NaN,
        "Net Income From Continuing And Discontinued Operation": NaN,
        "Total Expenses": NaN,
        "Diluted Average Shares": NaN,
        "Basic Average Shares": 53295835.0,
        "Diluted EPS": 0.99,
        "Basic EPS": 1.01,
        "Diluted NI Availto Com Stockholders": NaN,
        "Net Income Common Stockholders": NaN,
        "Net Income": NaN,
        "Minority Interests": NaN,
        "Net Income Including Noncontrolling Interests": NaN,
        "Net Income Continuous Operations": NaN,
        "Tax Provision": NaN,
        "Pretax Income": NaN,
        "Other Income Expense": NaN,
        "Other Non Operating Income Expenses": NaN,
        "Net Non Operating Interest Income Expense": NaN,
        "Interest Expense Non Operating": NaN,
        "Operating Income": NaN,
        "Operating Expense": NaN,
        "Depreciation Amortization Depletion Income Statement": NaN,
        "Depreciation And Amortization In Income Statement": NaN,
        "Amortization": NaN,
        "Amortization Of Intangibles Income Statement": NaN,
        "Selling General And Administration": NaN,
        "Gross Profit": NaN,
        "Cost Of Revenue": NaN,
        "Total Revenue": NaN,
        "Operating Revenue": NaN
    },
    "2024-01-31": {
        "Tax Effect Of Unusual Items": NaN,
        "Tax Rate For Calcs": NaN,
        "Normalized EBITDA": NaN,
        "Net Income From Continuing Operation Net Minority Interest": NaN,
        "Reconciled Depreciation": NaN,
        "Reconciled Cost Of Revenue": NaN,
        "EBITDA": NaN,
        "EBIT": NaN,
        "Net Interest Income": NaN,
        "Interest Expense": NaN,
        "Normalized Income": NaN,
        "Net Income From Continuing And Discontinued Operation": NaN,
        "Total Expenses": NaN,
        "Diluted Average Shares": 53650583.0,
        "Basic Average Shares": 53322504.0,
        "Diluted EPS": 0.13,
        "Basic EPS": 0.14,
        "Diluted NI Availto Com Stockholders": NaN,
        "Net Income Common Stockholders": NaN,
        "Net Income": NaN,
        "Minority Interests": NaN,
        "Net Income Including Noncontrolling Interests": NaN,
        "Net Income Continuous Operations": NaN,
        "Tax Provision": NaN,
        "Pretax Income": NaN,
        "Other Income Expense": NaN,
        "Other Non Operating Income Expenses": NaN,
        "Net Non Operating Interest Income Expense": NaN,
        "Interest Expense Non Operating": NaN,
        "Operating Income": NaN,
        "Operating Expense": NaN,
        "Depreciation Amortization Depletion Income Statement": NaN,
        "Depreciation And Amortization In Income Statement": NaN,
        "Amortization": NaN,
        "Amortization Of Intangibles Income Statement": NaN,
        "Selling General And Administration": NaN,
        "Gross Profit": NaN,
        "Cost Of Revenue": NaN,
        "Total Revenue": NaN,
        "Operating Revenue": NaN
    },
    "2024-04-30": {
        "Tax Effect Of Unusual Items": 0.0,
        "Tax Rate For Calcs": 0.202129,
        "Normalized EBITDA": 232331000.0,
        "Net Income From Continuing Operation Net Minority Interest": 114511000.0,
        "Reconciled Depreciation": 68151000.0,
        "Reconciled Cost Of Revenue": 2343426000.0,
        "EBITDA": 232331000.0,
        "EBIT": 164180000.0,
        "Net Interest Income": -21830000.0,
        "Interest Expense": 21830000.0,
        "Normalized Income": 114511000.0,
        "Net Income From Continuing And Discontinued Operation": 114511000.0,
        "Total Expenses": 2638092000.0,
        "Diluted Average Shares": 53722154.0,
        "Basic Average Shares": 53310318.0,
        "Diluted EPS": 2.13,
        "Basic EPS": 2.15,
        "Diluted NI Availto Com Stockholders": 114511000.0,
        "Net Income Common Stockholders": 114511000.0,
        "Net Income": 114511000.0,
        "Minority Interests": 934000.0,
        "Net Income Including Noncontrolling Interests": 113577000.0,
        "Net Income Continuous Operations": 113577000.0,
        "Tax Provision": 28773000.0,
        "Pretax Income": 142350000.0,
        "Other Income Expense": 1159000.0,
        "Other Non Operating Income Expenses": 1159000.0,
        "Net Non Operating Interest Income Expense": -21830000.0,
        "Interest Expense Non Operating": 21830000.0,
        "Operating Income": 163021000.0,
        "Operating Expense": 258831000.0,
        "Depreciation Amortization Depletion Income Statement": 32316000.0,
        "Depreciation And Amortization In Income Statement": 32316000.0,
        "Amortization": 32316000.0,
        "Amortization Of Intangibles Income Statement": 32316000.0,
        "Selling General And Administration": 226515000.0,
        "Gross Profit": 421852000.0,
        "Cost Of Revenue": 2379261000.0,
        "Total Revenue": 2801113000.0,
        "Operating Revenue": 2801113000.0
    },
    "2024-07-31": {
        "Tax Effect Of Unusual Items": 0.0,
        "Tax Rate For Calcs": 0.279913,
        "Normalized EBITDA": 219025000.0,
        "Net Income From Continuing Operation Net Minority Interest": 90015000.0,
        "Reconciled Depreciation": 73597000.0,
        "Reconciled Cost Of Revenue": 2094659000.0,
        "EBITDA": 219025000.0,
        "EBIT": 145428000.0,
        "Net Interest Income": -18410000.0,
        "Interest Expense": 18410000.0,
        "Normalized Income": 90015000.0,
        "Net Income From Continuing And Discontinued Operation": 90015000.0,
        "Total Expenses": 2399251000.0,
        "Diluted Average Shares": NaN,
        "Basic Average Shares": NaN,
        "Diluted EPS": NaN,
        "Basic EPS": NaN,
        "Diluted NI Availto Com Stockholders": 90015000.0,
        "Net Income Common Stockholders": 90015000.0,
        "Net Income": 90015000.0,
        "Minority Interests": -1449000.0,
        "Net Income Including Noncontrolling Interests": 91464000.0,
        "Net Income Continuous Operations": 91464000.0,
        "Tax Provision": 35554000.0,
        "Pretax Income": 127018000.0,
        "Other Income Expense": 10512000.0,
        "Other Non Operating Income Expenses": 10512000.0,
        "Net Non Operating Interest Income Expense": -18410000.0,
        "Interest Expense Non Operating": 18410000.0,
        "Operating Income": 134916000.0,
        "Operating Expense": 266415000.0,
        "Depreciation Amortization Depletion Income Statement": 35420000.0,
        "Depreciation And Amortization In Income Statement": 35420000.0,
        "Amortization": 35420000.0,
        "Amortization Of Intangibles Income Statement": 35420000.0,
        "Selling General And Administration": 230995000.0,
        "Gross Profit": 401331000.0,
        "Cost Of Revenue": 2132836000.0,
        "Total Revenue": 2534167000.0,
        "Operating Revenue": 2534167000.0
    },
    "2024-10-31": {
        "Tax Effect Of Unusual Items": 0.0,
        "Tax Rate For Calcs": 0.245,
        "Normalized EBITDA": 81733000.0,
        "Net Income From Continuing Operation Net Minority Interest": -1832000.0,
        "Reconciled Depreciation": 67661000.0,
        "Reconciled Cost Of Revenue": 1823503000.0,
        "EBITDA": 81733000.0,
        "EBIT": 14072000.0,
        "Net Interest Income": -15228000.0,
        "Interest Expense": 15228000.0,
        "Normalized Income": -1832000.0,
        "Net Income From Continuing And Discontinued Operation": -1832000.0,
        "Total Expenses": 2131361000.0,
        "Diluted Average Shares": 52974603.0,
        "Basic Average Shares": 52974603.0,
        "Diluted EPS": -0.03,
        "Basic EPS": -0.03,
        "Diluted NI Availto Com Stockholders": -1832000.0,
        "Net Income Common Stockholders": -1832000.0,
        "Net Income": -1832000.0,
        "Minority Interests": -959000.0,
        "Net Income Including Noncontrolling Interests": -873000.0,
        "Net Income Continuous Operations": -873000.0,
        "Tax Provision": -283000.0,
        "Pretax Income": -1156000.0,
        "Other Income Expense": 2649000.0,
        "Other Non Operating Income Expenses": 2649000.0,
        "Net Non Operating Interest Income Expense": -15228000.0,
        "Interest Expense Non Operating": 15228000.0,
        "Operating Income": 11423000.0,
        "Operating Expense": 270019000.0,
        "Depreciation Amortization Depletion Income Statement": 29822000.0,
        "Depreciation And Amortization In Income Statement": 29822000.0,
        "Amortization": 29822000.0,
        "Amortization Of Intangibles Income Statement": 29822000.0,
        "Selling General And Administration": 240197000.0,
        "Gross Profit": 281442000.0,
        "Cost Of Revenue": 1861342000.0,
        "Total Revenue": 2142784000.0,
        "Operating Revenue": 2142784000.0
    },
    "2025-01-31": {
        "Tax Effect Of Unusual Items": 0.0,
        "Tax Rate For Calcs": 0.21,
        "Normalized EBITDA": 76344000.0,
        "Net Income From Continuing Operation Net Minority Interest": -551000.0,
        "Reconciled Depreciation": 65994000.0,
        "Reconciled Cost Of Revenue": 1736160000.0,
        "EBITDA": 76344000.0,
        "EBIT": 10350000.0,
        "Net Interest Income": -11950000.0,
        "Interest Expense": 11950000.0,
        "Normalized Income": -551000.0,
        "Net Income From Continuing And Discontinued Operation": -551000.0,
        "Total Expenses": 2008376000.0,
        "Diluted Average Shares": 53208626.0,
        "Basic Average Shares": 53208626.0,
        "Diluted EPS": -0.01,
        "Basic EPS": -0.01,
        "Diluted NI Availto Com Stockholders": -551000.0,
        "Net Income Common Stockholders": -551000.0,
        "Net Income": -551000.0,
        "Minority Interests": 2538000.0,
        "Net Income Including Noncontrolling Interests": -3089000.0,
        "Net Income Continuous Operations": -3089000.0,
        "Tax Provision": 1489000.0,
        "Pretax Income": -1600000.0,
        "Other Income Expense": 619000.0,
        "Other Non Operating Income Expenses": 619000.0,
        "Net Non Operating Interest Income Expense": -11950000.0,
        "Interest Expense Non Operating": 11950000.0,
        "Operating Income": 9731000.0,
        "Operating Expense": 235466000.0,
        "Depreciation Amortization Depletion Income Statement": 29244000.0,
        "Depreciation And Amortization In Income Statement": 29244000.0,
        "Amortization": 29244000.0,
        "Amortization Of Intangibles Income Statement": 29244000.0,
        "Selling General And Administration": 206222000.0,
        "Gross Profit": 245197000.0,
        "Cost Of Revenue": 1772910000.0,
        "Total Revenue": 2018107000.0,
        "Operating Revenue": 2018107000.0
    },
    "2025-04-30": {
        "Tax Effect Of Unusual Items": 0.0,
        "Tax Rate For Calcs": 0.139,
        "Normalized EBITDA": 232958000.0,
        "Net Income From Continuing Operation Net Minority Interest": 135185000.0,
        "Reconciled Depreciation": 66173000.0,
        "Reconciled Cost Of Revenue": 2415128000.0,
        "EBITDA": 232958000.0,
        "EBIT": 166785000.0,
        "Net Interest Income": -11205000.0,
        "Interest Expense": 11205000.0,
        "Normalized Income": 135185000.0,
        "Net Income From Continuing And Discontinued Operation": 135185000.0,
        "Total Expenses": 2719574000.0,
        "Diluted Average Shares": 53433493.0,
        "Basic Average Shares": 53203568.0,
        "Diluted EPS": 2.53,
        "Basic EPS": 2.54,
        "Diluted NI Availto Com Stockholders": 135185000.0,
        "Net Income Common Stockholders": 135185000.0,
        "Net Income": 135185000.0,
        "Minority Interests": 1257000.0,
        "Net Income Including Noncontrolling Interests": 133928000.0,
        "Net Income Continuous Operations": 133928000.0,
        "Tax Provision": 21652000.0,
        "Pretax Income": 155580000.0,
        "Other Income Expense": -8457000.0,
        "Other Non Operating Income Expenses": -8457000.0,
        "Net Non Operating Interest Income Expense": -11205000.0,
        "Interest Expense Non Operating": 11205000.0,
        "Operating Income": 175242000.0,
        "Operating Expense": 267877000.0,
        "Depreciation Amortization Depletion Income Statement": 29604000.0,
        "Depreciation And Amortization In Income Statement": 29604000.0,
        "Amortization": 29604000.0,
        "Amortization Of Intangibles Income Statement": 29604000.0,
        "Selling General And Administration": 238273000.0,
        "Gross Profit": 443119000.0,
        "Cost Of Revenue": 2451697000.0,
        "Total Revenue": 2894816000.0,
        "Operating Revenue": 2894816000.0
    }
}