{
    "2023-03-31": {
        "Tax Effect Of Unusual Items": NaN,
        "Tax Rate For Calcs": NaN,
        "Normalized EBITDA": NaN,
        "Total Unusual Items": NaN,
        "Total Unusual Items Excluding Goodwill": NaN,
        "Net Income From Continuing Operation Net Minority Interest": NaN,
        "Reconciled Depreciation": NaN,
        "Reconciled Cost Of Revenue": NaN,
        "EBITDA": NaN,
        "EBIT": NaN,
        "Net Interest Income": NaN,
        "Interest Expense": NaN,
        "Normalized Income": NaN,
        "Net Income From Continuing And Discontinued Operation": NaN,
        "Total Expenses": NaN,
        "Total Operating Income As Reported": NaN,
        "Diluted Average Shares": NaN,
        "Basic Average Shares": NaN,
        "Diluted EPS": NaN,
        "Basic EPS": NaN,
        "Diluted NI Availto Com Stockholders": NaN,
        "Net Income Common Stockholders": NaN,
        "Net Income": NaN,
        "Net Income Including Noncontrolling Interests": NaN,
        "Net Income Continuous Operations": NaN,
        "Tax Provision": NaN,
        "Pretax Income": NaN,
        "Other Income Expense": NaN,
        "Other Non Operating Income Expenses": NaN,
        "Special Income Charges": NaN,
        "Restructuring And Mergern Acquisition": NaN,
        "Net Non Operating Interest Income Expense": NaN,
        "Interest Expense Non Operating": NaN,
        "Operating Income": NaN,
        "Operating Expense": NaN,
        "Depreciation Amortization Depletion Income Statement": NaN,
        "Depreciation And Amortization In Income Statement": NaN,
        "Amortization": NaN,
        "Amortization Of Intangibles Income Statement": NaN,
        "Selling General And Administration": NaN,
        "Selling And Marketing Expense": NaN,
        "General And Administrative Expense": NaN,
        "Other Gand A": 33957000.0,
        "Salaries And Wages": NaN,
        "Gross Profit": NaN,
        "Cost Of Revenue": NaN,
        "Total Revenue": NaN,
        "Operating Revenue": NaN
    },
    "2022-12-31": {
        "Tax Effect Of Unusual Items": NaN,
        "Tax Rate For Calcs": NaN,
        "Normalized EBITDA": NaN,
        "Total Unusual Items": NaN,
        "Total Unusual Items Excluding Goodwill": NaN,
        "Net Income From Continuing Operation Net Minority Interest": NaN,
        "Reconciled Depreciation": NaN,
        "Reconciled Cost Of Revenue": NaN,
        "EBITDA": NaN,
        "EBIT": NaN,
        "Net Interest Income": NaN,
        "Interest Expense": NaN,
        "Normalized Income": NaN,
        "Net Income From Continuing And Discontinued Operation": NaN,
        "Total Expenses": NaN,
        "Total Operating Income As Reported": NaN,
        "Diluted Average Shares": NaN,
        "Basic Average Shares": NaN,
        "Diluted EPS": NaN,
        "Basic EPS": NaN,
        "Diluted NI Availto Com Stockholders": NaN,
        "Net Income Common Stockholders": NaN,
        "Net Income": NaN,
        "Net Income Including Noncontrolling Interests": NaN,
        "Net Income Continuous Operations": NaN,
        "Tax Provision": NaN,
        "Pretax Income": NaN,
        "Other Income Expense": NaN,
        "Other Non Operating Income Expenses": NaN,
        "Special Income Charges": NaN,
        "Restructuring And Mergern Acquisition": NaN,
        "Net Non Operating Interest Income Expense": NaN,
        "Interest Expense Non Operating": NaN,
        "Operating Income": NaN,
        "Operating Expense": NaN,
        "Depreciation Amortization Depletion Income Statement": NaN,
        "Depreciation And Amortization In Income Statement": NaN,
        "Amortization": NaN,
        "Amortization Of Intangibles Income Statement": NaN,
        "Selling General And Administration": NaN,
        "Selling And Marketing Expense": NaN,
        "General And Administrative Expense": NaN,
        "Other Gand A": 30889000.0,
        "Salaries And Wages": NaN,
        "Gross Profit": NaN,
        "Cost Of Revenue": NaN,
        "Total Revenue": NaN,
        "Operating Revenue": NaN
    },
    "2022-09-30": {
        "Tax Effect Of Unusual Items": NaN,
        "Tax Rate For Calcs": NaN,
        "Normalized EBITDA": NaN,
        "Total Unusual Items": NaN,
        "Total Unusual Items Excluding Goodwill": NaN,
        "Net Income From Continuing Operation Net Minority Interest": NaN,
        "Reconciled Depreciation": NaN,
        "Reconciled Cost Of Revenue": NaN,
        "EBITDA": NaN,
        "EBIT": NaN,
        "Net Interest Income": NaN,
        "Interest Expense": NaN,
        "Normalized Income": NaN,
        "Net Income From Continuing And Discontinued Operation": NaN,
        "Total Expenses": NaN,
        "Total Operating Income As Reported": NaN,
        "Diluted Average Shares": NaN,
        "Basic Average Shares": NaN,
        "Diluted EPS": NaN,
        "Basic EPS": NaN,
        "Diluted NI Availto Com Stockholders": NaN,
        "Net Income Common Stockholders": NaN,
        "Net Income": NaN,
        "Net Income Including Noncontrolling Interests": NaN,
        "Net Income Continuous Operations": NaN,
        "Tax Provision": NaN,
        "Pretax Income": NaN,
        "Other Income Expense": NaN,
        "Other Non Operating Income Expenses": NaN,
        "Special Income Charges": NaN,
        "Restructuring And Mergern Acquisition": NaN,
        "Net Non Operating Interest Income Expense": NaN,
        "Interest Expense Non Operating": NaN,
        "Operating Income": NaN,
        "Operating Expense": NaN,
        "Depreciation Amortization Depletion Income Statement": NaN,
        "Depreciation And Amortization In Income Statement": NaN,
        "Amortization": NaN,
        "Amortization Of Intangibles Income Statement": NaN,
        "Selling General And Administration": NaN,
        "Selling And Marketing Expense": NaN,
        "General And Administrative Expense": NaN,
        "Other Gand A": 27754000.0,
        "Salaries And Wages": NaN,
        "Gross Profit": NaN,
        "Cost Of Revenue": NaN,
        "Total Revenue": NaN,
        "Operating Revenue": NaN
    },
    "2022-06-30": {
        "Tax Effect Of Unusual Items": 0.0,
        "Tax Rate For Calcs": 0.307196,
        "Normalized EBITDA": 15193000.0,
        "Total Unusual Items": 0.0,
        "Total Unusual Items Excluding Goodwill": 0.0,
        "Net Income From Continuing Operation Net Minority Interest": 6556000.0,
        "Reconciled Depreciation": 4895000.0,
        "Reconciled Cost Of Revenue": 55590000.0,
        "EBITDA": 15193000.0,
        "EBIT": 10298000.0,
        "Net Interest Income": -835000.0,
        "Interest Expense": 835000.0,
        "Normalized Income": 6556000.0,
        "Net Income From Continuing And Discontinued Operation": 6556000.0,
        "Total Expenses": 84228000.0,
        "Total Operating Income As Reported": 11214000.0,
        "Diluted Average Shares": 33567284.0,
        "Basic Average Shares": 33399868.0,
        "Diluted EPS": 0.2,
        "Basic EPS": 0.2,
        "Diluted NI Availto Com Stockholders": 6556000.0,
        "Net Income Common Stockholders": 6556000.0,
        "Net Income": 6556000.0,
        "Net Income Including Noncontrolling Interests": 6556000.0,
        "Net Income Continuous Operations": 6556000.0,
        "Tax Provision": 2907000.0,
        "Pretax Income": 9463000.0,
        "Other Income Expense": -916000.0,
        "Other Non Operating Income Expenses": -916000.0,
        "Special Income Charges": 0.0,
        "Restructuring And Mergern Acquisition": 0.0,
        "Net Non Operating Interest Income Expense": -835000.0,
        "Interest Expense Non Operating": 835000.0,
        "Operating Income": 11214000.0,
        "Operating Expense": 26011000.0,
        "Depreciation Amortization Depletion Income Statement": 2268000.0,
        "Depreciation And Amortization In Income Statement": 2268000.0,
        "Amortization": 2268000.0,
        "Amortization Of Intangibles Income Statement": 2268000.0,
        "Selling General And Administration": 23743000.0,
        "Selling And Marketing Expense": 24403000.0,
        "General And Administrative Expense": 23743000.0,
        "Other Gand A": 24403000.0,
        "Salaries And Wages": -660000.0,
        "Gross Profit": 37225000.0,
        "Cost Of Revenue": 58217000.0,
        "Total Revenue": 95442000.0,
        "Operating Revenue": 95442000.0
    },
    "2023-06-30": {
        "Tax Effect Of Unusual Items": NaN,
        "Tax Rate For Calcs": NaN,
        "Normalized EBITDA": NaN,
        "Total Unusual Items": NaN,
        "Total Unusual Items Excluding Goodwill": NaN,
        "Net Income From Continuing Operation Net Minority Interest": NaN,
        "Reconciled Depreciation": NaN,
        "Reconciled Cost Of Revenue": NaN,
        "EBITDA": NaN,
        "EBIT": NaN,
        "Net Interest Income": NaN,
        "Interest Expense": NaN,
        "Normalized Income": NaN,
        "Net Income From Continuing And Discontinued Operation": NaN,
        "Total Expenses": NaN,
        "Total Operating Income As Reported": NaN,
        "Diluted Average Shares": NaN,
        "Basic Average Shares": NaN,
        "Diluted EPS": NaN,
        "Basic EPS": NaN,
        "Diluted NI Availto Com Stockholders": NaN,
        "Net Income Common Stockholders": NaN,
        "Net Income": NaN,
        "Net Income Including Noncontrolling Interests": NaN,
        "Net Income Continuous Operations": NaN,
        "Tax Provision": NaN,
        "Pretax Income": NaN,
        "Other Income Expense": NaN,
        "Other Non Operating Income Expenses": NaN,
        "Special Income Charges": NaN,
        "Restructuring And Mergern Acquisition": NaN,
        "Net Non Operating Interest Income Expense": NaN,
        "Interest Expense Non Operating": NaN,
        "Operating Income": NaN,
        "Operating Expense": NaN,
        "Depreciation Amortization Depletion Income Statement": NaN,
        "Depreciation And Amortization In Income Statement": NaN,
        "Amortization": NaN,
        "Amortization Of Intangibles Income Statement": NaN,
        "Selling General And Administration": NaN,
        "Selling And Marketing Expense": NaN,
        "General And Administrative Expense": NaN,
        "Other Gand A": 28654000.0,
        "Salaries And Wages": NaN,
        "Gross Profit": NaN,
        "Cost Of Revenue": NaN,
        "Total Revenue": NaN,
        "Operating Revenue": NaN
    },
    "2022-03-31": {
        "Diluted EPS": 0.27,
        "Total Revenue": 103,
        "Gross Profit": 41,
        "Operating Income": 13,
        "EBIT": 18,
        "Net Income": 9
    },
    "2021-12-31": {
        "Diluted EPS": 0.33,
        "Total Revenue": 101,
        "Gross Profit": 41,
        "Operating Income": 16,
        "EBIT": 21,
        "Net Income": 11
    },
    "2021-09-30": {
        "Diluted EPS": 0.01,
        "Total Revenue": 81,
        "Gross Profit": 32,
        "Operating Income": 6,
        "EBIT": 12,
        "Net Income": 0
    },
    "2021-06-30": {
        "Diluted EPS": -0.01,
        "Total Revenue": 71,
        "Gross Profit": 27,
        "Operating Income": 3,
        "EBIT": 8,
        "Net Income": 0
    },
    "2021-03-31": {
        "Diluted EPS": -0.03,
        "Total Revenue": 73,
        "Gross Profit": 27,
        "Operating Income": 1,
        "EBIT": 7,
        "Net Income": -1
    },
    "2020-12-31": {
        "Diluted EPS": 0.18,
        "Total Revenue": 80,
        "Gross Profit": 37,
        "Operating Income": 10,
        "EBIT": 15,
        "Net Income": 6
    },
    "2020-09-30": {
        "Diluted EPS": 0.06,
        "Total Revenue": 66,
        "Gross Profit": 29,
        "Operating Income": 3,
        "EBIT": 8,
        "Net Income": 2
    },
    "2020-06-30": {
        "Diluted EPS": -0.18,
        "Total Revenue": 57,
        "Gross Profit": 24,
        "Operating Income": -7,
        "EBIT": -1,
        "Net Income": -6
    },
    "2020-03-31": {
        "Diluted EPS": -0.09,
        "Total Revenue": 88,
        "Gross Profit": 36,
        "Operating Income": 2,
        "EBIT": 10,
        "Net Income": -3
    },
    "2019-12-31": {
        "Diluted EPS": 0.2,
        "Total Revenue": 100,
        "Gross Profit": 43,
        "Operating Income": 12,
        "EBIT": 20,
        "Net Income": 7
    },
    "2019-09-30": {
        "Diluted EPS": 0.21,
        "Total Revenue": 103,
        "Gross Profit": 45,
        "Operating Income": 13,
        "EBIT": 20,
        "Net Income": 7
    },
    "2019-06-30": {
        "Diluted EPS": 0.04,
        "Total Revenue": 92,
        "Gross Profit": 37,
        "Operating Income": 5,
        "EBIT": 12,
        "Net Income": 1
    },
    "2019-03-31": {
        "Diluted EPS": 0.21,
        "Total Revenue": 114,
        "Gross Profit": 45,
        "Operating Income": 14,
        "EBIT": 21,
        "Net Income": 7
    },
    "2018-12-31": {
        "Diluted EPS": 0.29,
        "Total Revenue": 119,
        "Gross Profit": 51,
        "Operating Income": 18,
        "EBIT": 25,
        "Net Income": 10
    },
    "2018-09-30": {
        "Diluted EPS": 0.1,
        "Total Revenue": 90,
        "Gross Profit": 40,
        "Operating Income": 9,
        "EBIT": 17,
        "Net Income": 3
    },
    "2018-06-30": {
        "Diluted EPS": 0.09,
        "Total Revenue": 89,
        "Gross Profit": 40,
        "Operating Income": 8,
        "EBIT": 17,
        "Net Income": 3
    },
    "2018-03-31": {
        "Diluted EPS": 0.18,
        "Total Revenue": 103,
        "Gross Profit": 47,
        "Operating Income": 14,
        "EBIT": 23,
        "Net Income": 6
    },
    "2017-12-31": {
        "Diluted EPS": 0.02,
        "Total Revenue": 93,
        "Gross Profit": 42,
        "Operating Income": 10,
        "EBIT": 18,
        "Net Income": 1
    },
    "2017-09-30": {
        "Diluted EPS": 0.15,
        "Total Revenue": 62,
        "Gross Profit": 31,
        "Operating Income": 7,
        "EBIT": 12,
        "Net Income": 5
    },
    "2017-06-30": {
        "Diluted EPS": 0.01,
        "Total Revenue": 52,
        "Gross Profit": 24,
        "Operating Income": 2,
        "EBIT": 6,
        "Net Income": 0
    },
    "2017-03-31": {
        "Diluted EPS": 0.1,
        "Total Revenue": 68,
        "Gross Profit": 28,
        "Operating Income": 5,
        "EBIT": 10,
        "Net Income": 3
    },
    "2016-12-31": {
        "Diluted EPS": 0.16,
        "Total Revenue": 64,
        "Gross Profit": 29,
        "Operating Income": 7,
        "EBIT": 12,
        "Net Income": 5
    },
    "2016-09-30": {
        "Diluted EPS": 0.11,
        "Total Revenue": 69,
        "Gross Profit": 29,
        "Operating Income": 6,
        "EBIT": 10,
        "Net Income": 4
    },
    "2016-06-30": {
        "Diluted EPS": 0.08,
        "Total Revenue": 63,
        "Gross Profit": 26,
        "Operating Income": 4,
        "EBIT": 9,
        "Net Income": 3
    },
    "2016-03-31": {
        "Diluted EPS": 0.1,
        "Total Revenue": 72,
        "Gross Profit": 32,
        "Operating Income": 6,
        "EBIT": 10,
        "Net Income": 3
    },
    "2015-12-31": {
        "Diluted EPS": 0.26,
        "Total Revenue": 74,
        "Gross Profit": 35,
        "Operating Income": 12,
        "EBIT": 17,
        "Net Income": 8
    },
    "2015-09-30": {
        "Diluted EPS": 0.21,
        "Total Revenue": 70,
        "Gross Profit": 33,
        "Operating Income": 11,
        "EBIT": 16,
        "Net Income": 7
    },
    "2015-06-30": {
        "Diluted EPS": 0.14,
        "Total Revenue": 65,
        "Gross Profit": 31,
        "Operating Income": 8,
        "EBIT": 12,
        "Net Income": 4
    },
    "2015-03-31": {
        "Diluted EPS": 0.32,
        "Total Revenue": 74,
        "Gross Profit": 34,
        "Operating Income": 13,
        "EBIT": 16,
        "Net Income": 11
    },
    "2014-12-31": {
        "Diluted EPS": 0.48,
        "Total Revenue": 88,
        "Gross Profit": 46,
        "Operating Income": 23,
        "EBIT": 27,
        "Net Income": 16
    },
    "2014-09-30": {
        "Diluted EPS": 0.36,
        "Total Revenue": 79,
        "Gross Profit": 41,
        "Operating Income": 18,
        "EBIT": 22,
        "Net Income": 12
    },
    "2014-06-30": {
        "Diluted EPS": 0.36,
        "Total Revenue": 68,
        "Gross Profit": 34,
        "Operating Income": 13,
        "EBIT": 16,
        "Net Income": 12
    },
    "2014-03-31": {
        "Diluted EPS": 0.3,
        "Total Revenue": 67,
        "Gross Profit": 33,
        "Operating Income": 14,
        "EBIT": 18,
        "Net Income": 10
    },
    "2013-12-31": {
        "Diluted EPS": 0.39,
        "Total Revenue": 71,
        "Gross Profit": 36,
        "Operating Income": 18,
        "EBIT": 21,
        "Net Income": 13
    },
    "2013-09-30": {
        "Diluted EPS": 0.33,
        "Total Revenue": 73,
        "Gross Profit": 35,
        "Operating Income": 14,
        "EBIT": 18,
        "Net Income": 11
    },
    "2013-06-30": {
        "Diluted EPS": -0.22,
        "Total Revenue": 66,
        "Gross Profit": 31,
        "Operating Income": 12,
        "EBIT": 20,
        "Net Income": -7
    },
    "2013-03-31": {
        "Diluted EPS": 0.18,
        "Total Revenue": 72,
        "Gross Profit": 32,
        "Operating Income": 12,
        "EBIT": 16,
        "Net Income": 6
    },
    "2012-12-31": {
        "Diluted EPS": 0.24,
        "Total Revenue": 77,
        "Gross Profit": 35,
        "Operating Income": 15,
        "EBIT": 19,
        "Net Income": 8
    },
    "2012-09-30": {
        "Diluted EPS": 0.22,
        "Total Revenue": 68,
        "Gross Profit": 33,
        "Operating Income": 15,
        "EBIT": 21,
        "Net Income": 7
    },
    "2012-06-30": {
        "Diluted EPS": 0.21,
        "Total Revenue": 68,
        "Gross Profit": 33,
        "Operating Income": 15,
        "EBIT": 19,
        "Net Income": 7
    },
    "2012-03-31": {
        "Diluted EPS": 0.24,
        "Total Revenue": 70,
        "Gross Profit": 34,
        "Operating Income": 15,
        "EBIT": 18,
        "Net Income": 6
    },
    "2011-12-31": {
        "Diluted EPS": 0.22,
        "Total Revenue": 69,
        "Gross Profit": 34,
        "Operating Income": 16,
        "EBIT": 19,
        "Net Income": 7
    },
    "2011-09-30": {
        "Diluted EPS": 0.12,
        "Total Revenue": 68,
        "Gross Profit": 32,
        "Operating Income": 14,
        "EBIT": 19,
        "Net Income": 4
    },
    "2011-06-30": {
        "Diluted EPS": -0.18,
        "Total Revenue": 65,
        "Gross Profit": 32,
        "Operating Income": -1,
        "EBIT": 6,
        "Net Income": -5
    },
    "2011-03-31": {
        "Diluted EPS": -0.16,
        "Total Revenue": 60,
        "Gross Profit": 26,
        "Operating Income": 6,
        "EBIT": 10,
        "Net Income": -4
    },
    "2010-12-31": {
        "Diluted EPS": 0.11,
        "Total Revenue": 65,
        "Gross Profit": 30,
        "Operating Income": 11,
        "EBIT": 13,
        "Net Income": 3
    },
    "2010-09-30": {
        "Diluted EPS": -0.07,
        "Total Revenue": 63,
        "Gross Profit": 25,
        "Operating Income": 5,
        "EBIT": 15,
        "Net Income": -2
    },
    "2010-06-30": {
        "Diluted EPS": -0.5,
        "Total Revenue": 51,
        "Gross Profit": 19,
        "Operating Income": 1,
        "EBIT": 16,
        "Net Income": -12
    },
    "2010-03-31": {
        "Diluted EPS": 0.0,
        "Total Revenue": NaN,
        "Gross Profit": NaN,
        "Operating Income": NaN,
        "EBIT": NaN,
        "Net Income": NaN
    },
    "2023-09-30": {
        "Tax Effect Of Unusual Items": NaN,
        "Tax Rate For Calcs": NaN,
        "Normalized EBITDA": NaN,
        "Total Unusual Items": NaN,
        "Total Unusual Items Excluding Goodwill": NaN,
        "Net Income From Continuing Operation Net Minority Interest": NaN,
        "Reconciled Depreciation": NaN,
        "Reconciled Cost Of Revenue": NaN,
        "EBITDA": NaN,
        "EBIT": NaN,
        "Net Interest Income": NaN,
        "Interest Expense": NaN,
        "Normalized Income": NaN,
        "Net Income From Continuing And Discontinued Operation": NaN,
        "Total Expenses": NaN,
        "Total Operating Income As Reported": NaN,
        "Diluted Average Shares": NaN,
        "Basic Average Shares": NaN,
        "Diluted EPS": NaN,
        "Basic EPS": NaN,
        "Diluted NI Availto Com Stockholders": NaN,
        "Net Income Common Stockholders": NaN,
        "Net Income": NaN,
        "Net Income Including Noncontrolling Interests": NaN,
        "Net Income Continuous Operations": NaN,
        "Tax Provision": NaN,
        "Pretax Income": NaN,
        "Other Income Expense": NaN,
        "Other Non Operating Income Expenses": NaN,
        "Special Income Charges": NaN,
        "Restructuring And Mergern Acquisition": NaN,
        "Net Non Operating Interest Income Expense": NaN,
        "Interest Expense Non Operating": NaN,
        "Operating Income": NaN,
        "Operating Expense": NaN,
        "Depreciation Amortization Depletion Income Statement": NaN,
        "Depreciation And Amortization In Income Statement": NaN,
        "Amortization": NaN,
        "Amortization Of Intangibles Income Statement": NaN,
        "Selling General And Administration": NaN,
        "Selling And Marketing Expense": 30490000.0,
        "General And Administrative Expense": NaN,
        "Other Gand A": NaN,
        "Salaries And Wages": NaN,
        "Gross Profit": NaN,
        "Cost Of Revenue": NaN,
        "Total Revenue": NaN,
        "Operating Revenue": NaN
    },
    "2023-12-31": {
        "Tax Effect Of Unusual Items": NaN,
        "Tax Rate For Calcs": NaN,
        "Normalized EBITDA": NaN,
        "Total Unusual Items": NaN,
        "Total Unusual Items Excluding Goodwill": NaN,
        "Net Income From Continuing Operation Net Minority Interest": NaN,
        "Reconciled Depreciation": NaN,
        "Reconciled Cost Of Revenue": NaN,
        "EBITDA": NaN,
        "EBIT": NaN,
        "Net Interest Income": NaN,
        "Interest Expense": NaN,
        "Normalized Income": NaN,
        "Net Income From Continuing And Discontinued Operation": NaN,
        "Total Expenses": NaN,
        "Total Operating Income As Reported": NaN,
        "Diluted Average Shares": 34201525.0,
        "Basic Average Shares": 33703845.0,
        "Diluted EPS": 0.46,
        "Basic EPS": 0.47,
        "Diluted NI Availto Com Stockholders": NaN,
        "Net Income Common Stockholders": NaN,
        "Net Income": NaN,
        "Net Income Including Noncontrolling Interests": NaN,
        "Net Income Continuous Operations": NaN,
        "Tax Provision": NaN,
        "Pretax Income": NaN,
        "Other Income Expense": NaN,
        "Other Non Operating Income Expenses": NaN,
        "Special Income Charges": NaN,
        "Restructuring And Mergern Acquisition": NaN,
        "Net Non Operating Interest Income Expense": NaN,
        "Interest Expense Non Operating": NaN,
        "Operating Income": NaN,
        "Operating Expense": NaN,
        "Depreciation Amortization Depletion Income Statement": NaN,
        "Depreciation And Amortization In Income Statement": NaN,
        "Amortization": NaN,
        "Amortization Of Intangibles Income Statement": NaN,
        "Selling General And Administration": NaN,
        "Selling And Marketing Expense": 31853000.0,
        "General And Administrative Expense": NaN,
        "Other Gand A": NaN,
        "Salaries And Wages": NaN,
        "Gross Profit": NaN,
        "Cost Of Revenue": NaN,
        "Total Revenue": NaN,
        "Operating Revenue": NaN
    },
    "2024-03-31": {
        "Tax Effect Of Unusual Items": 270668.228061,
        "Tax Rate For Calcs": 0.262022,
        "Normalized EBITDA": 21974000.0,
        "Total Unusual Items": 1033000.0,
        "Total Unusual Items Excluding Goodwill": 1033000.0,
        "Net Income From Continuing Operation Net Minority Interest": 10083000.0,
        "Reconciled Depreciation": 5762000.0,
        "Reconciled Cost Of Revenue": 72928000.0,
        "EBITDA": 23007000.0,
        "EBIT": 17245000.0,
        "Net Interest Income": -3582000.0,
        "Interest Expense": 3582000.0,
        "Normalized Income": 9320668.228061,
        "Net Income From Continuing And Discontinued Operation": 10083000.0,
        "Total Expenses": 112067000.0,
        "Total Operating Income As Reported": 16824000.0,
        "Diluted Average Shares": 34239000.0,
        "Basic Average Shares": 33723000.0,
        "Diluted EPS": 0.29,
        "Basic EPS": 0.3,
        "Diluted NI Availto Com Stockholders": 10083000.0,
        "Net Income Common Stockholders": 10083000.0,
        "Net Income": 10083000.0,
        "Net Income Including Noncontrolling Interests": 10083000.0,
        "Net Income Continuous Operations": 10083000.0,
        "Tax Provision": 3580000.0,
        "Pretax Income": 13663000.0,
        "Other Income Expense": 1658000.0,
        "Other Non Operating Income Expenses": 625000.0,
        "Special Income Charges": 1237000.0,
        "Restructuring And Mergern Acquisition": -1237000.0,
        "Net Non Operating Interest Income Expense": -3582000.0,
        "Interest Expense Non Operating": 3582000.0,
        "Operating Income": 15587000.0,
        "Operating Expense": 36800000.0,
        "Depreciation Amortization Depletion Income Statement": 3423000.0,
        "Depreciation And Amortization In Income Statement": 3423000.0,
        "Amortization": 3423000.0,
        "Amortization Of Intangibles Income Statement": 3423000.0,
        "Selling General And Administration": 33377000.0,
        "Selling And Marketing Expense": 32823000.0,
        "General And Administrative Expense": 554000.0,
        "Other Gand A": NaN,
        "Salaries And Wages": 554000.0,
        "Gross Profit": 52387000.0,
        "Cost Of Revenue": 75267000.0,
        "Total Revenue": 127654000.0,
        "Operating Revenue": 127654000.0
    },
    "2024-06-30": {
        "Tax Effect Of Unusual Items": -480852.0,
        "Tax Rate For Calcs": 0.228,
        "Normalized EBITDA": 21550000.0,
        "Total Unusual Items": -2109000.0,
        "Total Unusual Items Excluding Goodwill": -2109000.0,
        "Net Income From Continuing Operation Net Minority Interest": 8511000.0,
        "Reconciled Depreciation": 5563000.0,
        "Reconciled Cost Of Revenue": 62528000.0,
        "EBITDA": 19441000.0,
        "EBIT": 13878000.0,
        "Net Interest Income": -2847000.0,
        "Interest Expense": 2847000.0,
        "Normalized Income": 10139148.0,
        "Net Income From Continuing And Discontinued Operation": 8511000.0,
        "Total Expenses": 99282000.0,
        "Total Operating Income As Reported": 13735000.0,
        "Diluted Average Shares": 34075020.0,
        "Basic Average Shares": 33756172.0,
        "Diluted EPS": 0.25,
        "Basic EPS": 0.25,
        "Diluted NI Availto Com Stockholders": 8511000.0,
        "Net Income Common Stockholders": 8511000.0,
        "Net Income": 8511000.0,
        "Net Income Including Noncontrolling Interests": 8511000.0,
        "Net Income Continuous Operations": 8511000.0,
        "Tax Provision": 2520000.0,
        "Pretax Income": 11031000.0,
        "Other Income Expense": -1966000.0,
        "Other Non Operating Income Expenses": 143000.0,
        "Special Income Charges": -2109000.0,
        "Restructuring And Mergern Acquisition": 2109000.0,
        "Net Non Operating Interest Income Expense": -2847000.0,
        "Interest Expense Non Operating": 2847000.0,
        "Operating Income": 15844000.0,
        "Operating Expense": 34588000.0,
        "Depreciation Amortization Depletion Income Statement": 3397000.0,
        "Depreciation And Amortization In Income Statement": 3397000.0,
        "Amortization": 3397000.0,
        "Amortization Of Intangibles Income Statement": 3397000.0,
        "Selling General And Administration": 31191000.0,
        "Selling And Marketing Expense": NaN,
        "General And Administrative Expense": 31191000.0,
        "Other Gand A": 31088000.0,
        "Salaries And Wages": 103000.0,
        "Gross Profit": 50432000.0,
        "Cost Of Revenue": 64694000.0,
        "Total Revenue": 115126000.0,
        "Operating Revenue": 115126000.0
    },
    "2024-09-30": {
        "Tax Effect Of Unusual Items": -164552.0,
        "Tax Rate For Calcs": 0.268,
        "Normalized EBITDA": 21954000.0,
        "Total Unusual Items": -614000.0,
        "Total Unusual Items Excluding Goodwill": -614000.0,
        "Net Income From Continuing Operation Net Minority Interest": 9494000.0,
        "Reconciled Depreciation": 5574000.0,
        "Reconciled Cost Of Revenue": 61564000.0,
        "EBITDA": 21340000.0,
        "EBIT": 15766000.0,
        "Net Interest Income": -2790000.0,
        "Interest Expense": 2790000.0,
        "Normalized Income": 9943448.0,
        "Net Income From Continuing And Discontinued Operation": 9494000.0,
        "Total Expenses": 98831000.0,
        "Total Operating Income As Reported": 15203000.0,
        "Diluted Average Shares": 34143403.0,
        "Basic Average Shares": 33793583.0,
        "Diluted EPS": 0.28,
        "Basic EPS": 0.28,
        "Diluted NI Availto Com Stockholders": 9494000.0,
        "Net Income Common Stockholders": 9494000.0,
        "Net Income": 9494000.0,
        "Net Income Including Noncontrolling Interests": 9494000.0,
        "Net Income Continuous Operations": 9494000.0,
        "Tax Provision": 3482000.0,
        "Pretax Income": 12976000.0,
        "Other Income Expense": -51000.0,
        "Other Non Operating Income Expenses": 563000.0,
        "Special Income Charges": -614000.0,
        "Restructuring And Mergern Acquisition": 614000.0,
        "Net Non Operating Interest Income Expense": -2790000.0,
        "Interest Expense Non Operating": 2790000.0,
        "Operating Income": 15817000.0,
        "Operating Expense": 35095000.0,
        "Depreciation Amortization Depletion Income Statement": 3402000.0,
        "Depreciation And Amortization In Income Statement": 3402000.0,
        "Amortization": 3402000.0,
        "Amortization Of Intangibles Income Statement": 3402000.0,
        "Selling General And Administration": 31693000.0,
        "Selling And Marketing Expense": 31259000.0,
        "General And Administrative Expense": 434000.0,
        "Other Gand A": NaN,
        "Salaries And Wages": 434000.0,
        "Gross Profit": 50912000.0,
        "Cost Of Revenue": 63736000.0,
        "Total Revenue": 114648000.0,
        "Operating Revenue": 114648000.0
    },
    "2024-12-31": {
        "Tax Effect Of Unusual Items": 784511.0,
        "Tax Rate For Calcs": 0.259,
        "Normalized EBITDA": 30155000.0,
        "Total Unusual Items": 3029000.0,
        "Total Unusual Items Excluding Goodwill": 3029000.0,
        "Net Income From Continuing Operation Net Minority Interest": 18539000.0,
        "Reconciled Depreciation": 5624000.0,
        "Reconciled Cost Of Revenue": 70071000.0,
        "EBITDA": 33184000.0,
        "EBIT": 27560000.0,
        "Net Interest Income": -2535000.0,
        "Interest Expense": 2535000.0,
        "Normalized Income": 16294511.0,
        "Net Income From Continuing And Discontinued Operation": 18539000.0,
        "Total Expenses": 109696000.0,
        "Total Operating Income As Reported": 27686000.0,
        "Diluted Average Shares": 34091732.0,
        "Basic Average Shares": 33709174.0,
        "Diluted EPS": 0.54,
        "Basic EPS": 0.55,
        "Diluted NI Availto Com Stockholders": 18539000.0,
        "Net Income Common Stockholders": 18539000.0,
        "Net Income": 18539000.0,
        "Net Income Including Noncontrolling Interests": 18539000.0,
        "Net Income Continuous Operations": 18539000.0,
        "Tax Provision": 6486000.0,
        "Pretax Income": 25025000.0,
        "Other Income Expense": 2903000.0,
        "Other Non Operating Income Expenses": -126000.0,
        "Special Income Charges": 3029000.0,
        "Restructuring And Mergern Acquisition": -3029000.0,
        "Net Non Operating Interest Income Expense": -2535000.0,
        "Interest Expense Non Operating": 2535000.0,
        "Operating Income": 24657000.0,
        "Operating Expense": 37464000.0,
        "Depreciation Amortization Depletion Income Statement": 3463000.0,
        "Depreciation And Amortization In Income Statement": 3463000.0,
        "Amortization": 3463000.0,
        "Amortization Of Intangibles Income Statement": 3463000.0,
        "Selling General And Administration": 34001000.0,
        "Selling And Marketing Expense": 34123000.0,
        "General And Administrative Expense": -122000.0,
        "Other Gand A": NaN,
        "Salaries And Wages": -122000.0,
        "Gross Profit": 62121000.0,
        "Cost Of Revenue": 72232000.0,
        "Total Revenue": 134353000.0,
        "Operating Revenue": 134353000.0
    },
    "2025-03-31": {
        "Tax Effect Of Unusual Items": 13468.203158,
        "Tax Rate For Calcs": 0.195191,
        "Normalized EBITDA": 28749000.0,
        "Total Unusual Items": 69000.0,
        "Total Unusual Items Excluding Goodwill": 69000.0,
        "Net Income From Continuing Operation Net Minority Interest": 16971000.0,
        "Reconciled Depreciation": 5578000.0,
        "Reconciled Cost Of Revenue": 72490000.0,
        "EBITDA": 28818000.0,
        "EBIT": 23240000.0,
        "Net Interest Income": -2153000.0,
        "Interest Expense": 2153000.0,
        "Normalized Income": 16915468.203158,
        "Net Income From Continuing And Discontinued Operation": 16971000.0,
        "Total Expenses": 110942000.0,
        "Total Operating Income As Reported": 23133000.0,
        "Diluted Average Shares": NaN,
        "Basic Average Shares": NaN,
        "Diluted EPS": NaN,
        "Basic EPS": NaN,
        "Diluted NI Availto Com Stockholders": 16971000.0,
        "Net Income Common Stockholders": 16971000.0,
        "Net Income": 16971000.0,
        "Net Income Including Noncontrolling Interests": 16971000.0,
        "Net Income Continuous Operations": 16971000.0,
        "Tax Provision": 4116000.0,
        "Pretax Income": 21087000.0,
        "Other Income Expense": 102000.0,
        "Other Non Operating Income Expenses": 33000.0,
        "Special Income Charges": -5000.0,
        "Restructuring And Mergern Acquisition": 5000.0,
        "Net Non Operating Interest Income Expense": -2153000.0,
        "Interest Expense Non Operating": 2153000.0,
        "Operating Income": 23138000.0,
        "Operating Expense": 36293000.0,
        "Depreciation Amortization Depletion Income Statement": 3419000.0,
        "Depreciation And Amortization In Income Statement": 3419000.0,
        "Amortization": 3419000.0,
        "Amortization Of Intangibles Income Statement": 3419000.0,
        "Selling General And Administration": 32874000.0,
        "Selling And Marketing Expense": 32837000.0,
        "General And Administrative Expense": 37000.0,
        "Other Gand A": NaN,
        "Salaries And Wages": 37000.0,
        "Gross Profit": 59431000.0,
        "Cost Of Revenue": 74649000.0,
        "Total Revenue": 134080000.0,
        "Operating Revenue": 134080000.0
    }
}