{
    "2023-03-31": {
        "Tax Effect Of Unusual Items": NaN,
        "Tax Rate For Calcs": NaN,
        "Normalized EBITDA": NaN,
        "Total Unusual Items": NaN,
        "Total Unusual Items Excluding Goodwill": NaN,
        "Net Income From Continuing Operation Net Minority Interest": NaN,
        "Reconciled Depreciation": NaN,
        "Reconciled Cost Of Revenue": NaN,
        "EBITDA": NaN,
        "EBIT": NaN,
        "Net Interest Income": NaN,
        "Interest Expense": 4144000.0,
        "Normalized Income": NaN,
        "Net Income From Continuing And Discontinued Operation": NaN,
        "Total Expenses": NaN,
        "Total Operating Income As Reported": NaN,
        "Diluted Average Shares": NaN,
        "Basic Average Shares": NaN,
        "Diluted EPS": NaN,
        "Basic EPS": NaN,
        "Diluted NI Availto Com Stockholders": NaN,
        "Net Income Common Stockholders": NaN,
        "Net Income": NaN,
        "Net Income Including Noncontrolling Interests": NaN,
        "Net Income Continuous Operations": NaN,
        "Tax Provision": NaN,
        "Pretax Income": NaN,
        "Other Income Expense": NaN,
        "Other Non Operating Income Expenses": NaN,
        "Special Income Charges": NaN,
        "Impairment Of Capital Assets": NaN,
        "Restructuring And Mergern Acquisition": NaN,
        "Gain On Sale Of Security": NaN,
        "Net Non Operating Interest Income Expense": NaN,
        "Total Other Finance Cost": NaN,
        "Interest Expense Non Operating": 4144000.0,
        "Operating Income": NaN,
        "Operating Expense": NaN,
        "Research And Development": NaN,
        "Selling General And Administration": NaN,
        "Gross Profit": NaN,
        "Cost Of Revenue": NaN,
        "Total Revenue": NaN,
        "Operating Revenue": NaN
    },
    "2022-12-31": {
        "Tax Effect Of Unusual Items": -155526.278742,
        "Tax Rate For Calcs": 0.013374,
        "Normalized EBITDA": 22921000.0,
        "Total Unusual Items": -11629000.0,
        "Total Unusual Items Excluding Goodwill": -11629000.0,
        "Net Income From Continuing Operation Net Minority Interest": -4205000.0,
        "Reconciled Depreciation": 13924000.0,
        "Reconciled Cost Of Revenue": 273514000.0,
        "EBITDA": 11292000.0,
        "EBIT": -2632000.0,
        "Net Interest Income": -3009000.0,
        "Interest Expense": NaN,
        "Normalized Income": 7268473.721258,
        "Net Income From Continuing And Discontinued Operation": -4205000.0,
        "Total Expenses": 333395000.0,
        "Total Operating Income As Reported": 3560000.0,
        "Diluted Average Shares": 33186000.0,
        "Basic Average Shares": 33186000.0,
        "Diluted EPS": -0.13,
        "Basic EPS": -0.13,
        "Diluted NI Availto Com Stockholders": -4205000.0,
        "Net Income Common Stockholders": -4205000.0,
        "Net Income": -4205000.0,
        "Net Income Including Noncontrolling Interests": -4205000.0,
        "Net Income Continuous Operations": -4205000.0,
        "Tax Provision": -57000.0,
        "Pretax Income": -4262000.0,
        "Other Income Expense": -11180000.0,
        "Other Non Operating Income Expenses": 449000.0,
        "Special Income Charges": -6367000.0,
        "Impairment Of Capital Assets": NaN,
        "Restructuring And Mergern Acquisition": 76000.0,
        "Gain On Sale Of Security": -5262000.0,
        "Net Non Operating Interest Income Expense": -3009000.0,
        "Total Other Finance Cost": NaN,
        "Interest Expense Non Operating": NaN,
        "Operating Income": 9927000.0,
        "Operating Expense": 59881000.0,
        "Research And Development": 23297000.0,
        "Selling General And Administration": 36584000.0,
        "Gross Profit": 69808000.0,
        "Cost Of Revenue": 273514000.0,
        "Total Revenue": 343322000.0,
        "Operating Revenue": 343322000.0
    },
    "2022-09-30": {
        "Tax Effect Of Unusual Items": NaN,
        "Tax Rate For Calcs": NaN,
        "Normalized EBITDA": NaN,
        "Total Unusual Items": NaN,
        "Total Unusual Items Excluding Goodwill": NaN,
        "Net Income From Continuing Operation Net Minority Interest": NaN,
        "Reconciled Depreciation": NaN,
        "Reconciled Cost Of Revenue": NaN,
        "EBITDA": NaN,
        "EBIT": NaN,
        "Net Interest Income": NaN,
        "Interest Expense": NaN,
        "Normalized Income": NaN,
        "Net Income From Continuing And Discontinued Operation": NaN,
        "Total Expenses": NaN,
        "Total Operating Income As Reported": NaN,
        "Diluted Average Shares": NaN,
        "Basic Average Shares": NaN,
        "Diluted EPS": NaN,
        "Basic EPS": NaN,
        "Diluted NI Availto Com Stockholders": NaN,
        "Net Income Common Stockholders": NaN,
        "Net Income": NaN,
        "Net Income Including Noncontrolling Interests": NaN,
        "Net Income Continuous Operations": NaN,
        "Tax Provision": NaN,
        "Pretax Income": NaN,
        "Other Income Expense": NaN,
        "Other Non Operating Income Expenses": NaN,
        "Special Income Charges": NaN,
        "Impairment Of Capital Assets": 0.0,
        "Restructuring And Mergern Acquisition": NaN,
        "Gain On Sale Of Security": NaN,
        "Net Non Operating Interest Income Expense": NaN,
        "Total Other Finance Cost": -714000.0,
        "Interest Expense Non Operating": NaN,
        "Operating Income": NaN,
        "Operating Expense": NaN,
        "Research And Development": NaN,
        "Selling General And Administration": NaN,
        "Gross Profit": NaN,
        "Cost Of Revenue": NaN,
        "Total Revenue": NaN,
        "Operating Revenue": NaN
    },
    "2022-06-30": {
        "Tax Effect Of Unusual Items": 1491546.0,
        "Tax Rate For Calcs": 0.357,
        "Normalized EBITDA": 8243000.0,
        "Total Unusual Items": 4178000.0,
        "Total Unusual Items Excluding Goodwill": 4178000.0,
        "Net Income From Continuing Operation Net Minority Interest": 7072000.0,
        "Reconciled Depreciation": 9058000.0,
        "Reconciled Cost Of Revenue": 201338000.0,
        "EBITDA": 12421000.0,
        "EBIT": 12421000.0,
        "Net Interest Income": -1430000.0,
        "Interest Expense": 1430000.0,
        "Normalized Income": 4385546.0,
        "Net Income From Continuing And Discontinued Operation": 7072000.0,
        "Total Expenses": 252606000.0,
        "Total Operating Income As Reported": 7735000.0,
        "Diluted Average Shares": 33426000.0,
        "Basic Average Shares": 33119000.0,
        "Diluted EPS": 0.21,
        "Basic EPS": 0.21,
        "Diluted NI Availto Com Stockholders": 7072000.0,
        "Net Income Common Stockholders": 7072000.0,
        "Net Income": 7072000.0,
        "Net Income Including Noncontrolling Interests": 7072000.0,
        "Net Income Continuous Operations": 7072000.0,
        "Tax Provision": 3919000.0,
        "Pretax Income": 10991000.0,
        "Other Income Expense": 4312000.0,
        "Other Non Operating Income Expenses": 134000.0,
        "Special Income Charges": -374000.0,
        "Impairment Of Capital Assets": NaN,
        "Restructuring And Mergern Acquisition": 374000.0,
        "Gain On Sale Of Security": 4552000.0,
        "Net Non Operating Interest Income Expense": -1430000.0,
        "Total Other Finance Cost": NaN,
        "Interest Expense Non Operating": 1430000.0,
        "Operating Income": 8109000.0,
        "Operating Expense": 51268000.0,
        "Research And Development": 19325000.0,
        "Selling General And Administration": 31943000.0,
        "Gross Profit": 59377000.0,
        "Cost Of Revenue": 201338000.0,
        "Total Revenue": 260715000.0,
        "Operating Revenue": 260715000.0
    },
    "2023-06-30": {
        "Tax Effect Of Unusual Items": NaN,
        "Tax Rate For Calcs": NaN,
        "Normalized EBITDA": NaN,
        "Total Unusual Items": NaN,
        "Total Unusual Items Excluding Goodwill": NaN,
        "Net Income From Continuing Operation Net Minority Interest": NaN,
        "Reconciled Depreciation": NaN,
        "Reconciled Cost Of Revenue": NaN,
        "EBITDA": NaN,
        "EBIT": NaN,
        "Net Interest Income": NaN,
        "Interest Expense": 1932000.0,
        "Normalized Income": NaN,
        "Net Income From Continuing And Discontinued Operation": NaN,
        "Total Expenses": NaN,
        "Total Operating Income As Reported": NaN,
        "Diluted Average Shares": NaN,
        "Basic Average Shares": NaN,
        "Diluted EPS": NaN,
        "Basic EPS": NaN,
        "Diluted NI Availto Com Stockholders": NaN,
        "Net Income Common Stockholders": NaN,
        "Net Income": NaN,
        "Net Income Including Noncontrolling Interests": NaN,
        "Net Income Continuous Operations": NaN,
        "Tax Provision": NaN,
        "Pretax Income": NaN,
        "Other Income Expense": NaN,
        "Other Non Operating Income Expenses": NaN,
        "Special Income Charges": NaN,
        "Impairment Of Capital Assets": 19509000.0,
        "Restructuring And Mergern Acquisition": NaN,
        "Gain On Sale Of Security": NaN,
        "Net Non Operating Interest Income Expense": NaN,
        "Total Other Finance Cost": NaN,
        "Interest Expense Non Operating": 1932000.0,
        "Operating Income": NaN,
        "Operating Expense": NaN,
        "Research And Development": NaN,
        "Selling General And Administration": NaN,
        "Gross Profit": NaN,
        "Cost Of Revenue": NaN,
        "Total Revenue": NaN,
        "Operating Revenue": NaN
    },
    "2022-03-31": {
        "Diluted EPS": 0.35,
        "Total Revenue": 268,
        "Gross Profit": 64,
        "Operating Income": 14,
        "EBIT": 24,
        "Net Income": 12
    },
    "2021-12-31": {
        "Diluted EPS": 0.59,
        "Total Revenue": 248,
        "Gross Profit": 67,
        "Operating Income": 22,
        "EBIT": 31,
        "Net Income": 20
    },
    "2021-09-30": {
        "Diluted EPS": 0.47,
        "Total Revenue": 243,
        "Gross Profit": 69,
        "Operating Income": 21,
        "EBIT": 31,
        "Net Income": 16
    },
    "2021-06-30": {
        "Diluted EPS": 0.74,
        "Total Revenue": 266,
        "Gross Profit": 79,
        "Operating Income": 32,
        "EBIT": 41,
        "Net Income": 25
    },
    "2021-03-31": {
        "Diluted EPS": 0.99,
        "Total Revenue": 289,
        "Gross Profit": 88,
        "Operating Income": 41,
        "EBIT": 51,
        "Net Income": 33
    },
    "2020-12-31": {
        "Diluted EPS": 1.04,
        "Total Revenue": 289,
        "Gross Profit": 93,
        "Operating Income": 42,
        "EBIT": 52,
        "Net Income": 34
    },
    "2020-09-30": {
        "Diluted EPS": 0.73,
        "Total Revenue": 260,
        "Gross Profit": 83,
        "Operating Income": 39,
        "EBIT": 49,
        "Net Income": 24
    },
    "2020-06-30": {
        "Diluted EPS": -0.32,
        "Total Revenue": 136,
        "Gross Profit": 27,
        "Operating Income": -10,
        "EBIT": 0,
        "Net Income": -10
    },
    "2020-03-31": {
        "Diluted EPS": 0.36,
        "Total Revenue": 229,
        "Gross Profit": 66,
        "Operating Income": 19,
        "EBIT": 29,
        "Net Income": 12
    },
    "2019-12-31": {
        "Diluted EPS": 0.66,
        "Total Revenue": 230,
        "Gross Profit": 66,
        "Operating Income": 22,
        "EBIT": 33,
        "Net Income": 22
    },
    "2019-09-30": {
        "Diluted EPS": 0.48,
        "Total Revenue": 240,
        "Gross Profit": 75,
        "Operating Income": 20,
        "EBIT": 31,
        "Net Income": 16
    },
    "2019-06-30": {
        "Diluted EPS": 0.08,
        "Total Revenue": 243,
        "Gross Profit": 73,
        "Operating Income": 20,
        "EBIT": 31,
        "Net Income": 3
    },
    "2019-03-31": {
        "Diluted EPS": 0.25,
        "Total Revenue": 258,
        "Gross Profit": 75,
        "Operating Income": 22,
        "EBIT": 33,
        "Net Income": 8
    },
    "2018-12-31": {
        "Diluted EPS": 0.37,
        "Total Revenue": 256,
        "Gross Profit": 71,
        "Operating Income": 21,
        "EBIT": 33,
        "Net Income": 13
    },
    "2018-09-30": {
        "Diluted EPS": -0.01,
        "Total Revenue": 262,
        "Gross Profit": 76,
        "Operating Income": 16,
        "EBIT": 29,
        "Net Income": 0
    },
    "2018-06-30": {
        "Diluted EPS": 0.45,
        "Total Revenue": 266,
        "Gross Profit": 77,
        "Operating Income": 16,
        "EBIT": 29,
        "Net Income": 17
    },
    "2018-03-31": {
        "Diluted EPS": 0.35,
        "Total Revenue": 265,
        "Gross Profit": 81,
        "Operating Income": 21,
        "EBIT": 34,
        "Net Income": 13
    },
    "2017-12-31": {
        "Diluted EPS": -0.14,
        "Total Revenue": 265,
        "Gross Profit": 86,
        "Operating Income": 21,
        "EBIT": 33,
        "Net Income": -5
    },
    "2017-09-30": {
        "Diluted EPS": 0.18,
        "Total Revenue": 236,
        "Gross Profit": 70,
        "Operating Income": 16,
        "EBIT": 28,
        "Net Income": 7
    },
    "2017-06-30": {
        "Diluted EPS": 0.23,
        "Total Revenue": 243,
        "Gross Profit": 78,
        "Operating Income": 25,
        "EBIT": 36,
        "Net Income": 9
    },
    "2017-03-31": {
        "Diluted EPS": 0.69,
        "Total Revenue": 249,
        "Gross Profit": 85,
        "Operating Income": 35,
        "EBIT": 45,
        "Net Income": 25
    },
    "2016-12-31": {
        "Diluted EPS": 0.71,
        "Total Revenue": 237,
        "Gross Profit": 79,
        "Operating Income": 26,
        "EBIT": 37,
        "Net Income": 26
    },
    "2016-09-30": {
        "Diluted EPS": 0.55,
        "Total Revenue": 233,
        "Gross Profit": 77,
        "Operating Income": 27,
        "EBIT": 38,
        "Net Income": 20
    },
    "2016-06-30": {
        "Diluted EPS": 0.5,
        "Total Revenue": 233,
        "Gross Profit": 71,
        "Operating Income": 22,
        "EBIT": 32,
        "Net Income": 18
    },
    "2016-03-31": {
        "Diluted EPS": 0.33,
        "Total Revenue": 216,
        "Gross Profit": 68,
        "Operating Income": 30,
        "EBIT": 38,
        "Net Income": 12
    },
    "2015-12-31": {
        "Diluted EPS": 0.78,
        "Total Revenue": 212,
        "Gross Profit": 69,
        "Operating Income": 30,
        "EBIT": 38,
        "Net Income": 28
    },
    "2015-09-30": {
        "Diluted EPS": 0.76,
        "Total Revenue": 224,
        "Gross Profit": 75,
        "Operating Income": 37,
        "EBIT": 45,
        "Net Income": 28
    },
    "2015-06-30": {
        "Diluted EPS": 0.53,
        "Total Revenue": 213,
        "Gross Profit": 66,
        "Operating Income": 27,
        "EBIT": 35,
        "Net Income": 19
    },
    "2015-03-31": {
        "Diluted EPS": 0.55,
        "Total Revenue": 207,
        "Gross Profit": 67,
        "Operating Income": 27,
        "EBIT": 35,
        "Net Income": 20
    },
    "2014-12-31": {
        "Diluted EPS": 0.54,
        "Total Revenue": 205,
        "Gross Profit": 62,
        "Operating Income": 25,
        "EBIT": 35,
        "Net Income": 20
    },
    "2014-09-30": {
        "Diluted EPS": 0.48,
        "Total Revenue": 206,
        "Gross Profit": 62,
        "Operating Income": 24,
        "EBIT": 33,
        "Net Income": 17
    },
    "2014-06-30": {
        "Diluted EPS": 0.46,
        "Total Revenue": 206,
        "Gross Profit": 61,
        "Operating Income": 25,
        "EBIT": 33,
        "Net Income": 16
    },
    "2014-03-31": {
        "Diluted EPS": 0.47,
        "Total Revenue": 194,
        "Gross Profit": 57,
        "Operating Income": 25,
        "EBIT": 33,
        "Net Income": 17
    },
    "2013-12-31": {
        "Diluted EPS": 0.31,
        "Total Revenue": 182,
        "Gross Profit": 50,
        "Operating Income": 18,
        "EBIT": 25,
        "Net Income": 11
    },
    "2013-09-30": {
        "Diluted EPS": 0.24,
        "Total Revenue": 171,
        "Gross Profit": 46,
        "Operating Income": 15,
        "EBIT": 22,
        "Net Income": 9
    },
    "2013-06-30": {
        "Diluted EPS": 0.15,
        "Total Revenue": 161,
        "Gross Profit": 40,
        "Operating Income": 8,
        "EBIT": 16,
        "Net Income": 5
    },
    "2013-03-31": {
        "Diluted EPS": 0.24,
        "Total Revenue": 148,
        "Gross Profit": 39,
        "Operating Income": 10,
        "EBIT": 18,
        "Net Income": 8
    },
    "2012-12-31": {
        "Diluted EPS": 0.09,
        "Total Revenue": 148,
        "Gross Profit": 38,
        "Operating Income": 10,
        "EBIT": 17,
        "Net Income": 3
    },
    "2012-09-30": {
        "Diluted EPS": 0.08,
        "Total Revenue": 141,
        "Gross Profit": 37,
        "Operating Income": 10,
        "EBIT": 17,
        "Net Income": 2
    },
    "2012-06-30": {
        "Diluted EPS": 0.12,
        "Total Revenue": 136,
        "Gross Profit": 34,
        "Operating Income": 9,
        "EBIT": 16,
        "Net Income": 4
    },
    "2012-03-31": {
        "Diluted EPS": 0.1,
        "Total Revenue": 130,
        "Gross Profit": 33,
        "Operating Income": 8,
        "EBIT": 16,
        "Net Income": 3
    },
    "2011-12-31": {
        "Diluted EPS": 0.23,
        "Total Revenue": 131,
        "Gross Profit": 34,
        "Operating Income": 7,
        "EBIT": 15,
        "Net Income": 5
    },
    "2011-09-30": {
        "Diluted EPS": -0.07,
        "Total Revenue": 126,
        "Gross Profit": 31,
        "Operating Income": 6,
        "EBIT": 15,
        "Net Income": -2
    },
    "2011-06-30": {
        "Diluted EPS": -0.07,
        "Total Revenue": 77,
        "Gross Profit": 19,
        "Operating Income": 4,
        "EBIT": 10,
        "Net Income": -2
    },
    "2011-03-31": {
        "Diluted EPS": -0.03,
        "Total Revenue": 36,
        "Gross Profit": 10,
        "Operating Income": 1,
        "EBIT": 1,
        "Net Income": -1
    },
    "2010-12-31": {
        "Diluted EPS": 0.13,
        "Total Revenue": 29,
        "Gross Profit": 9,
        "Operating Income": 2,
        "EBIT": 2,
        "Net Income": 3
    },
    "2010-09-30": {
        "Diluted EPS": 0.12,
        "Total Revenue": 30,
        "Gross Profit": 9,
        "Operating Income": 4,
        "EBIT": 4,
        "Net Income": 3
    },
    "2010-06-30": {
        "Diluted EPS": 0.1,
        "Total Revenue": 29,
        "Gross Profit": 9,
        "Operating Income": 3,
        "EBIT": 4,
        "Net Income": 2
    },
    "2010-03-31": {
        "Diluted EPS": 0.07,
        "Total Revenue": 24,
        "Gross Profit": 7,
        "Operating Income": 2,
        "EBIT": 3,
        "Net Income": 2
    },
    "2009-12-31": {
        "Diluted EPS": 0.06,
        "Total Revenue": 22,
        "Gross Profit": 6,
        "Operating Income": 2,
        "EBIT": 3,
        "Net Income": 1
    },
    "2009-09-30": {
        "Diluted EPS": 0.05,
        "Total Revenue": 18,
        "Gross Profit": 5,
        "Operating Income": 1,
        "EBIT": 2,
        "Net Income": 1
    },
    "2009-06-30": {
        "Diluted EPS": -0.04,
        "Total Revenue": 11,
        "Gross Profit": 3,
        "Operating Income": -1,
        "EBIT": -1,
        "Net Income": -1
    },
    "2009-03-31": {
        "Diluted EPS": -0.04,
        "Total Revenue": 10,
        "Gross Profit": 2,
        "Operating Income": -1,
        "EBIT": -1,
        "Net Income": -1
    },
    "2023-09-30": {
        "Tax Effect Of Unusual Items": NaN,
        "Tax Rate For Calcs": NaN,
        "Normalized EBITDA": NaN,
        "Total Unusual Items": NaN,
        "Total Unusual Items Excluding Goodwill": NaN,
        "Net Income From Continuing Operation Net Minority Interest": NaN,
        "Reconciled Depreciation": NaN,
        "Reconciled Cost Of Revenue": NaN,
        "EBITDA": NaN,
        "EBIT": NaN,
        "Net Interest Income": NaN,
        "Interest Expense": NaN,
        "Normalized Income": NaN,
        "Net Income From Continuing And Discontinued Operation": NaN,
        "Total Expenses": NaN,
        "Total Operating Income As Reported": NaN,
        "Diluted Average Shares": NaN,
        "Basic Average Shares": NaN,
        "Diluted EPS": NaN,
        "Basic EPS": NaN,
        "Diluted NI Availto Com Stockholders": NaN,
        "Net Income Common Stockholders": NaN,
        "Net Income": NaN,
        "Net Income Including Noncontrolling Interests": NaN,
        "Net Income Continuous Operations": NaN,
        "Tax Provision": NaN,
        "Pretax Income": NaN,
        "Other Income Expense": NaN,
        "Other Non Operating Income Expenses": NaN,
        "Special Income Charges": NaN,
        "Gain On Sale Of Ppe": NaN,
        "Impairment Of Capital Assets": 0.0,
        "Restructuring And Mergern Acquisition": NaN,
        "Gain On Sale Of Security": NaN,
        "Net Non Operating Interest Income Expense": NaN,
        "Total Other Finance Cost": 3368000.0,
        "Interest Expense Non Operating": NaN,
        "Operating Income": NaN,
        "Operating Expense": NaN,
        "Research And Development": NaN,
        "Selling General And Administration": NaN,
        "Gross Profit": NaN,
        "Cost Of Revenue": NaN,
        "Total Revenue": NaN,
        "Operating Revenue": NaN
    },
    "2023-12-31": {
        "Tax Effect Of Unusual Items": NaN,
        "Tax Rate For Calcs": NaN,
        "Normalized EBITDA": NaN,
        "Total Unusual Items": NaN,
        "Total Unusual Items Excluding Goodwill": NaN,
        "Net Income From Continuing Operation Net Minority Interest": NaN,
        "Reconciled Depreciation": NaN,
        "Reconciled Cost Of Revenue": NaN,
        "EBITDA": NaN,
        "EBIT": NaN,
        "Net Interest Income": NaN,
        "Interest Expense": NaN,
        "Normalized Income": NaN,
        "Net Income From Continuing And Discontinued Operation": NaN,
        "Total Expenses": NaN,
        "Total Operating Income As Reported": NaN,
        "Diluted Average Shares": NaN,
        "Basic Average Shares": NaN,
        "Diluted EPS": NaN,
        "Basic EPS": NaN,
        "Diluted NI Availto Com Stockholders": NaN,
        "Net Income Common Stockholders": NaN,
        "Net Income": NaN,
        "Net Income Including Noncontrolling Interests": NaN,
        "Net Income Continuous Operations": NaN,
        "Tax Provision": NaN,
        "Pretax Income": NaN,
        "Other Income Expense": NaN,
        "Other Non Operating Income Expenses": NaN,
        "Special Income Charges": NaN,
        "Gain On Sale Of Ppe": NaN,
        "Impairment Of Capital Assets": 0.0,
        "Restructuring And Mergern Acquisition": NaN,
        "Gain On Sale Of Security": NaN,
        "Net Non Operating Interest Income Expense": NaN,
        "Interest Expense Non Operating": NaN,
        "Operating Income": NaN,
        "Operating Expense": NaN,
        "Research And Development": NaN,
        "Selling General And Administration": NaN,
        "Gross Profit": NaN,
        "Cost Of Revenue": NaN,
        "Total Revenue": NaN,
        "Operating Revenue": NaN
    },
    "2024-03-31": {
        "Tax Effect Of Unusual Items": -906227.860534,
        "Tax Rate For Calcs": 0.193267,
        "Normalized EBITDA": 40078000.0,
        "Total Unusual Items": -4689000.0,
        "Total Unusual Items Excluding Goodwill": -4689000.0,
        "Net Income From Continuing Operation Net Minority Interest": 14785000.0,
        "Reconciled Depreciation": 13818000.0,
        "Reconciled Cost Of Revenue": 267262000.0,
        "EBITDA": 35389000.0,
        "EBIT": 21571000.0,
        "Net Interest Income": -3244000.0,
        "Interest Expense": 3244000.0,
        "Normalized Income": 18567772.139466,
        "Net Income From Continuing And Discontinued Operation": 14785000.0,
        "Total Expenses": 330728000.0,
        "Total Operating Income As Reported": 18049000.0,
        "Diluted Average Shares": 31691331.0,
        "Basic Average Shares": 31543784.0,
        "Diluted EPS": 0.47,
        "Basic EPS": 0.47,
        "Diluted NI Availto Com Stockholders": 14785000.0,
        "Net Income Common Stockholders": 14785000.0,
        "Net Income": 14785000.0,
        "Net Income Including Noncontrolling Interests": 14785000.0,
        "Net Income Continuous Operations": 14785000.0,
        "Tax Provision": 3542000.0,
        "Pretax Income": 18327000.0,
        "Other Income Expense": -3716000.0,
        "Other Non Operating Income Expenses": 973000.0,
        "Special Income Charges": -7238000.0,
        "Gain On Sale Of Ppe": 0.0,
        "Impairment Of Capital Assets": NaN,
        "Restructuring And Mergern Acquisition": 7238000.0,
        "Gain On Sale Of Security": 2549000.0,
        "Net Non Operating Interest Income Expense": -3244000.0,
        "Interest Expense Non Operating": 3244000.0,
        "Operating Income": 25287000.0,
        "Operating Expense": 63466000.0,
        "Research And Development": 22745000.0,
        "Selling General And Administration": 40721000.0,
        "Gross Profit": 88753000.0,
        "Cost Of Revenue": 267262000.0,
        "Total Revenue": 356015000.0,
        "Operating Revenue": 356015000.0
    },
    "2024-06-30": {
        "Tax Effect Of Unusual Items": -915264.0,
        "Tax Rate For Calcs": 0.336,
        "Normalized EBITDA": 48061000.0,
        "Total Unusual Items": -2724000.0,
        "Total Unusual Items Excluding Goodwill": -2724000.0,
        "Net Income From Continuing Operation Net Minority Interest": 18876000.0,
        "Reconciled Depreciation": 12915000.0,
        "Reconciled Cost Of Revenue": 278982000.0,
        "EBITDA": 45337000.0,
        "EBIT": 32422000.0,
        "Net Interest Income": -4002000.0,
        "Interest Expense": 4002000.0,
        "Normalized Income": 20684736.0,
        "Net Income From Continuing And Discontinued Operation": 18876000.0,
        "Total Expenses": 340253000.0,
        "Total Operating Income As Reported": 32988000.0,
        "Diluted Average Shares": 31710000.0,
        "Basic Average Shares": 31534000.0,
        "Diluted EPS": 0.6,
        "Basic EPS": 0.6,
        "Diluted NI Availto Com Stockholders": 18876000.0,
        "Net Income Common Stockholders": 18876000.0,
        "Net Income": 18876000.0,
        "Net Income Including Noncontrolling Interests": 18876000.0,
        "Net Income Continuous Operations": 18876000.0,
        "Tax Provision": 9544000.0,
        "Pretax Income": 28420000.0,
        "Other Income Expense": -3008000.0,
        "Other Non Operating Income Expenses": -284000.0,
        "Special Income Charges": -2442000.0,
        "Gain On Sale Of Ppe": NaN,
        "Impairment Of Capital Assets": 0.0,
        "Restructuring And Mergern Acquisition": 2442000.0,
        "Gain On Sale Of Security": -282000.0,
        "Net Non Operating Interest Income Expense": -4002000.0,
        "Interest Expense Non Operating": 4002000.0,
        "Operating Income": 35430000.0,
        "Operating Expense": 61271000.0,
        "Research And Development": 21861000.0,
        "Selling General And Administration": 39410000.0,
        "Gross Profit": 96701000.0,
        "Cost Of Revenue": 278982000.0,
        "Total Revenue": 375683000.0,
        "Operating Revenue": 375683000.0
    },
    "2024-09-30": {
        "Tax Effect Of Unusual Items": -1972134.0,
        "Tax Rate For Calcs": 0.177,
        "Normalized EBITDA": 48614000.0,
        "Total Unusual Items": -11142000.0,
        "Total Unusual Items Excluding Goodwill": -11142000.0,
        "Net Income From Continuing Operation Net Minority Interest": 15965000.0,
        "Reconciled Depreciation": 13352000.0,
        "Reconciled Cost Of Revenue": 276639000.0,
        "EBITDA": 37472000.0,
        "EBIT": 24120000.0,
        "Net Interest Income": -4710000.0,
        "Interest Expense": 4710000.0,
        "Normalized Income": 25134866.0,
        "Net Income From Continuing And Discontinued Operation": 15965000.0,
        "Total Expenses": 336513000.0,
        "Total Operating Income As Reported": 32337000.0,
        "Diluted Average Shares": 31365049.0,
        "Basic Average Shares": 31186867.0,
        "Diluted EPS": 0.51,
        "Basic EPS": 0.51,
        "Diluted NI Availto Com Stockholders": 15965000.0,
        "Net Income Common Stockholders": 15965000.0,
        "Net Income": 15965000.0,
        "Net Income Including Noncontrolling Interests": 15965000.0,
        "Net Income Continuous Operations": 15965000.0,
        "Tax Provision": 3445000.0,
        "Pretax Income": 19410000.0,
        "Other Income Expense": -10879000.0,
        "Other Non Operating Income Expenses": 263000.0,
        "Special Income Charges": -2662000.0,
        "Gain On Sale Of Ppe": NaN,
        "Impairment Of Capital Assets": 0.0,
        "Restructuring And Mergern Acquisition": 2662000.0,
        "Gain On Sale Of Security": -8480000.0,
        "Net Non Operating Interest Income Expense": -4710000.0,
        "Interest Expense Non Operating": 4710000.0,
        "Operating Income": 34999000.0,
        "Operating Expense": 59874000.0,
        "Research And Development": 23013000.0,
        "Selling General And Administration": 36861000.0,
        "Gross Profit": 94873000.0,
        "Cost Of Revenue": 276639000.0,
        "Total Revenue": 371512000.0,
        "Operating Revenue": 371512000.0
    },
    "2024-12-31": {
        "Tax Effect Of Unusual Items": 2634030.0,
        "Tax Rate For Calcs": 0.21,
        "Normalized EBITDA": 39799000.0,
        "Total Unusual Items": 12543000.0,
        "Total Unusual Items Excluding Goodwill": 12543000.0,
        "Net Income From Continuing Operation Net Minority Interest": 15321000.0,
        "Reconciled Depreciation": 12890000.0,
        "Reconciled Cost Of Revenue": 266810000.0,
        "EBITDA": 52342000.0,
        "EBIT": 39452000.0,
        "Net Interest Income": -3344000.0,
        "Interest Expense": 3344000.0,
        "Normalized Income": 5412030.0,
        "Net Income From Continuing And Discontinued Operation": 15321000.0,
        "Total Expenses": 326004000.0,
        "Total Operating Income As Reported": 23641000.0,
        "Diluted Average Shares": 31054000.0,
        "Basic Average Shares": 30912000.0,
        "Diluted EPS": 0.49,
        "Basic EPS": 0.5,
        "Diluted NI Availto Com Stockholders": 15321000.0,
        "Net Income Common Stockholders": 15321000.0,
        "Net Income": 15321000.0,
        "Net Income Including Noncontrolling Interests": 15321000.0,
        "Net Income Continuous Operations": 15321000.0,
        "Tax Provision": 20787000.0,
        "Pretax Income": 36108000.0,
        "Other Income Expense": 12542000.0,
        "Other Non Operating Income Expenses": -1000.0,
        "Special Income Charges": -3269000.0,
        "Gain On Sale Of Ppe": NaN,
        "Impairment Of Capital Assets": 2501000.0,
        "Restructuring And Mergern Acquisition": 768000.0,
        "Gain On Sale Of Security": 15812000.0,
        "Net Non Operating Interest Income Expense": -3344000.0,
        "Interest Expense Non Operating": 3344000.0,
        "Operating Income": 26910000.0,
        "Operating Expense": 59194000.0,
        "Research And Development": 21078000.0,
        "Selling General And Administration": 38116000.0,
        "Gross Profit": 86104000.0,
        "Cost Of Revenue": 266810000.0,
        "Total Revenue": 352914000.0,
        "Operating Revenue": 352914000.0
    },
    "2025-03-31": {
        "Tax Effect Of Unusual Items": -6803200.0,
        "Tax Rate For Calcs": 0.4,
        "Normalized EBITDA": 35578000.0,
        "Total Unusual Items": -17008000.0,
        "Total Unusual Items Excluding Goodwill": -17008000.0,
        "Net Income From Continuing Operation Net Minority Interest": -128000.0,
        "Reconciled Depreciation": 12931000.0,
        "Reconciled Cost Of Revenue": 267389000.0,
        "EBITDA": 18570000.0,
        "EBIT": 5639000.0,
        "Net Interest Income": -3555000.0,
        "Interest Expense": 3555000.0,
        "Normalized Income": 10076800.0,
        "Net Income From Continuing And Discontinued Operation": -128000.0,
        "Total Expenses": 330083000.0,
        "Total Operating Income As Reported": 17061000.0,
        "Diluted Average Shares": 30778752.0,
        "Basic Average Shares": 30778752.0,
        "Diluted EPS": 0.0,
        "Basic EPS": 0.0,
        "Diluted NI Availto Com Stockholders": -128000.0,
        "Net Income Common Stockholders": -128000.0,
        "Net Income": -128000.0,
        "Net Income Including Noncontrolling Interests": -128000.0,
        "Net Income Continuous Operations": -128000.0,
        "Tax Provision": 2212000.0,
        "Pretax Income": 2084000.0,
        "Other Income Expense": -18132000.0,
        "Other Non Operating Income Expenses": -1124000.0,
        "Special Income Charges": -6710000.0,
        "Gain On Sale Of Ppe": -2196000.0,
        "Impairment Of Capital Assets": NaN,
        "Restructuring And Mergern Acquisition": 4514000.0,
        "Gain On Sale Of Security": -10298000.0,
        "Net Non Operating Interest Income Expense": -3555000.0,
        "Interest Expense Non Operating": 3555000.0,
        "Operating Income": 23771000.0,
        "Operating Expense": 62694000.0,
        "Research And Development": 24216000.0,
        "Selling General And Administration": 38478000.0,
        "Gross Profit": 86465000.0,
        "Cost Of Revenue": 267389000.0,
        "Total Revenue": 353854000.0,
        "Operating Revenue": 353854000.0
    }
}