{
    "2023-03-31": {
        "Tax Effect Of Unusual Items": NaN,
        "Tax Rate For Calcs": NaN,
        "Normalized EBITDA": NaN,
        "Net Income From Continuing Operation Net Minority Interest": NaN,
        "Reconciled Depreciation": NaN,
        "Reconciled Cost Of Revenue": NaN,
        "EBITDA": NaN,
        "EBIT": NaN,
        "Net Interest Income": NaN,
        "Interest Expense": NaN,
        "Normalized Income": NaN,
        "Net Income From Continuing And Discontinued Operation": NaN,
        "Total Expenses": NaN,
        "Rent Expense Supplemental": 2432786.0,
        "Diluted Average Shares": NaN,
        "Basic Average Shares": NaN,
        "Diluted EPS": NaN,
        "Basic EPS": NaN,
        "Diluted NI Availto Com Stockholders": NaN,
        "Net Income Common Stockholders": NaN,
        "Net Income": NaN,
        "Minority Interests": NaN,
        "Net Income Including Noncontrolling Interests": NaN,
        "Net Income Continuous Operations": NaN,
        "Tax Provision": NaN,
        "Pretax Income": NaN,
        "Other Income Expense": NaN,
        "Other Non Operating Income Expenses": NaN,
        "Net Non Operating Interest Income Expense": NaN,
        "Interest Expense Non Operating": NaN,
        "Operating Income": NaN,
        "Operating Expense": NaN,
        "Depreciation Amortization Depletion Income Statement": NaN,
        "Depreciation And Amortization In Income Statement": NaN,
        "Selling General And Administration": NaN,
        "Selling And Marketing Expense": NaN,
        "General And Administrative Expense": NaN,
        "Other Gand A": NaN,
        "Rent And Landing Fees": 2432786.0,
        "Gross Profit": NaN,
        "Cost Of Revenue": NaN,
        "Total Revenue": NaN,
        "Operating Revenue": NaN
    },
    "2022-12-31": {
        "Tax Effect Of Unusual Items": NaN,
        "Tax Rate For Calcs": NaN,
        "Normalized EBITDA": NaN,
        "Net Income From Continuing Operation Net Minority Interest": NaN,
        "Reconciled Depreciation": NaN,
        "Reconciled Cost Of Revenue": NaN,
        "EBITDA": NaN,
        "EBIT": NaN,
        "Net Interest Income": NaN,
        "Interest Expense": NaN,
        "Normalized Income": NaN,
        "Net Income From Continuing And Discontinued Operation": NaN,
        "Total Expenses": NaN,
        "Rent Expense Supplemental": 2021735.0,
        "Diluted Average Shares": NaN,
        "Basic Average Shares": NaN,
        "Diluted EPS": NaN,
        "Basic EPS": NaN,
        "Diluted NI Availto Com Stockholders": NaN,
        "Net Income Common Stockholders": NaN,
        "Net Income": NaN,
        "Minority Interests": NaN,
        "Net Income Including Noncontrolling Interests": NaN,
        "Net Income Continuous Operations": NaN,
        "Tax Provision": NaN,
        "Pretax Income": NaN,
        "Other Income Expense": NaN,
        "Other Non Operating Income Expenses": NaN,
        "Net Non Operating Interest Income Expense": NaN,
        "Interest Expense Non Operating": NaN,
        "Operating Income": NaN,
        "Operating Expense": NaN,
        "Depreciation Amortization Depletion Income Statement": NaN,
        "Depreciation And Amortization In Income Statement": NaN,
        "Selling General And Administration": NaN,
        "Selling And Marketing Expense": NaN,
        "General And Administrative Expense": NaN,
        "Other Gand A": NaN,
        "Rent And Landing Fees": 2021735.0,
        "Gross Profit": NaN,
        "Cost Of Revenue": NaN,
        "Total Revenue": NaN,
        "Operating Revenue": NaN
    },
    "2022-09-30": {
        "Tax Effect Of Unusual Items": NaN,
        "Tax Rate For Calcs": NaN,
        "Normalized EBITDA": NaN,
        "Total Unusual Items": 0.0,
        "Total Unusual Items Excluding Goodwill": 0.0,
        "Net Income From Continuing Operation Net Minority Interest": NaN,
        "Reconciled Depreciation": NaN,
        "Reconciled Cost Of Revenue": NaN,
        "EBITDA": NaN,
        "EBIT": NaN,
        "Net Interest Income": NaN,
        "Interest Expense": NaN,
        "Normalized Income": NaN,
        "Net Income From Continuing And Discontinued Operation": NaN,
        "Total Expenses": NaN,
        "Rent Expense Supplemental": NaN,
        "Diluted Average Shares": NaN,
        "Basic Average Shares": NaN,
        "Diluted EPS": NaN,
        "Basic EPS": NaN,
        "Diluted NI Availto Com Stockholders": NaN,
        "Net Income Common Stockholders": NaN,
        "Net Income": NaN,
        "Minority Interests": NaN,
        "Net Income Including Noncontrolling Interests": NaN,
        "Net Income Continuous Operations": NaN,
        "Tax Provision": NaN,
        "Pretax Income": NaN,
        "Other Income Expense": NaN,
        "Other Non Operating Income Expenses": NaN,
        "Special Income Charges": 0.0,
        "Net Non Operating Interest Income Expense": NaN,
        "Interest Expense Non Operating": NaN,
        "Operating Income": NaN,
        "Operating Expense": NaN,
        "Depreciation Amortization Depletion Income Statement": NaN,
        "Depreciation And Amortization In Income Statement": NaN,
        "Selling General And Administration": NaN,
        "Selling And Marketing Expense": NaN,
        "General And Administrative Expense": NaN,
        "Other Gand A": NaN,
        "Rent And Landing Fees": NaN,
        "Gross Profit": NaN,
        "Cost Of Revenue": NaN,
        "Total Revenue": NaN,
        "Operating Revenue": NaN
    },
    "2022-06-30": {
        "Tax Effect Of Unusual Items": 0.0,
        "Tax Rate For Calcs": 0.4,
        "Normalized EBITDA": -1903721.0,
        "Total Unusual Items": 0.0,
        "Total Unusual Items Excluding Goodwill": 0.0,
        "Net Income From Continuing Operation Net Minority Interest": -887050.0,
        "Reconciled Cost Of Revenue": 33021208.0,
        "EBITDA": -1903721.0,
        "EBIT": -1903721.0,
        "Net Interest Income": -3529347.0,
        "Interest Expense": 3529347.0,
        "Normalized Income": -887050.0,
        "Net Income From Continuing And Discontinued Operation": -887050.0,
        "Total Expenses": 55379833.0,
        "Rent Expense Supplemental": 2468543.0,
        "Diluted Average Shares": 152919589.0,
        "Basic Average Shares": 152919589.0,
        "Diluted EPS": -0.005801,
        "Basic EPS": -0.005801,
        "Diluted NI Availto Com Stockholders": -887050.0,
        "Net Income Common Stockholders": -887050.0,
        "Net Income": -887050.0,
        "Minority Interests": NaN,
        "Net Income Including Noncontrolling Interests": -887050.0,
        "Net Income Continuous Operations": -887050.0,
        "Tax Provision": 663366.0,
        "Pretax Income": -223684.0,
        "Other Income Expense": 1680037.0,
        "Other Non Operating Income Expenses": 1680037.0,
        "Special Income Charges": 0.0,
        "Net Non Operating Interest Income Expense": -3529347.0,
        "Interest Expense Non Operating": 3529347.0,
        "Operating Income": -1903721.0,
        "Operating Expense": 22358625.0,
        "Selling General And Administration": 22358625.0,
        "Selling And Marketing Expense": 8366559.0,
        "General And Administrative Expense": 13992066.0,
        "Other Gand A": 11523523.0,
        "Rent And Landing Fees": 2468543.0,
        "Gross Profit": 20454904.0,
        "Cost Of Revenue": 33021208.0,
        "Total Revenue": 53476112.0,
        "Operating Revenue": 44178179.0
    },
    "2022-03-31": {
        "Diluted EPS": -0.04,
        "Total Revenue": 53,
        "Gross Profit": 48,
        "Operating Income": -2,
        "EBIT": -2,
        "Net Income": -6
    },
    "2021-12-31": {
        "Diluted EPS": 0.03,
        "Total Revenue": 62,
        "Gross Profit": 55,
        "Operating Income": -3,
        "EBIT": -3,
        "Net Income": -5
    },
    "2021-09-30": {
        "Diluted EPS": 0.13,
        "Total Revenue": 61,
        "Gross Profit": 51,
        "Operating Income": 6,
        "EBIT": 6,
        "Net Income": 21
    },
    "2021-06-30": {
        "Diluted EPS": -0.15,
        "Total Revenue": 60,
        "Gross Profit": 54,
        "Operating Income": -2,
        "EBIT": -2,
        "Net Income": -22
    },
    "2021-03-31": {
        "Diluted EPS": 0.14,
        "Total Revenue": 81,
        "Gross Profit": 73,
        "Operating Income": 35,
        "EBIT": 35,
        "Net Income": 21
    },
    "2020-12-31": {
        "Diluted EPS": 0.1,
        "Total Revenue": 47,
        "Gross Profit": 43,
        "Operating Income": 11,
        "EBIT": 11,
        "Net Income": 8
    },
    "2020-09-30": {
        "Diluted EPS": 0.03,
        "Total Revenue": 38,
        "Gross Profit": 34,
        "Operating Income": 10,
        "EBIT": 10,
        "Net Income": 5
    },
    "2020-06-30": {
        "Diluted EPS": 0.02,
        "Total Revenue": 30,
        "Gross Profit": 27,
        "Operating Income": 7,
        "EBIT": 7,
        "Net Income": 3
    },
    "2020-03-31": {
        "Diluted EPS": -0.0,
        "Total Revenue": 23,
        "Gross Profit": 21,
        "Operating Income": 3,
        "EBIT": 3,
        "Net Income": 0
    },
    "2019-12-31": {
        "Diluted EPS": 0.08,
        "Total Revenue": 20,
        "Gross Profit": 19,
        "Operating Income": 1,
        "EBIT": 1,
        "Net Income": -1
    },
    "2019-09-30": {
        "Diluted EPS": -0.01,
        "Total Revenue": 15,
        "Gross Profit": 15,
        "Operating Income": -1,
        "EBIT": -1,
        "Net Income": -1
    },
    "2019-06-30": {
        "Diluted EPS": -0.01,
        "Total Revenue": 14,
        "Gross Profit": 13,
        "Operating Income": -2,
        "EBIT": -2,
        "Net Income": -2
    },
    "2019-03-31": {
        "Diluted EPS": -0.06,
        "Total Revenue": 10,
        "Gross Profit": 10,
        "Operating Income": -4,
        "EBIT": -4,
        "Net Income": -3
    },
    "2018-12-31": {
        "Diluted EPS": -0.05,
        "Total Revenue": 10,
        "Gross Profit": 9,
        "Operating Income": -4,
        "EBIT": -3,
        "Net Income": -2
    },
    "2018-09-30": {
        "Diluted EPS": -0.09,
        "Total Revenue": 9,
        "Gross Profit": 9,
        "Operating Income": -4,
        "EBIT": -4,
        "Net Income": -3
    },
    "2018-06-30": {
        "Diluted EPS": -1.15,
        "Total Revenue": 7,
        "Gross Profit": 7,
        "Operating Income": -37,
        "EBIT": -37,
        "Net Income": -36
    },
    "2018-03-31": {
        "Diluted EPS": -0.07,
        "Total Revenue": 8,
        "Gross Profit": 8,
        "Operating Income": -2,
        "EBIT": -2,
        "Net Income": -2
    },
    "2017-12-31": {
        "Diluted EPS": 0.0,
        "Total Revenue": NaN,
        "Gross Profit": NaN,
        "Operating Income": NaN,
        "EBIT": NaN,
        "Net Income": NaN
    },
    "2023-06-30": {
        "Tax Effect Of Unusual Items": NaN,
        "Tax Rate For Calcs": NaN,
        "Normalized EBITDA": NaN,
        "Net Income From Continuing Operation Net Minority Interest": NaN,
        "Reconciled Depreciation": NaN,
        "Reconciled Cost Of Revenue": NaN,
        "EBITDA": NaN,
        "EBIT": NaN,
        "Net Interest Income": NaN,
        "Interest Expense": NaN,
        "Normalized Income": NaN,
        "Net Income From Continuing And Discontinued Operation": NaN,
        "Total Expenses": NaN,
        "Rent Expense Supplemental": 2528576.0,
        "Diluted Average Shares": 161147584.0,
        "Basic Average Shares": 154791719.0,
        "Diluted EPS": 0.09,
        "Basic EPS": 0.09,
        "Diluted NI Availto Com Stockholders": NaN,
        "Net Income Common Stockholders": NaN,
        "Net Income": NaN,
        "Minority Interests": NaN,
        "Net Income Including Noncontrolling Interests": NaN,
        "Net Income Continuous Operations": NaN,
        "Tax Provision": NaN,
        "Pretax Income": NaN,
        "Other Income Expense": NaN,
        "Other Non Operating Income Expenses": NaN,
        "Net Non Operating Interest Income Expense": NaN,
        "Interest Expense Non Operating": NaN,
        "Operating Income": NaN,
        "Operating Expense": NaN,
        "Depreciation Amortization Depletion Income Statement": NaN,
        "Depreciation And Amortization In Income Statement": NaN,
        "Selling General And Administration": NaN,
        "Selling And Marketing Expense": NaN,
        "General And Administrative Expense": NaN,
        "Other Gand A": NaN,
        "Rent And Landing Fees": 2528576.0,
        "Gross Profit": NaN,
        "Cost Of Revenue": NaN,
        "Total Revenue": NaN,
        "Operating Revenue": NaN
    },
    "2023-09-30": {
        "Tax Effect Of Unusual Items": NaN,
        "Tax Rate For Calcs": NaN,
        "Normalized EBITDA": NaN,
        "Net Income From Continuing Operation Net Minority Interest": NaN,
        "Reconciled Depreciation": NaN,
        "Reconciled Cost Of Revenue": NaN,
        "EBITDA": NaN,
        "EBIT": NaN,
        "Net Interest Income": NaN,
        "Interest Expense": NaN,
        "Normalized Income": NaN,
        "Net Income From Continuing And Discontinued Operation": NaN,
        "Total Expenses": NaN,
        "Rent Expense Supplemental": 2235084.0,
        "Diluted Average Shares": 162616553.0,
        "Basic Average Shares": 155348082.0,
        "Diluted EPS": 0.09,
        "Basic EPS": 0.09,
        "Diluted NI Availto Com Stockholders": NaN,
        "Net Income Common Stockholders": NaN,
        "Net Income": NaN,
        "Minority Interests": NaN,
        "Net Income Including Noncontrolling Interests": NaN,
        "Net Income Continuous Operations": NaN,
        "Tax Provision": NaN,
        "Pretax Income": NaN,
        "Other Income Expense": NaN,
        "Other Non Operating Income Expenses": NaN,
        "Net Non Operating Interest Income Expense": NaN,
        "Interest Expense Non Operating": NaN,
        "Operating Income": NaN,
        "Operating Expense": NaN,
        "Depreciation Amortization Depletion Income Statement": NaN,
        "Depreciation And Amortization In Income Statement": NaN,
        "Selling General And Administration": NaN,
        "Selling And Marketing Expense": NaN,
        "General And Administrative Expense": NaN,
        "Other Gand A": NaN,
        "Rent And Landing Fees": 2235084.0,
        "Gross Profit": NaN,
        "Cost Of Revenue": NaN,
        "Total Revenue": NaN,
        "Operating Revenue": NaN
    },
    "2023-12-31": {
        "Tax Effect Of Unusual Items": NaN,
        "Tax Rate For Calcs": NaN,
        "Normalized EBITDA": NaN,
        "Net Income From Continuing Operation Net Minority Interest": NaN,
        "Reconciled Depreciation": NaN,
        "Reconciled Cost Of Revenue": NaN,
        "EBITDA": NaN,
        "EBIT": NaN,
        "Net Interest Income": NaN,
        "Interest Expense": NaN,
        "Normalized Income": NaN,
        "Net Income From Continuing And Discontinued Operation": NaN,
        "Total Expenses": NaN,
        "Rent Expense Supplemental": 2190610.0,
        "Diluted Average Shares": NaN,
        "Basic Average Shares": NaN,
        "Diluted EPS": NaN,
        "Basic EPS": NaN,
        "Diluted NI Availto Com Stockholders": NaN,
        "Net Income Common Stockholders": NaN,
        "Net Income": NaN,
        "Minority Interests": NaN,
        "Net Income Including Noncontrolling Interests": NaN,
        "Net Income Continuous Operations": NaN,
        "Tax Provision": NaN,
        "Pretax Income": NaN,
        "Other Income Expense": NaN,
        "Other Non Operating Income Expenses": NaN,
        "Net Non Operating Interest Income Expense": NaN,
        "Interest Expense Non Operating": NaN,
        "Operating Income": NaN,
        "Operating Expense": NaN,
        "Depreciation Amortization Depletion Income Statement": NaN,
        "Depreciation And Amortization In Income Statement": NaN,
        "Selling General And Administration": NaN,
        "Selling And Marketing Expense": NaN,
        "General And Administrative Expense": NaN,
        "Other Gand A": NaN,
        "Rent And Landing Fees": 2190610.0,
        "Gross Profit": NaN,
        "Cost Of Revenue": NaN,
        "Total Revenue": NaN,
        "Operating Revenue": NaN
    },
    "2024-03-31": {
        "Tax Effect Of Unusual Items": 0.0,
        "Tax Rate For Calcs": 0.266498,
        "Normalized EBITDA": 33926024.0,
        "Net Income From Continuing Operation Net Minority Interest": 12330147.0,
        "Reconciled Depreciation": 2144337.0,
        "Reconciled Cost Of Revenue": 30018081.0,
        "EBITDA": 33926024.0,
        "EBIT": 31781687.0,
        "Net Interest Income": -14789835.0,
        "Interest Expense": 14789835.0,
        "Normalized Income": 12330147.0,
        "Net Income From Continuing And Discontinued Operation": 12330147.0,
        "Total Expenses": 50782024.0,
        "Rent Expense Supplemental": NaN,
        "Diluted Average Shares": 163468197.0,
        "Basic Average Shares": 156164593.0,
        "Diluted EPS": 0.075,
        "Basic EPS": 0.075,
        "Diluted NI Availto Com Stockholders": 12330147.0,
        "Net Income Common Stockholders": 12330147.0,
        "Net Income": 12330147.0,
        "Minority Interests": -133408.0,
        "Net Income Including Noncontrolling Interests": 12463555.0,
        "Net Income Continuous Operations": 12463555.0,
        "Tax Provision": 4528297.0,
        "Pretax Income": 16991852.0,
        "Other Income Expense": 3615219.0,
        "Other Non Operating Income Expenses": 3615219.0,
        "Net Non Operating Interest Income Expense": -14789835.0,
        "Interest Expense Non Operating": 14789835.0,
        "Operating Income": 28166468.0,
        "Operating Expense": 20763943.0,
        "Depreciation Amortization Depletion Income Statement": 2144337.0,
        "Depreciation And Amortization In Income Statement": 2144337.0,
        "Selling General And Administration": 18619606.0,
        "Selling And Marketing Expense": 4390987.0,
        "General And Administrative Expense": 14228619.0,
        "Other Gand A": 14228619.0,
        "Rent And Landing Fees": NaN,
        "Gross Profit": 48930411.0,
        "Cost Of Revenue": 30018081.0,
        "Total Revenue": 78948492.0,
        "Operating Revenue": 74459503.0
    },
    "2024-06-30": {
        "Tax Effect Of Unusual Items": 0.0,
        "Tax Rate For Calcs": 0.28,
        "Normalized EBITDA": 21922509.0,
        "Net Income From Continuing Operation Net Minority Interest": 2593222.0,
        "Reconciled Depreciation": 2109688.0,
        "Reconciled Cost Of Revenue": 31452235.0,
        "EBITDA": 21922509.0,
        "EBIT": 19812821.0,
        "Net Interest Income": -13581981.0,
        "Interest Expense": 13581981.0,
        "Normalized Income": 2593222.0,
        "Net Income From Continuing And Discontinued Operation": 2593222.0,
        "Total Expenses": 69029200.0,
        "Rent Expense Supplemental": NaN,
        "Diluted Average Shares": 158583497.0,
        "Basic Average Shares": 156962179.0,
        "Diluted EPS": 0.015,
        "Basic EPS": 0.015,
        "Diluted NI Availto Com Stockholders": 2593222.0,
        "Net Income Common Stockholders": 2593222.0,
        "Net Income": 2593222.0,
        "Minority Interests": -151358.0,
        "Net Income Including Noncontrolling Interests": 2744580.0,
        "Net Income Continuous Operations": 2744580.0,
        "Tax Provision": 3486260.0,
        "Pretax Income": 6230840.0,
        "Other Income Expense": 1405013.0,
        "Other Non Operating Income Expenses": 1405013.0,
        "Net Non Operating Interest Income Expense": -13581981.0,
        "Interest Expense Non Operating": 13581981.0,
        "Operating Income": 18407808.0,
        "Operating Expense": 37576965.0,
        "Depreciation Amortization Depletion Income Statement": 2109688.0,
        "Depreciation And Amortization In Income Statement": 2109688.0,
        "Selling General And Administration": 35467277.0,
        "Selling And Marketing Expense": 6407744.0,
        "General And Administrative Expense": 29059533.0,
        "Other Gand A": 29059533.0,
        "Rent And Landing Fees": NaN,
        "Gross Profit": 55984773.0,
        "Cost Of Revenue": 31452235.0,
        "Total Revenue": 87437008.0,
        "Operating Revenue": 81185925.0
    },
    "2024-09-30": {
        "Tax Effect Of Unusual Items": 0.0,
        "Tax Rate For Calcs": 0.139591,
        "Normalized EBITDA": 38688788.0,
        "Net Income From Continuing Operation Net Minority Interest": 17754294.0,
        "Reconciled Depreciation": 2162704.0,
        "Reconciled Cost Of Revenue": 32288591.0,
        "EBITDA": 38688788.0,
        "EBIT": 36526084.0,
        "Net Interest Income": -15700359.0,
        "Interest Expense": 15700359.0,
        "Normalized Income": 17754294.0,
        "Net Income From Continuing And Discontinued Operation": 17754294.0,
        "Total Expenses": 59338051.0,
        "Rent Expense Supplemental": NaN,
        "Diluted Average Shares": 164482794.0,
        "Basic Average Shares": 157501908.0,
        "Diluted EPS": 0.105,
        "Basic EPS": 0.12,
        "Diluted NI Availto Com Stockholders": 17754294.0,
        "Net Income Common Stockholders": 17754294.0,
        "Net Income": 17754294.0,
        "Minority Interests": -164351.0,
        "Net Income Including Noncontrolling Interests": 17918645.0,
        "Net Income Continuous Operations": 17918645.0,
        "Tax Provision": 2907080.0,
        "Pretax Income": 20825725.0,
        "Other Income Expense": -5189945.0,
        "Other Non Operating Income Expenses": -5189945.0,
        "Net Non Operating Interest Income Expense": -15700359.0,
        "Interest Expense Non Operating": 15700359.0,
        "Operating Income": 41716029.0,
        "Operating Expense": 27049460.0,
        "Depreciation Amortization Depletion Income Statement": 2162704.0,
        "Depreciation And Amortization In Income Statement": 2162704.0,
        "Selling General And Administration": 24886756.0,
        "Selling And Marketing Expense": 8223404.0,
        "General And Administrative Expense": 16663352.0,
        "Other Gand A": 16663352.0,
        "Rent And Landing Fees": NaN,
        "Gross Profit": 68765489.0,
        "Cost Of Revenue": 32288591.0,
        "Total Revenue": 101054080.0,
        "Operating Revenue": 91969246.0
    },
    "2024-12-31": {
        "Tax Effect Of Unusual Items": 0.0,
        "Tax Rate For Calcs": 0.251572,
        "Normalized EBITDA": 56584159.0,
        "Net Income From Continuing Operation Net Minority Interest": 28050257.0,
        "Reconciled Depreciation": 2137586.0,
        "Reconciled Cost Of Revenue": 43258242.0,
        "EBITDA": 56584159.0,
        "EBIT": 54446573.0,
        "Net Interest Income": -16731341.0,
        "Interest Expense": 16731341.0,
        "Normalized Income": 28050257.0,
        "Net Income From Continuing And Discontinued Operation": 28050257.0,
        "Total Expenses": 73124297.0,
        "Rent Expense Supplemental": NaN,
        "Diluted Average Shares": 179173811.0,
        "Basic Average Shares": 170527445.0,
        "Diluted EPS": 0.165,
        "Basic EPS": 0.165,
        "Diluted NI Availto Com Stockholders": 29189275.0,
        "Net Income Common Stockholders": 28050257.0,
        "Net Income": 28050257.0,
        "Minority Interests": -176891.0,
        "Net Income Including Noncontrolling Interests": 28227148.0,
        "Net Income Continuous Operations": 28227148.0,
        "Tax Provision": 9488084.0,
        "Pretax Income": 37715232.0,
        "Other Income Expense": 3469021.0,
        "Other Non Operating Income Expenses": 3469021.0,
        "Net Non Operating Interest Income Expense": -16731341.0,
        "Interest Expense Non Operating": 16731341.0,
        "Operating Income": 50977552.0,
        "Operating Expense": 29866055.0,
        "Depreciation Amortization Depletion Income Statement": 2137586.0,
        "Depreciation And Amortization In Income Statement": 2137586.0,
        "Selling General And Administration": 27728469.0,
        "Selling And Marketing Expense": 9507918.0,
        "General And Administrative Expense": 18220551.0,
        "Other Gand A": 18220551.0,
        "Rent And Landing Fees": NaN,
        "Gross Profit": 80843607.0,
        "Cost Of Revenue": 43258242.0,
        "Total Revenue": 124101849.0,
        "Operating Revenue": 114496684.0
    },
    "2025-03-31": {
        "Tax Effect Of Unusual Items": 0.0,
        "Tax Rate For Calcs": 0.218449,
        "Normalized EBITDA": 56326911.0,
        "Net Income From Continuing Operation Net Minority Interest": 30419125.0,
        "Reconciled Depreciation": 2149308.0,
        "Reconciled Cost Of Revenue": 39144725.0,
        "EBITDA": 56326911.0,
        "EBIT": 54177603.0,
        "Net Interest Income": -15041810.0,
        "Interest Expense": 15041810.0,
        "Normalized Income": 30419125.0,
        "Net Income From Continuing And Discontinued Operation": 30419125.0,
        "Total Expenses": 67092296.0,
        "Rent Expense Supplemental": NaN,
        "Diluted Average Shares": 184472928.0,
        "Basic Average Shares": 175664847.0,
        "Diluted EPS": 0.165,
        "Basic EPS": 0.18,
        "Diluted NI Availto Com Stockholders": 30419125.0,
        "Net Income Common Stockholders": 30419125.0,
        "Net Income": 30419125.0,
        "Minority Interests": -167510.0,
        "Net Income Including Noncontrolling Interests": 30586635.0,
        "Net Income Continuous Operations": 30586635.0,
        "Tax Provision": 8549158.0,
        "Pretax Income": 39135793.0,
        "Other Income Expense": -1340064.0,
        "Other Non Operating Income Expenses": -1340064.0,
        "Net Non Operating Interest Income Expense": -15041810.0,
        "Interest Expense Non Operating": 15041810.0,
        "Operating Income": 55517667.0,
        "Operating Expense": 27947571.0,
        "Depreciation Amortization Depletion Income Statement": 2149308.0,
        "Depreciation And Amortization In Income Statement": 2149308.0,
        "Selling General And Administration": 25798263.0,
        "Selling And Marketing Expense": 10867048.0,
        "General And Administrative Expense": 14931215.0,
        "Other Gand A": 14931215.0,
        "Rent And Landing Fees": NaN,
        "Gross Profit": 83465238.0,
        "Cost Of Revenue": 39144725.0,
        "Total Revenue": 122609963.0,
        "Operating Revenue": 114672976.0
    },
    "2025-06-30": {
        "Tax Effect Of Unusual Items": 0.0,
        "Tax Rate For Calcs": 0.152841,
        "Normalized EBITDA": 69136292.0,
        "Net Income From Continuing Operation Net Minority Interest": 41430606.0,
        "Reconciled Depreciation": 2729010.0,
        "Reconciled Cost Of Revenue": 41227244.0,
        "EBITDA": 69136292.0,
        "EBIT": 66407282.0,
        "Net Interest Income": -17338435.0,
        "Interest Expense": 17338435.0,
        "Normalized Income": 41430606.0,
        "Net Income From Continuing And Discontinued Operation": 41430606.0,
        "Total Expenses": 70951419.0,
        "Rent Expense Supplemental": NaN,
        "Diluted Average Shares": 185414878.0,
        "Basic Average Shares": 176656841.0,
        "Diluted EPS": 0.225,
        "Basic EPS": 0.24,
        "Diluted NI Availto Com Stockholders": 41430606.0,
        "Net Income Common Stockholders": 41430606.0,
        "Net Income": 41430606.0,
        "Minority Interests": -138499.0,
        "Net Income Including Noncontrolling Interests": 41569105.0,
        "Net Income Continuous Operations": 41569105.0,
        "Tax Provision": 7499742.0,
        "Pretax Income": 49068847.0,
        "Other Income Expense": -1361336.0,
        "Other Non Operating Income Expenses": -1361336.0,
        "Net Non Operating Interest Income Expense": -17338435.0,
        "Interest Expense Non Operating": 17338435.0,
        "Operating Income": 67768618.0,
        "Operating Expense": 29724175.0,
        "Depreciation Amortization Depletion Income Statement": 2729010.0,
        "Depreciation And Amortization In Income Statement": 2729010.0,
        "Selling General And Administration": 26995165.0,
        "Selling And Marketing Expense": 9875699.0,
        "General And Administrative Expense": 17119466.0,
        "Other Gand A": 17119466.0,
        "Rent And Landing Fees": NaN,
        "Gross Profit": 97492793.0,
        "Cost Of Revenue": 41227244.0,
        "Total Revenue": 138720037.0,
        "Operating Revenue": 126211272.0
    }
}