{
    "2023-03-31": {
        "Tax Effect Of Unusual Items": NaN,
        "Tax Rate For Calcs": NaN,
        "Normalized EBITDA": NaN,
        "Total Unusual Items": NaN,
        "Total Unusual Items Excluding Goodwill": NaN,
        "Net Income From Continuing Operation Net Minority Interest": NaN,
        "Reconciled Depreciation": NaN,
        "Reconciled Cost Of Revenue": NaN,
        "EBITDA": NaN,
        "EBIT": NaN,
        "Net Interest Income": NaN,
        "Interest Expense": NaN,
        "Normalized Income": NaN,
        "Net Income From Continuing And Discontinued Operation": NaN,
        "Total Expenses": NaN,
        "Total Operating Income As Reported": NaN,
        "Diluted Average Shares": NaN,
        "Basic Average Shares": NaN,
        "Diluted EPS": NaN,
        "Basic EPS": NaN,
        "Diluted NI Availto Com Stockholders": NaN,
        "Net Income Common Stockholders": NaN,
        "Otherunder Preferred Stock Dividend": NaN,
        "Net Income": NaN,
        "Net Income Including Noncontrolling Interests": NaN,
        "Net Income Continuous Operations": NaN,
        "Tax Provision": NaN,
        "Pretax Income": NaN,
        "Other Income Expense": NaN,
        "Other Non Operating Income Expenses": NaN,
        "Special Income Charges": NaN,
        "Restructuring And Mergern Acquisition": 142000.0,
        "Net Non Operating Interest Income Expense": NaN,
        "Interest Expense Non Operating": NaN,
        "Operating Income": NaN,
        "Operating Expense": NaN,
        "Selling General And Administration": NaN,
        "Gross Profit": NaN,
        "Cost Of Revenue": NaN,
        "Total Revenue": NaN,
        "Operating Revenue": NaN
    },
    "2022-12-31": {
        "Tax Effect Of Unusual Items": -7676130.0,
        "Tax Rate For Calcs": 0.21,
        "Normalized EBITDA": 30997000.0,
        "Total Unusual Items": -36553000.0,
        "Total Unusual Items Excluding Goodwill": -36553000.0,
        "Net Income From Continuing Operation Net Minority Interest": -24616000.0,
        "Reconciled Depreciation": 10897000.0,
        "Reconciled Cost Of Revenue": 230112000.0,
        "EBITDA": -5556000.0,
        "EBIT": -16453000.0,
        "Net Interest Income": -8142000.0,
        "Interest Expense": 8142000.0,
        "Normalized Income": 4260870.0,
        "Net Income From Continuing And Discontinued Operation": -24616000.0,
        "Total Expenses": 313591000.0,
        "Total Operating Income As Reported": -14589000.0,
        "Diluted Average Shares": 58166000.0,
        "Basic Average Shares": 58166000.0,
        "Diluted EPS": -0.42,
        "Basic EPS": -0.42,
        "Diluted NI Availto Com Stockholders": -24223000.0,
        "Net Income Common Stockholders": -24223000.0,
        "Otherunder Preferred Stock Dividend": -393000.0,
        "Net Income": -24616000.0,
        "Net Income Including Noncontrolling Interests": -24616000.0,
        "Net Income Continuous Operations": -24616000.0,
        "Tax Provision": 21000.0,
        "Pretax Income": -24595000.0,
        "Other Income Expense": -38417000.0,
        "Other Non Operating Income Expenses": -1864000.0,
        "Special Income Charges": -36553000.0,
        "Restructuring And Mergern Acquisition": 373000.0,
        "Net Non Operating Interest Income Expense": -8142000.0,
        "Interest Expense Non Operating": 8142000.0,
        "Operating Income": 21964000.0,
        "Operating Expense": 83479000.0,
        "Selling General And Administration": 83479000.0,
        "Gross Profit": 105443000.0,
        "Cost Of Revenue": 230112000.0,
        "Total Revenue": 335555000.0,
        "Operating Revenue": 335555000.0
    },
    "2022-09-30": {
        "Tax Effect Of Unusual Items": 31784.740469,
        "Tax Rate For Calcs": 0.302712,
        "Normalized EBITDA": 38842000.0,
        "Total Unusual Items": 105000.0,
        "Total Unusual Items Excluding Goodwill": 105000.0,
        "Net Income From Continuing Operation Net Minority Interest": 14065000.0,
        "Reconciled Depreciation": 11029000.0,
        "Reconciled Cost Of Revenue": 218972000.0,
        "EBITDA": 38947000.0,
        "EBIT": 27918000.0,
        "Net Interest Income": -7747000.0,
        "Interest Expense": 7747000.0,
        "Normalized Income": 13991784.740469,
        "Net Income From Continuing And Discontinued Operation": 14065000.0,
        "Total Expenses": 299820000.0,
        "Total Operating Income As Reported": 28042000.0,
        "Diluted Average Shares": 58681000.0,
        "Basic Average Shares": 58681000.0,
        "Diluted EPS": 0.24,
        "Basic EPS": 0.24,
        "Diluted NI Availto Com Stockholders": 14065000.0,
        "Net Income Common Stockholders": 14065000.0,
        "Otherunder Preferred Stock Dividend": 246000.0,
        "Net Income": 14065000.0,
        "Net Income Including Noncontrolling Interests": 14065000.0,
        "Net Income Continuous Operations": 14065000.0,
        "Tax Provision": 6106000.0,
        "Pretax Income": 20171000.0,
        "Other Income Expense": -19000.0,
        "Other Non Operating Income Expenses": -124000.0,
        "Special Income Charges": 105000.0,
        "Impairment Of Capital Assets": NaN,
        "Restructuring And Mergern Acquisition": -105000.0,
        "Net Non Operating Interest Income Expense": -7747000.0,
        "Interest Expense Non Operating": 7747000.0,
        "Operating Income": 27937000.0,
        "Operating Expense": 80848000.0,
        "Selling General And Administration": 80848000.0,
        "Gross Profit": 108785000.0,
        "Cost Of Revenue": 218972000.0,
        "Total Revenue": 327757000.0,
        "Operating Revenue": 327757000.0
    },
    "2022-06-30": {
        "Tax Effect Of Unusual Items": -284862.958251,
        "Tax Rate For Calcs": 0.351683,
        "Normalized EBITDA": 45378000.0,
        "Total Unusual Items": -810000.0,
        "Total Unusual Items Excluding Goodwill": -810000.0,
        "Net Income From Continuing Operation Net Minority Interest": 16818000.0,
        "Reconciled Depreciation": 11437000.0,
        "Reconciled Cost Of Revenue": 229899000.0,
        "EBITDA": 44568000.0,
        "EBIT": 33131000.0,
        "Net Interest Income": -7190000.0,
        "Interest Expense": 7190000.0,
        "Normalized Income": 17343137.041749,
        "Net Income From Continuing And Discontinued Operation": 16818000.0,
        "Total Expenses": 311270000.0,
        "Total Operating Income As Reported": 34525000.0,
        "Diluted Average Shares": 59368000.0,
        "Basic Average Shares": 59368000.0,
        "Diluted EPS": 0.28,
        "Basic EPS": 0.28,
        "Diluted NI Availto Com Stockholders": 16818000.0,
        "Net Income Common Stockholders": 16818000.0,
        "Otherunder Preferred Stock Dividend": 286000.0,
        "Net Income": 16818000.0,
        "Net Income Including Noncontrolling Interests": 16818000.0,
        "Net Income Continuous Operations": 16818000.0,
        "Tax Provision": 9123000.0,
        "Pretax Income": 25941000.0,
        "Other Income Expense": -2204000.0,
        "Other Non Operating Income Expenses": -1394000.0,
        "Special Income Charges": -810000.0,
        "Impairment Of Capital Assets": NaN,
        "Restructuring And Mergern Acquisition": 810000.0,
        "Net Non Operating Interest Income Expense": -7190000.0,
        "Interest Expense Non Operating": 7190000.0,
        "Operating Income": 35335000.0,
        "Operating Expense": 81371000.0,
        "Selling General And Administration": 81371000.0,
        "Gross Profit": 116706000.0,
        "Cost Of Revenue": 229899000.0,
        "Total Revenue": 346605000.0,
        "Operating Revenue": 346605000.0
    },
    "2022-03-31": {
        "Diluted EPS": 0.22,
        "Total Revenue": 288,
        "Gross Profit": 107,
        "Operating Income": 27,
        "EBIT": 42,
        "Net Income": 13
    },
    "2021-12-31": {
        "Diluted EPS": 0.37,
        "Total Revenue": 340,
        "Gross Profit": 121,
        "Operating Income": 34,
        "EBIT": 48,
        "Net Income": 22
    },
    "2021-09-30": {
        "Diluted EPS": 0.19,
        "Total Revenue": 313,
        "Gross Profit": 106,
        "Operating Income": 25,
        "EBIT": 39,
        "Net Income": 11
    },
    "2021-06-30": {
        "Diluted EPS": 0.26,
        "Total Revenue": 295,
        "Gross Profit": 109,
        "Operating Income": 29,
        "EBIT": 44,
        "Net Income": 16
    },
    "2021-03-31": {
        "Diluted EPS": 0.12,
        "Total Revenue": 253,
        "Gross Profit": 96,
        "Operating Income": 17,
        "EBIT": 31,
        "Net Income": 7
    },
    "2020-12-31": {
        "Diluted EPS": 0.34,
        "Total Revenue": 277,
        "Gross Profit": 97,
        "Operating Income": 21,
        "EBIT": -86,
        "Net Income": 20
    },
    "2020-09-30": {
        "Diluted EPS": 0.1,
        "Total Revenue": 279,
        "Gross Profit": 102,
        "Operating Income": 16,
        "EBIT": 30,
        "Net Income": 6
    },
    "2020-06-30": {
        "Diluted EPS": 0.08,
        "Total Revenue": 260,
        "Gross Profit": 97,
        "Operating Income": 17,
        "EBIT": 30,
        "Net Income": 5
    },
    "2020-03-31": {
        "Diluted EPS": -1.75,
        "Total Revenue": 288,
        "Gross Profit": 114,
        "Operating Income": -94,
        "EBIT": 37,
        "Net Income": -102
    },
    "2019-12-31": {
        "Diluted EPS": 0.27,
        "Total Revenue": 339,
        "Gross Profit": 138,
        "Operating Income": 28,
        "EBIT": 43,
        "Net Income": 16
    },
    "2019-09-30": {
        "Diluted EPS": 0.45,
        "Total Revenue": 348,
        "Gross Profit": 138,
        "Operating Income": 44,
        "EBIT": 58,
        "Net Income": 26
    },
    "2019-06-30": {
        "Diluted EPS": 0.5,
        "Total Revenue": 358,
        "Gross Profit": 141,
        "Operating Income": 43,
        "EBIT": 58,
        "Net Income": 29
    },
    "2019-03-31": {
        "Diluted EPS": 0.12,
        "Total Revenue": 298,
        "Gross Profit": 117,
        "Operating Income": 16,
        "EBIT": 32,
        "Net Income": 7
    },
    "2018-12-31": {
        "Diluted EPS": 0.1,
        "Total Revenue": 337,
        "Gross Profit": 127,
        "Operating Income": 4,
        "EBIT": 33,
        "Net Income": 6
    },
    "2018-09-30": {
        "Diluted EPS": 0.14,
        "Total Revenue": 318,
        "Gross Profit": 100,
        "Operating Income": 16,
        "EBIT": 49,
        "Net Income": 8
    },
    "2018-06-30": {
        "Diluted EPS": 0.35,
        "Total Revenue": 284,
        "Gross Profit": 109,
        "Operating Income": 34,
        "EBIT": 45,
        "Net Income": 21
    },
    "2018-03-31": {
        "Diluted EPS": 0.25,
        "Total Revenue": 241,
        "Gross Profit": 94,
        "Operating Income": 23,
        "EBIT": 35,
        "Net Income": 15
    },
    "2017-12-31": {
        "Diluted EPS": 0.08,
        "Total Revenue": 266,
        "Gross Profit": 102,
        "Operating Income": 31,
        "EBIT": 42,
        "Net Income": 4
    },
    "2017-09-30": {
        "Diluted EPS": 0.32,
        "Total Revenue": 257,
        "Gross Profit": 99,
        "Operating Income": 31,
        "EBIT": 42,
        "Net Income": 19
    },
    "2017-06-30": {
        "Diluted EPS": 0.33,
        "Total Revenue": 252,
        "Gross Profit": 98,
        "Operating Income": 34,
        "EBIT": 42,
        "Net Income": 21
    },
    "2017-03-31": {
        "Diluted EPS": 0.13,
        "Total Revenue": 221,
        "Gross Profit": 88,
        "Operating Income": 16,
        "EBIT": 24,
        "Net Income": 9
    },
    "2016-12-31": {
        "Diluted EPS": 0.06,
        "Total Revenue": 240,
        "Gross Profit": 90,
        "Operating Income": 9,
        "EBIT": 19,
        "Net Income": 5
    },
    "2016-09-30": {
        "Diluted EPS": 0.25,
        "Total Revenue": 248,
        "Gross Profit": 93,
        "Operating Income": 26,
        "EBIT": 34,
        "Net Income": 16
    },
    "2016-06-30": {
        "Diluted EPS": 0.32,
        "Total Revenue": 248,
        "Gross Profit": 99,
        "Operating Income": 32,
        "EBIT": 40,
        "Net Income": 21
    },
    "2016-03-31": {
        "Diluted EPS": 0.2,
        "Total Revenue": 223,
        "Gross Profit": 87,
        "Operating Income": 21,
        "EBIT": 30,
        "Net Income": 13
    },
    "2015-12-31": {
        "Diluted EPS": 0.27,
        "Total Revenue": 247,
        "Gross Profit": 98,
        "Operating Income": 28,
        "EBIT": 38,
        "Net Income": 18
    },
    "2015-09-30": {
        "Diluted EPS": 0.31,
        "Total Revenue": 255,
        "Gross Profit": 98,
        "Operating Income": 31,
        "EBIT": 41,
        "Net Income": 20
    },
    "2015-06-30": {
        "Diluted EPS": 0.33,
        "Total Revenue": 264,
        "Gross Profit": 101,
        "Operating Income": 33,
        "EBIT": 46,
        "Net Income": 22
    },
    "2015-03-31": {
        "Diluted EPS": 0.19,
        "Total Revenue": 237,
        "Gross Profit": 85,
        "Operating Income": 21,
        "EBIT": 34,
        "Net Income": 12
    },
    "2014-12-31": {
        "Diluted EPS": 0.12,
        "Total Revenue": 272,
        "Gross Profit": 91,
        "Operating Income": 27,
        "EBIT": 38,
        "Net Income": 8
    },
    "2014-09-30": {
        "Diluted EPS": -0.01,
        "Total Revenue": 252,
        "Gross Profit": 84,
        "Operating Income": 7,
        "EBIT": 14,
        "Net Income": 0
    },
    "2014-06-30": {
        "Diluted EPS": 0.2,
        "Total Revenue": 261,
        "Gross Profit": 90,
        "Operating Income": 24,
        "EBIT": 32,
        "Net Income": 13
    },
    "2014-03-31": {
        "Diluted EPS": 0.06,
        "Total Revenue": 219,
        "Gross Profit": 75,
        "Operating Income": 12,
        "EBIT": 21,
        "Net Income": 4
    },
    "2013-12-31": {
        "Diluted EPS": 0.22,
        "Total Revenue": 252,
        "Gross Profit": 92,
        "Operating Income": 32,
        "EBIT": 41,
        "Net Income": 15
    },
    "2013-09-30": {
        "Diluted EPS": 0.23,
        "Total Revenue": 254,
        "Gross Profit": 92,
        "Operating Income": 28,
        "EBIT": 36,
        "Net Income": 15
    },
    "2013-06-30": {
        "Diluted EPS": 0.17,
        "Total Revenue": 243,
        "Gross Profit": 86,
        "Operating Income": 22,
        "EBIT": 31,
        "Net Income": 11
    },
    "2013-03-31": {
        "Diluted EPS": 0.11,
        "Total Revenue": 210,
        "Gross Profit": 71,
        "Operating Income": 14,
        "EBIT": 21,
        "Net Income": 7
    },
    "2012-12-31": {
        "Diluted EPS": 0.11,
        "Total Revenue": 250,
        "Gross Profit": 85,
        "Operating Income": 19,
        "EBIT": 26,
        "Net Income": 7
    },
    "2012-09-30": {
        "Diluted EPS": -0.09,
        "Total Revenue": 243,
        "Gross Profit": 83,
        "Operating Income": 23,
        "EBIT": 31,
        "Net Income": -6
    },
    "2012-06-30": {
        "Diluted EPS": 0.16,
        "Total Revenue": 230,
        "Gross Profit": 79,
        "Operating Income": 22,
        "EBIT": 30,
        "Net Income": 10
    },
    "2012-03-31": {
        "Diluted EPS": -0.09,
        "Total Revenue": 210,
        "Gross Profit": 71,
        "Operating Income": 0,
        "EBIT": 8,
        "Net Income": -6
    },
    "2011-12-31": {
        "Diluted EPS": 0.05,
        "Total Revenue": 191,
        "Gross Profit": 66,
        "Operating Income": 13,
        "EBIT": 20,
        "Net Income": 4
    },
    "2011-09-30": {
        "Diluted EPS": 0.19,
        "Total Revenue": 249,
        "Gross Profit": 87,
        "Operating Income": 25,
        "EBIT": 32,
        "Net Income": 12
    },
    "2011-06-30": {
        "Diluted EPS": 0.2,
        "Total Revenue": 268,
        "Gross Profit": 95,
        "Operating Income": 26,
        "EBIT": 35,
        "Net Income": 13
    },
    "2011-03-31": {
        "Diluted EPS": 0.15,
        "Total Revenue": 245,
        "Gross Profit": 87,
        "Operating Income": 22,
        "EBIT": 34,
        "Net Income": 10
    },
    "2010-12-31": {
        "Diluted EPS": -0.21,
        "Total Revenue": 166,
        "Gross Profit": 70,
        "Operating Income": 30,
        "EBIT": 39,
        "Net Income": -13
    },
    "2010-09-30": {
        "Diluted EPS": 0.19,
        "Total Revenue": 253,
        "Gross Profit": 89,
        "Operating Income": 28,
        "EBIT": 34,
        "Net Income": 12
    },
    "2010-06-30": {
        "Diluted EPS": 0.12,
        "Total Revenue": 227,
        "Gross Profit": 80,
        "Operating Income": 21,
        "EBIT": 28,
        "Net Income": 8
    },
    "2010-03-31": {
        "Diluted EPS": 0.03,
        "Total Revenue": 217,
        "Gross Profit": 73,
        "Operating Income": 14,
        "EBIT": 20,
        "Net Income": 2
    },
    "2009-12-31": {
        "Diluted EPS": 0.09,
        "Total Revenue": 231,
        "Gross Profit": 78,
        "Operating Income": 20,
        "EBIT": 26,
        "Net Income": 6
    },
    "2009-09-30": {
        "Diluted EPS": 0.09,
        "Total Revenue": 218,
        "Gross Profit": 72,
        "Operating Income": 19,
        "EBIT": 26,
        "Net Income": 5
    },
    "2009-06-30": {
        "Diluted EPS": 0.06,
        "Total Revenue": 211,
        "Gross Profit": 69,
        "Operating Income": 21,
        "EBIT": 27,
        "Net Income": 4
    },
    "2009-03-31": {
        "Diluted EPS": -0.07,
        "Total Revenue": 199,
        "Gross Profit": 63,
        "Operating Income": 3,
        "EBIT": 9,
        "Net Income": -4
    },
    "2023-06-30": {
        "Tax Effect Of Unusual Items": NaN,
        "Tax Rate For Calcs": NaN,
        "Normalized EBITDA": NaN,
        "Total Unusual Items": NaN,
        "Total Unusual Items Excluding Goodwill": NaN,
        "Net Income From Continuing Operation Net Minority Interest": NaN,
        "Reconciled Depreciation": NaN,
        "Reconciled Cost Of Revenue": NaN,
        "EBITDA": NaN,
        "EBIT": NaN,
        "Net Interest Income": NaN,
        "Interest Expense": NaN,
        "Normalized Income": NaN,
        "Net Income From Continuing And Discontinued Operation": NaN,
        "Total Expenses": NaN,
        "Total Operating Income As Reported": NaN,
        "Diluted Average Shares": NaN,
        "Basic Average Shares": NaN,
        "Diluted EPS": NaN,
        "Basic EPS": NaN,
        "Diluted NI Availto Com Stockholders": NaN,
        "Net Income Common Stockholders": NaN,
        "Otherunder Preferred Stock Dividend": NaN,
        "Net Income": NaN,
        "Net Income Including Noncontrolling Interests": NaN,
        "Net Income Continuous Operations": NaN,
        "Tax Provision": NaN,
        "Pretax Income": NaN,
        "Other Income Expense": NaN,
        "Other Non Operating Income Expenses": NaN,
        "Special Income Charges": NaN,
        "Restructuring And Mergern Acquisition": -2644000.0,
        "Net Non Operating Interest Income Expense": NaN,
        "Interest Expense Non Operating": NaN,
        "Operating Income": NaN,
        "Operating Expense": NaN,
        "Selling General And Administration": NaN,
        "Gross Profit": NaN,
        "Cost Of Revenue": NaN,
        "Total Revenue": NaN,
        "Operating Revenue": NaN
    },
    "2023-09-30": {
        "Tax Effect Of Unusual Items": NaN,
        "Tax Rate For Calcs": NaN,
        "Normalized EBITDA": NaN,
        "Total Unusual Items": NaN,
        "Total Unusual Items Excluding Goodwill": NaN,
        "Net Income From Continuing Operation Net Minority Interest": NaN,
        "Reconciled Depreciation": NaN,
        "Reconciled Cost Of Revenue": NaN,
        "EBITDA": NaN,
        "EBIT": NaN,
        "Net Interest Income": NaN,
        "Interest Expense": NaN,
        "Normalized Income": NaN,
        "Net Income From Continuing And Discontinued Operation": NaN,
        "Total Expenses": NaN,
        "Total Operating Income As Reported": NaN,
        "Diluted Average Shares": NaN,
        "Basic Average Shares": NaN,
        "Diluted EPS": NaN,
        "Basic EPS": NaN,
        "Diluted NI Availto Com Stockholders": NaN,
        "Net Income Common Stockholders": NaN,
        "Otherunder Preferred Stock Dividend": NaN,
        "Net Income": NaN,
        "Net Income Including Noncontrolling Interests": NaN,
        "Net Income Continuous Operations": NaN,
        "Tax Provision": NaN,
        "Pretax Income": NaN,
        "Other Income Expense": NaN,
        "Other Non Operating Income Expenses": NaN,
        "Special Income Charges": NaN,
        "Restructuring And Mergern Acquisition": 0.0,
        "Net Non Operating Interest Income Expense": NaN,
        "Interest Expense Non Operating": NaN,
        "Operating Income": NaN,
        "Operating Expense": NaN,
        "Selling General And Administration": NaN,
        "Gross Profit": NaN,
        "Cost Of Revenue": NaN,
        "Total Revenue": NaN,
        "Operating Revenue": NaN
    },
    "2023-12-31": {
        "Tax Effect Of Unusual Items": NaN,
        "Tax Rate For Calcs": NaN,
        "Normalized EBITDA": NaN,
        "Total Unusual Items": 0.0,
        "Total Unusual Items Excluding Goodwill": 0.0,
        "Net Income From Continuing Operation Net Minority Interest": NaN,
        "Reconciled Depreciation": NaN,
        "Reconciled Cost Of Revenue": NaN,
        "EBITDA": NaN,
        "EBIT": NaN,
        "Net Interest Income": NaN,
        "Interest Expense": NaN,
        "Normalized Income": NaN,
        "Net Income From Continuing And Discontinued Operation": NaN,
        "Total Expenses": NaN,
        "Total Operating Income As Reported": NaN,
        "Diluted Average Shares": NaN,
        "Basic Average Shares": NaN,
        "Diluted EPS": NaN,
        "Basic EPS": NaN,
        "Diluted NI Availto Com Stockholders": NaN,
        "Net Income Common Stockholders": NaN,
        "Otherunder Preferred Stock Dividend": 242000.0,
        "Net Income": NaN,
        "Net Income Including Noncontrolling Interests": NaN,
        "Net Income Continuous Operations": NaN,
        "Tax Provision": NaN,
        "Pretax Income": NaN,
        "Other Income Expense": NaN,
        "Other Non Operating Income Expenses": NaN,
        "Special Income Charges": 0.0,
        "Restructuring And Mergern Acquisition": 0.0,
        "Net Non Operating Interest Income Expense": NaN,
        "Interest Expense Non Operating": NaN,
        "Operating Income": NaN,
        "Operating Expense": NaN,
        "Selling General And Administration": NaN,
        "Gross Profit": NaN,
        "Cost Of Revenue": NaN,
        "Total Revenue": NaN,
        "Operating Revenue": NaN
    },
    "2024-03-31": {
        "Tax Effect Of Unusual Items": 0.0,
        "Tax Rate For Calcs": 0.253698,
        "Normalized EBITDA": 36335000.0,
        "Total Unusual Items": 0.0,
        "Total Unusual Items Excluding Goodwill": 0.0,
        "Net Income From Continuing Operation Net Minority Interest": 14179000.0,
        "Reconciled Depreciation": 10913000.0,
        "Reconciled Cost Of Revenue": 179338000.0,
        "EBITDA": 36335000.0,
        "EBIT": 25422000.0,
        "Net Interest Income": -6423000.0,
        "Interest Expense": 6423000.0,
        "Normalized Income": 14179000.0,
        "Net Income From Continuing And Discontinued Operation": 14179000.0,
        "Total Expenses": 265297000.0,
        "Total Operating Income As Reported": 24446000.0,
        "Diluted Average Shares": 58714000.0,
        "Basic Average Shares": 58238000.0,
        "Diluted EPS": 0.24,
        "Basic EPS": 0.24,
        "Diluted NI Availto Com Stockholders": 14179000.0,
        "Net Income Common Stockholders": 14179000.0,
        "Otherunder Preferred Stock Dividend": 150000.0,
        "Net Income": 14179000.0,
        "Net Income Including Noncontrolling Interests": 14179000.0,
        "Net Income Continuous Operations": 14179000.0,
        "Tax Provision": 4820000.0,
        "Pretax Income": 18999000.0,
        "Other Income Expense": 976000.0,
        "Other Non Operating Income Expenses": 976000.0,
        "Special Income Charges": 0.0,
        "Restructuring And Mergern Acquisition": 0.0,
        "Net Non Operating Interest Income Expense": -6423000.0,
        "Interest Expense Non Operating": 6423000.0,
        "Operating Income": 24446000.0,
        "Operating Expense": 85959000.0,
        "Selling General And Administration": 85959000.0,
        "Gross Profit": 110405000.0,
        "Cost Of Revenue": 179338000.0,
        "Total Revenue": 289743000.0,
        "Operating Revenue": 289743000.0
    },
    "2024-06-30": {
        "Tax Effect Of Unusual Items": 0.0,
        "Tax Rate For Calcs": 0.275734,
        "Normalized EBITDA": 48334000.0,
        "Total Unusual Items": 0.0,
        "Total Unusual Items Excluding Goodwill": 0.0,
        "Net Income From Continuing Operation Net Minority Interest": 22558000.0,
        "Reconciled Depreciation": 11015000.0,
        "Reconciled Cost Of Revenue": 224022000.0,
        "EBITDA": 48334000.0,
        "EBIT": 37319000.0,
        "Net Interest Income": -6173000.0,
        "Interest Expense": 6173000.0,
        "Normalized Income": 22558000.0,
        "Net Income From Continuing And Discontinued Operation": 22558000.0,
        "Total Expenses": 308484000.0,
        "Total Operating Income As Reported": 38151000.0,
        "Diluted Average Shares": 58692000.0,
        "Basic Average Shares": 58281000.0,
        "Diluted EPS": 0.38,
        "Basic EPS": 0.39,
        "Diluted NI Availto Com Stockholders": 22449000.0,
        "Net Income Common Stockholders": 22449000.0,
        "Otherunder Preferred Stock Dividend": 109000.0,
        "Net Income": 22558000.0,
        "Net Income Including Noncontrolling Interests": 22558000.0,
        "Net Income Continuous Operations": 22558000.0,
        "Tax Provision": 8588000.0,
        "Pretax Income": 31146000.0,
        "Other Income Expense": -832000.0,
        "Other Non Operating Income Expenses": -832000.0,
        "Special Income Charges": 0.0,
        "Restructuring And Mergern Acquisition": NaN,
        "Net Non Operating Interest Income Expense": -6173000.0,
        "Interest Expense Non Operating": 6173000.0,
        "Operating Income": 38151000.0,
        "Operating Expense": 84462000.0,
        "Selling General And Administration": 84462000.0,
        "Gross Profit": 122613000.0,
        "Cost Of Revenue": 224022000.0,
        "Total Revenue": 346635000.0,
        "Operating Revenue": 346635000.0
    },
    "2024-09-30": {
        "Tax Effect Of Unusual Items": 0.0,
        "Tax Rate For Calcs": 0.212,
        "Normalized EBITDA": 53007000.0,
        "Total Unusual Items": 0.0,
        "Total Unusual Items Excluding Goodwill": 0.0,
        "Net Income From Continuing Operation Net Minority Interest": 28443000.0,
        "Reconciled Depreciation": 11213000.0,
        "Reconciled Cost Of Revenue": 216645000.0,
        "EBITDA": 53007000.0,
        "EBIT": 41794000.0,
        "Net Interest Income": -5721000.0,
        "Interest Expense": 5721000.0,
        "Normalized Income": 28443000.0,
        "Net Income From Continuing And Discontinued Operation": 28443000.0,
        "Total Expenses": 302095000.0,
        "Total Operating Income As Reported": 42175000.0,
        "Diluted Average Shares": 58871000.0,
        "Basic Average Shares": 58305000.0,
        "Diluted EPS": 0.48,
        "Basic EPS": 0.49,
        "Diluted NI Availto Com Stockholders": 28324000.0,
        "Net Income Common Stockholders": 28324000.0,
        "Otherunder Preferred Stock Dividend": 119000.0,
        "Net Income": 28443000.0,
        "Net Income Including Noncontrolling Interests": 28443000.0,
        "Net Income Continuous Operations": 28443000.0,
        "Tax Provision": 7630000.0,
        "Pretax Income": 36073000.0,
        "Other Income Expense": -381000.0,
        "Other Non Operating Income Expenses": -381000.0,
        "Special Income Charges": 0.0,
        "Restructuring And Mergern Acquisition": NaN,
        "Net Non Operating Interest Income Expense": -5721000.0,
        "Interest Expense Non Operating": 5721000.0,
        "Operating Income": 42175000.0,
        "Operating Expense": 85450000.0,
        "Selling General And Administration": 85450000.0,
        "Gross Profit": 127625000.0,
        "Cost Of Revenue": 216645000.0,
        "Total Revenue": 344270000.0,
        "Operating Revenue": 344270000.0
    },
    "2024-12-31": {
        "Tax Effect Of Unusual Items": 0.0,
        "Tax Rate For Calcs": 0.203761,
        "Normalized EBITDA": 43755000.0,
        "Total Unusual Items": 0.0,
        "Total Unusual Items Excluding Goodwill": 0.0,
        "Net Income From Continuing Operation Net Minority Interest": 21766000.0,
        "Reconciled Depreciation": 11531000.0,
        "Reconciled Cost Of Revenue": 212705000.0,
        "EBITDA": 43755000.0,
        "EBIT": 32224000.0,
        "Net Interest Income": -4888000.0,
        "Interest Expense": 4888000.0,
        "Normalized Income": 21766000.0,
        "Net Income From Continuing And Discontinued Operation": 21766000.0,
        "Total Expenses": 305376000.0,
        "Total Operating Income As Reported": 29634000.0,
        "Diluted Average Shares": 59209000.0,
        "Basic Average Shares": 58304000.0,
        "Diluted EPS": 0.37,
        "Basic EPS": 0.37,
        "Diluted NI Availto Com Stockholders": 21691000.0,
        "Net Income Common Stockholders": 21691000.0,
        "Otherunder Preferred Stock Dividend": 75000.0,
        "Net Income": 21766000.0,
        "Net Income Including Noncontrolling Interests": 21766000.0,
        "Net Income Continuous Operations": 21766000.0,
        "Tax Provision": 5570000.0,
        "Pretax Income": 27336000.0,
        "Other Income Expense": 2590000.0,
        "Other Non Operating Income Expenses": 2590000.0,
        "Special Income Charges": 0.0,
        "Restructuring And Mergern Acquisition": NaN,
        "Net Non Operating Interest Income Expense": -4888000.0,
        "Interest Expense Non Operating": 4888000.0,
        "Operating Income": 29634000.0,
        "Operating Expense": 92671000.0,
        "Selling General And Administration": 92671000.0,
        "Gross Profit": 122305000.0,
        "Cost Of Revenue": 212705000.0,
        "Total Revenue": 335010000.0,
        "Operating Revenue": 335010000.0
    },
    "2025-03-31": {
        "Tax Effect Of Unusual Items": 0.0,
        "Tax Rate For Calcs": 0.240049,
        "Normalized EBITDA": 32180000.0,
        "Total Unusual Items": NaN,
        "Total Unusual Items Excluding Goodwill": NaN,
        "Net Income From Continuing Operation Net Minority Interest": 13002000.0,
        "Reconciled Depreciation": 10656000.0,
        "Reconciled Cost Of Revenue": 186450000.0,
        "EBITDA": 32180000.0,
        "EBIT": 21524000.0,
        "Net Interest Income": -4415000.0,
        "Interest Expense": 4415000.0,
        "Normalized Income": 13002000.0,
        "Net Income From Continuing And Discontinued Operation": 13002000.0,
        "Total Expenses": 274186000.0,
        "Total Operating Income As Reported": 23227000.0,
        "Diluted Average Shares": 59173000.0,
        "Basic Average Shares": 58434000.0,
        "Diluted EPS": 0.22,
        "Basic EPS": 0.22,
        "Diluted NI Availto Com Stockholders": 13002000.0,
        "Net Income Common Stockholders": 13002000.0,
        "Otherunder Preferred Stock Dividend": NaN,
        "Net Income": 13002000.0,
        "Net Income Including Noncontrolling Interests": 13002000.0,
        "Net Income Continuous Operations": 13002000.0,
        "Tax Provision": 4107000.0,
        "Pretax Income": 17109000.0,
        "Other Income Expense": -1703000.0,
        "Other Non Operating Income Expenses": -1703000.0,
        "Special Income Charges": NaN,
        "Restructuring And Mergern Acquisition": NaN,
        "Net Non Operating Interest Income Expense": -4415000.0,
        "Interest Expense Non Operating": 4415000.0,
        "Operating Income": 23227000.0,
        "Operating Expense": 87736000.0,
        "Selling General And Administration": 87736000.0,
        "Gross Profit": 110963000.0,
        "Cost Of Revenue": 186450000.0,
        "Total Revenue": 297413000.0,
        "Operating Revenue": 297413000.0
    }
}