{
    "2023-03-31": {
        "Tax Effect Of Unusual Items": 0.0,
        "Tax Rate For Calcs": 0.21,
        "Net Income From Continuing Operation Net Minority Interest": -1062000.0,
        "Reconciled Depreciation": 5253000.0,
        "EBIT": 14638000.0,
        "Net Interest Income": -9657000.0,
        "Interest Expense": 6465000.0,
        "Interest Income": 11027000.0,
        "Normalized Income": -1062000.0,
        "Net Income From Continuing And Discontinued Operation": -1062000.0,
        "Total Expenses": 373452000.0,
        "Rent Expense Supplemental": 4070000.0,
        "Diluted Average Shares": 36522946.0,
        "Basic Average Shares": 36522946.0,
        "Diluted EPS": -0.03,
        "Basic EPS": -0.03,
        "Diluted NI Availto Com Stockholders": -1062000.0,
        "Average Dilution Earnings": 0.0,
        "Net Income Common Stockholders": -1062000.0,
        "Otherunder Preferred Stock Dividend": NaN,
        "Net Income": -1062000.0,
        "Minority Interests": -4213000.0,
        "Net Income Including Noncontrolling Interests": 3151000.0,
        "Net Income Continuous Operations": 3151000.0,
        "Tax Provision": 5022000.0,
        "Pretax Income": 8173000.0,
        "Other Income Expense": 4991000.0,
        "Net Non Operating Interest Income Expense": -9657000.0,
        "Total Other Finance Cost": 3192000.0,
        "Interest Expense Non Operating": 6465000.0,
        "Other Operating Expenses": 8731000.0,
        "Depreciation And Amortization In Income Statement": 5253000.0,
        "Selling General And Administration": 61686000.0,
        "General And Administrative Expense": 61686000.0,
        "Other Gand A": 20888000.0,
        "Salaries And Wages": 40798000.0,
        "Total Revenue": 381625000.0,
        "Operating Revenue": 381625000.0,
        "Loss Adjustment Expense": 141675000.0,
        "Net Policyholder Benefits And Claims": 141675000.0
    },
    "2022-12-31": {
        "Tax Effect Of Unusual Items": 0.0,
        "Tax Rate For Calcs": 0.21,
        "Net Income From Continuing Operation Net Minority Interest": 871000.0,
        "Reconciled Depreciation": 5259000.0,
        "EBIT": 30434000.0,
        "Net Interest Income": -9674000.0,
        "Interest Expense": 5403000.0,
        "Interest Income": 5926000.0,
        "Normalized Income": 871000.0,
        "Net Income From Continuing And Discontinued Operation": 871000.0,
        "Total Expenses": 344497000.0,
        "Rent Expense Supplemental": 4333000.0,
        "Diluted Average Shares": 37161862.0,
        "Basic Average Shares": 36330653.0,
        "Diluted EPS": 0.02,
        "Basic EPS": 0.02,
        "Diluted NI Availto Com Stockholders": 871000.0,
        "Average Dilution Earnings": 0.0,
        "Net Income Common Stockholders": 871000.0,
        "Otherunder Preferred Stock Dividend": NaN,
        "Net Income": 871000.0,
        "Minority Interests": -5247000.0,
        "Net Income Including Noncontrolling Interests": 6118000.0,
        "Net Income Continuous Operations": 6118000.0,
        "Tax Provision": 18913000.0,
        "Pretax Income": 25031000.0,
        "Other Income Expense": 8808000.0,
        "Net Non Operating Interest Income Expense": -9674000.0,
        "Total Other Finance Cost": 4271000.0,
        "Interest Expense Non Operating": 5403000.0,
        "Other Operating Expenses": 10953000.0,
        "Depreciation And Amortization In Income Statement": 5259000.0,
        "Selling General And Administration": 57048000.0,
        "General And Administrative Expense": 57048000.0,
        "Other Gand A": 17318000.0,
        "Salaries And Wages": 39730000.0,
        "Total Revenue": 369528000.0,
        "Operating Revenue": 369528000.0
    },
    "2022-09-30": {
        "Tax Effect Of Unusual Items": NaN,
        "Tax Rate For Calcs": NaN,
        "Total Unusual Items": 0.0,
        "Total Unusual Items Excluding Goodwill": 0.0,
        "Net Income From Continuing Operation Net Minority Interest": NaN,
        "Reconciled Depreciation": NaN,
        "EBIT": NaN,
        "Net Interest Income": NaN,
        "Interest Expense": NaN,
        "Interest Income": NaN,
        "Normalized Income": NaN,
        "Net Income From Continuing And Discontinued Operation": NaN,
        "Total Expenses": NaN,
        "Rent Expense Supplemental": NaN,
        "Diluted Average Shares": NaN,
        "Basic Average Shares": NaN,
        "Diluted EPS": NaN,
        "Basic EPS": NaN,
        "Diluted NI Availto Com Stockholders": NaN,
        "Average Dilution Earnings": NaN,
        "Net Income Common Stockholders": NaN,
        "Otherunder Preferred Stock Dividend": 195000.0,
        "Net Income": NaN,
        "Minority Interests": NaN,
        "Net Income Including Noncontrolling Interests": NaN,
        "Net Income Continuous Operations": NaN,
        "Tax Provision": NaN,
        "Pretax Income": NaN,
        "Other Income Expense": NaN,
        "Special Income Charges": 0.0,
        "Net Non Operating Interest Income Expense": NaN,
        "Total Other Finance Cost": NaN,
        "Interest Expense Non Operating": NaN,
        "Other Operating Expenses": NaN,
        "Depreciation And Amortization In Income Statement": NaN,
        "Selling General And Administration": NaN,
        "General And Administrative Expense": NaN,
        "Other Gand A": NaN,
        "Salaries And Wages": NaN,
        "Total Revenue": NaN,
        "Operating Revenue": NaN
    },
    "2022-06-30": {
        "Tax Effect Of Unusual Items": 0.0,
        "Tax Rate For Calcs": 0.4,
        "Total Unusual Items": NaN,
        "Total Unusual Items Excluding Goodwill": NaN,
        "Net Income From Continuing Operation Net Minority Interest": -22408000.0,
        "Reconciled Depreciation": 6009000.0,
        "EBIT": 13942000.0,
        "Net Interest Income": -9135000.0,
        "Interest Expense": 9135000.0,
        "Interest Income": NaN,
        "Normalized Income": -22408000.0,
        "Net Income From Continuing And Discontinued Operation": -22408000.0,
        "Total Expenses": 335036000.0,
        "Rent Expense Supplemental": NaN,
        "Diluted Average Shares": 35228775.0,
        "Basic Average Shares": 35228775.0,
        "Diluted EPS": -0.64,
        "Basic EPS": -0.64,
        "Diluted NI Availto Com Stockholders": -22408000.0,
        "Average Dilution Earnings": NaN,
        "Net Income Common Stockholders": -22408000.0,
        "Otherunder Preferred Stock Dividend": NaN,
        "Net Income": -22408000.0,
        "Minority Interests": -660000.0,
        "Net Income Including Noncontrolling Interests": -21748000.0,
        "Net Income Continuous Operations": -21748000.0,
        "Tax Provision": 26555000.0,
        "Pretax Income": 4807000.0,
        "Other Income Expense": 23899000.0,
        "Special Income Charges": NaN,
        "Net Non Operating Interest Income Expense": -9135000.0,
        "Total Other Finance Cost": NaN,
        "Interest Expense Non Operating": 9135000.0,
        "Other Operating Expenses": 39512000.0,
        "Depreciation And Amortization In Income Statement": 6009000.0,
        "Selling General And Administration": 48262000.0,
        "General And Administrative Expense": 48262000.0,
        "Other Gand A": NaN,
        "Salaries And Wages": 48262000.0,
        "Total Revenue": 339843000.0,
        "Operating Revenue": 339843000.0
    },
    "2023-06-30": {
        "Tax Effect Of Unusual Items": 0.0,
        "Tax Rate For Calcs": 0.21,
        "Net Income From Continuing Operation Net Minority Interest": 5989000.0,
        "Reconciled Depreciation": 5875000.0,
        "EBIT": 30718000.0,
        "Net Interest Income": -10072000.0,
        "Interest Expense": 7044000.0,
        "Interest Income": 11488000.0,
        "Normalized Income": 5989000.0,
        "Net Income From Continuing And Discontinued Operation": 5989000.0,
        "Total Expenses": 380844000.0,
        "Rent Expense Supplemental": 3804000.0,
        "Diluted Average Shares": 37585811.0,
        "Basic Average Shares": 36742295.0,
        "Diluted EPS": 0.16,
        "Basic EPS": 0.16,
        "Diluted NI Availto Com Stockholders": 5959000.0,
        "Average Dilution Earnings": 11000.0,
        "Net Income Common Stockholders": 5948000.0,
        "Otherunder Preferred Stock Dividend": 41000.0,
        "Net Income": 5989000.0,
        "Minority Interests": -5861000.0,
        "Net Income Including Noncontrolling Interests": 11850000.0,
        "Net Income Continuous Operations": 11850000.0,
        "Tax Provision": 11824000.0,
        "Pretax Income": 23674000.0,
        "Other Income Expense": 8025000.0,
        "Net Non Operating Interest Income Expense": -10072000.0,
        "Total Other Finance Cost": 3028000.0,
        "Interest Expense Non Operating": 7044000.0,
        "Other Operating Expenses": 9872000.0,
        "Depreciation And Amortization In Income Statement": 5875000.0,
        "Selling General And Administration": 64592000.0,
        "General And Administrative Expense": 64592000.0,
        "Other Gand A": 20209000.0,
        "Salaries And Wages": 44383000.0,
        "Total Revenue": 404518000.0,
        "Operating Revenue": 404518000.0,
        "Loss Adjustment Expense": 147734000.0,
        "Net Policyholder Benefits And Claims": 147734000.0
    },
    "2022-03-31": {
        "Diluted EPS": -0.03,
        "Total Revenue": 325,
        "Gross Profit": 325,
        "Operating Income": 9,
        "EBIT": 16,
        "Net Income": -1
    },
    "2021-12-31": {
        "Diluted EPS": 0.0,
        "Total Revenue": 320,
        "Gross Profit": 320,
        "Operating Income": 22,
        "EBIT": 29,
        "Net Income": 0
    },
    "2021-09-30": {
        "Diluted EPS": 0.06,
        "Total Revenue": 287,
        "Gross Profit": 287,
        "Operating Income": 12,
        "EBIT": 19,
        "Net Income": 2
    },
    "2021-06-30": {
        "Diluted EPS": 0.22,
        "Total Revenue": 300,
        "Gross Profit": 300,
        "Operating Income": 20,
        "EBIT": 28,
        "Net Income": 8
    },
    "2021-03-31": {
        "Diluted EPS": 0.81,
        "Total Revenue": 295,
        "Gross Profit": 295,
        "Operating Income": 49,
        "EBIT": 56,
        "Net Income": 29
    },
    "2020-12-31": {
        "Diluted EPS": 0.43,
        "Total Revenue": 257,
        "Gross Profit": 257,
        "Operating Income": 34,
        "EBIT": 40,
        "Net Income": 14
    },
    "2020-09-30": {
        "Diluted EPS": 0.35,
        "Total Revenue": 224,
        "Gross Profit": 224,
        "Operating Income": 22,
        "EBIT": 27,
        "Net Income": 13
    },
    "2020-06-30": {
        "Diluted EPS": 0.1,
        "Total Revenue": 199,
        "Gross Profit": 199,
        "Operating Income": 12,
        "EBIT": 17,
        "Net Income": 4
    },
    "2020-03-31": {
        "Diluted EPS": -1.74,
        "Total Revenue": 130,
        "Gross Profit": 130,
        "Operating Income": -74,
        "EBIT": -70,
        "Net Income": -60
    },
    "2019-12-31": {
        "Diluted EPS": 0.11,
        "Total Revenue": 209,
        "Gross Profit": 209,
        "Operating Income": 17,
        "EBIT": 21,
        "Net Income": 4
    },
    "2019-09-30": {
        "Diluted EPS": -0.04,
        "Total Revenue": 189,
        "Gross Profit": 189,
        "Operating Income": 5,
        "EBIT": 9,
        "Net Income": -1
    },
    "2019-06-30": {
        "Diluted EPS": 0.32,
        "Total Revenue": 191,
        "Gross Profit": 191,
        "Operating Income": 22,
        "EBIT": 26,
        "Net Income": 12
    },
    "2019-03-31": {
        "Diluted EPS": 0.11,
        "Total Revenue": 184,
        "Gross Profit": 184,
        "Operating Income": 12,
        "EBIT": 16,
        "Net Income": 4
    },
    "2018-12-31": {
        "Diluted EPS": -0.1,
        "Total Revenue": 152,
        "Gross Profit": 152,
        "Operating Income": 1,
        "EBIT": 5,
        "Net Income": 0
    },
    "2018-09-30": {
        "Diluted EPS": -0.02,
        "Total Revenue": 173,
        "Gross Profit": 173,
        "Operating Income": -1,
        "EBIT": 3,
        "Net Income": -1
    },
    "2018-06-30": {
        "Diluted EPS": 0.02,
        "Total Revenue": 153,
        "Gross Profit": 153,
        "Operating Income": 8,
        "EBIT": 12,
        "Net Income": 1
    },
    "2018-03-31": {
        "Diluted EPS": 0.79,
        "Total Revenue": 148,
        "Gross Profit": 148,
        "Operating Income": -1,
        "EBIT": 2,
        "Net Income": 24
    },
    "2017-12-31": {
        "Diluted EPS": 0.34,
        "Total Revenue": 151,
        "Gross Profit": 151,
        "Operating Income": 14,
        "EBIT": 20,
        "Net Income": 10
    },
    "2017-09-30": {
        "Diluted EPS": -0.11,
        "Total Revenue": 145,
        "Gross Profit": 145,
        "Operating Income": -6,
        "EBIT": 2,
        "Net Income": -3
    },
    "2017-06-30": {
        "Diluted EPS": -0.15,
        "Total Revenue": 139,
        "Gross Profit": 139,
        "Operating Income": -1,
        "EBIT": 8,
        "Net Income": -4
    },
    "2017-03-31": {
        "Diluted EPS": 0.03,
        "Total Revenue": 146,
        "Gross Profit": 146,
        "Operating Income": 6,
        "EBIT": 15,
        "Net Income": 1
    },
    "2016-12-31": {
        "Diluted EPS": 0.26,
        "Total Revenue": 111,
        "Gross Profit": 111,
        "Operating Income": 18,
        "EBIT": 26,
        "Net Income": 8
    },
    "2016-09-30": {
        "Diluted EPS": 0.19,
        "Total Revenue": 132,
        "Gross Profit": 132,
        "Operating Income": 15,
        "EBIT": 23,
        "Net Income": 6
    },
    "2016-06-30": {
        "Diluted EPS": 0.17,
        "Total Revenue": 132,
        "Gross Profit": 132,
        "Operating Income": 13,
        "EBIT": 21,
        "Net Income": 6
    },
    "2016-03-31": {
        "Diluted EPS": 0.16,
        "Total Revenue": 131,
        "Gross Profit": 131,
        "Operating Income": 4,
        "EBIT": 13,
        "Net Income": 6
    },
    "2015-12-31": {
        "Diluted EPS": -0.14,
        "Total Revenue": 81,
        "Gross Profit": 81,
        "Operating Income": 22,
        "EBIT": 33,
        "Net Income": -4
    },
    "2015-09-30": {
        "Diluted EPS": -0.13,
        "Total Revenue": 121,
        "Gross Profit": 121,
        "Operating Income": 0,
        "EBIT": 11,
        "Net Income": -5
    },
    "2015-06-30": {
        "Diluted EPS": 0.47,
        "Total Revenue": 101,
        "Gross Profit": 101,
        "Operating Income": 5,
        "EBIT": 17,
        "Net Income": 15
    },
    "2015-03-31": {
        "Diluted EPS": -0.03,
        "Total Revenue": 89,
        "Gross Profit": 89,
        "Operating Income": -6,
        "EBIT": 11,
        "Net Income": -1
    },
    "2014-12-31": {
        "Diluted EPS": -0.68,
        "Total Revenue": 39,
        "Gross Profit": 39,
        "Operating Income": 1,
        "EBIT": 10,
        "Net Income": -10
    },
    "2014-09-30": {
        "Diluted EPS": 0.24,
        "Total Revenue": 20,
        "Gross Profit": 20,
        "Operating Income": 2,
        "EBIT": 3,
        "Net Income": 4
    },
    "2014-06-30": {
        "Diluted EPS": 0.19,
        "Total Revenue": 10,
        "Gross Profit": 10,
        "Operating Income": -6,
        "EBIT": -5,
        "Net Income": 2
    },
    "2014-03-31": {
        "Diluted EPS": 0.15,
        "Total Revenue": 11,
        "Gross Profit": 11,
        "Operating Income": -3,
        "EBIT": -1,
        "Net Income": 2
    },
    "2013-12-31": {
        "Diluted EPS": 0.37,
        "Total Revenue": -48,
        "Gross Profit": -48,
        "Operating Income": -18,
        "EBIT": -20,
        "Net Income": 4
    },
    "2013-09-30": {
        "Diluted EPS": 0.18,
        "Total Revenue": 30,
        "Gross Profit": 30,
        "Operating Income": 5,
        "EBIT": 6,
        "Net Income": 2
    },
    "2013-06-30": {
        "Diluted EPS": 0.33,
        "Total Revenue": 20,
        "Gross Profit": 20,
        "Operating Income": -4,
        "EBIT": -2,
        "Net Income": 3
    },
    "2013-03-31": {
        "Diluted EPS": 0.13,
        "Total Revenue": 22,
        "Gross Profit": 22,
        "Operating Income": 10,
        "EBIT": 12,
        "Net Income": 1
    },
    "2012-12-31": {
        "Diluted EPS": 0.54,
        "Total Revenue": 92,
        "Gross Profit": 92,
        "Operating Income": 26,
        "EBIT": 28,
        "Net Income": 6
    },
    "2012-09-30": {
        "Diluted EPS": 0.3,
        "Total Revenue": 45,
        "Gross Profit": 45,
        "Operating Income": 18,
        "EBIT": 20,
        "Net Income": 3
    },
    "2012-06-30": {
        "Diluted EPS": -0.02,
        "Total Revenue": 1,
        "Gross Profit": 1,
        "Operating Income": -1,
        "EBIT": 0,
        "Net Income": 0
    },
    "2012-03-31": {
        "Diluted EPS": 0.03,
        "Total Revenue": 4,
        "Gross Profit": 4,
        "Operating Income": 1,
        "EBIT": 2,
        "Net Income": 0
    },
    "2011-12-31": {
        "Diluted EPS": 1.56,
        "Total Revenue": 4,
        "Gross Profit": 2,
        "Operating Income": 0,
        "EBIT": 1,
        "Net Income": 16
    },
    "2011-09-30": {
        "Diluted EPS": 0.05,
        "Total Revenue": 4,
        "Gross Profit": 3,
        "Operating Income": 1,
        "EBIT": 2,
        "Net Income": 1
    },
    "2011-06-30": {
        "Diluted EPS": 0.1,
        "Total Revenue": 3,
        "Gross Profit": 3,
        "Operating Income": 1,
        "EBIT": 2,
        "Net Income": 1
    },
    "2011-03-31": {
        "Diluted EPS": -0.11,
        "Total Revenue": 4,
        "Gross Profit": 3,
        "Operating Income": 1,
        "EBIT": 2,
        "Net Income": -1
    },
    "2010-12-31": {
        "Diluted EPS": 0.39,
        "Total Revenue": 4,
        "Gross Profit": 3,
        "Operating Income": 1,
        "EBIT": 1,
        "Net Income": -2
    },
    "2010-09-30": {
        "Diluted EPS": -0.69,
        "Total Revenue": 4,
        "Gross Profit": 3,
        "Operating Income": -5,
        "EBIT": -4,
        "Net Income": -7
    },
    "2010-06-30": {
        "Diluted EPS": -0.06,
        "Total Revenue": 4,
        "Gross Profit": 3,
        "Operating Income": 0,
        "EBIT": 1,
        "Net Income": -2
    },
    "2010-03-31": {
        "Diluted EPS": -0.28,
        "Total Revenue": 4,
        "Gross Profit": -4,
        "Operating Income": -6,
        "EBIT": -5,
        "Net Income": -8
    },
    "2009-12-31": {
        "Diluted EPS": -0.18,
        "Total Revenue": 4,
        "Gross Profit": 3,
        "Operating Income": -1,
        "EBIT": 1,
        "Net Income": -4
    },
    "2009-09-30": {
        "Diluted EPS": -0.02,
        "Total Revenue": 5,
        "Gross Profit": 4,
        "Operating Income": 2,
        "EBIT": 3,
        "Net Income": 0
    },
    "2009-06-30": {
        "Diluted EPS": -0.02,
        "Total Revenue": 5,
        "Gross Profit": 5,
        "Operating Income": 2,
        "EBIT": 3,
        "Net Income": -1
    },
    "2009-03-31": {
        "Diluted EPS": 0.08,
        "Total Revenue": 6,
        "Gross Profit": 5,
        "Operating Income": 4,
        "EBIT": 6,
        "Net Income": 3
    },
    "2023-09-30": {
        "Tax Effect Of Unusual Items": NaN,
        "Tax Rate For Calcs": NaN,
        "Net Income From Continuing Operation Net Minority Interest": NaN,
        "Reconciled Depreciation": NaN,
        "EBIT": NaN,
        "Net Interest Income": NaN,
        "Interest Expense": NaN,
        "Interest Income": NaN,
        "Normalized Income": NaN,
        "Net Income From Continuing And Discontinued Operation": NaN,
        "Total Expenses": NaN,
        "Rent Expense Supplemental": NaN,
        "Diluted Average Shares": 37684131.0,
        "Basic Average Shares": 36749199.0,
        "Diluted EPS": 0.04,
        "Basic EPS": 0.06,
        "Diluted NI Availto Com Stockholders": NaN,
        "Average Dilution Earnings": NaN,
        "Net Income Common Stockholders": NaN,
        "Otherunder Preferred Stock Dividend": NaN,
        "Net Income": NaN,
        "Minority Interests": NaN,
        "Net Income Including Noncontrolling Interests": NaN,
        "Net Income Continuous Operations": NaN,
        "Tax Provision": NaN,
        "Pretax Income": NaN,
        "Other Income Expense": NaN,
        "Net Non Operating Interest Income Expense": NaN,
        "Total Other Finance Cost": NaN,
        "Interest Expense Non Operating": NaN,
        "Other Operating Expenses": NaN,
        "Depreciation And Amortization In Income Statement": NaN,
        "Selling General And Administration": NaN,
        "General And Administrative Expense": NaN,
        "Other Gand A": NaN,
        "Salaries And Wages": NaN,
        "Total Revenue": NaN,
        "Operating Revenue": NaN,
        "Loss Adjustment Expense": NaN,
        "Net Policyholder Benefits And Claims": NaN
    },
    "2023-12-31": {
        "Tax Effect Of Unusual Items": 0.0,
        "Tax Rate For Calcs": 0.21,
        "Net Income From Continuing Operation Net Minority Interest": 6871000.0,
        "Reconciled Depreciation": 5991000.0,
        "EBIT": 37532000.0,
        "Net Interest Income": -10317000.0,
        "Interest Expense": 7467000.0,
        "Interest Income": 25680000.0,
        "Normalized Income": 6871000.0,
        "Net Income From Continuing And Discontinued Operation": 6871000.0,
        "Total Expenses": 416309000.0,
        "Rent Expense Supplemental": 3988000.0,
        "Diluted Average Shares": 37744257.0,
        "Basic Average Shares": 36755768.0,
        "Diluted EPS": 0.15,
        "Basic EPS": 0.19,
        "Diluted NI Availto Com Stockholders": 5621000.0,
        "Average Dilution Earnings": -1207000.0,
        "Net Income Common Stockholders": 6828000.0,
        "Otherunder Preferred Stock Dividend": 43000.0,
        "Net Income": 6871000.0,
        "Minority Interests": -9257000.0,
        "Net Income Including Noncontrolling Interests": 16128000.0,
        "Net Income Continuous Operations": 16128000.0,
        "Tax Provision": 13937000.0,
        "Pretax Income": 30065000.0,
        "Other Income Expense": -2950000.0,
        "Net Non Operating Interest Income Expense": -10317000.0,
        "Total Other Finance Cost": 2850000.0,
        "Interest Expense Non Operating": 7467000.0,
        "Other Operating Expenses": 12277000.0,
        "Depreciation And Amortization In Income Statement": 5991000.0,
        "Selling General And Administration": 69165000.0,
        "General And Administrative Expense": 69165000.0,
        "Other Gand A": 20934000.0,
        "Salaries And Wages": 48231000.0,
        "Total Revenue": 446374000.0,
        "Operating Revenue": 446374000.0,
        "Loss Adjustment Expense": 158419000.0,
        "Net Policyholder Benefits And Claims": 158419000.0
    },
    "2024-03-31": {
        "Tax Effect Of Unusual Items": 0.0,
        "Tax Rate For Calcs": 0.21,
        "Net Income From Continuing Operation Net Minority Interest": 9050000.0,
        "Reconciled Depreciation": 5568000.0,
        "EBIT": 37989000.0,
        "Net Interest Income": -11450000.0,
        "Interest Expense": 8290000.0,
        "Interest Income": 13686000.0,
        "Normalized Income": 9050000.0,
        "Net Income From Continuing And Discontinued Operation": 9050000.0,
        "Total Expenses": 468644000.0,
        "Rent Expense Supplemental": 3916000.0,
        "Diluted Average Shares": 37779412.0,
        "Basic Average Shares": 36769810.0,
        "Diluted EPS": 0.22,
        "Basic EPS": 0.24,
        "Diluted NI Availto Com Stockholders": 8359000.0,
        "Average Dilution Earnings": -618000.0,
        "Net Income Common Stockholders": 8977000.0,
        "Otherunder Preferred Stock Dividend": 73000.0,
        "Net Income": 9050000.0,
        "Minority Interests": -6831000.0,
        "Net Income Including Noncontrolling Interests": 15881000.0,
        "Net Income Continuous Operations": 15881000.0,
        "Tax Provision": 13818000.0,
        "Pretax Income": 29699000.0,
        "Other Income Expense": 5829000.0,
        "Net Non Operating Interest Income Expense": -11450000.0,
        "Total Other Finance Cost": 3160000.0,
        "Interest Expense Non Operating": 8290000.0,
        "Other Operating Expenses": 14313000.0,
        "Depreciation And Amortization In Income Statement": 5568000.0,
        "Selling General And Administration": 72701000.0,
        "General And Administrative Expense": 72701000.0,
        "Other Gand A": 23515000.0,
        "Salaries And Wages": 49186000.0,
        "Total Revenue": 498343000.0,
        "Operating Revenue": 498343000.0,
        "Loss Adjustment Expense": 207664000.0,
        "Net Policyholder Benefits And Claims": 207664000.0
    },
    "2024-06-30": {
        "Tax Effect Of Unusual Items": 0.0,
        "Tax Rate For Calcs": 0.21,
        "Net Income From Continuing Operation Net Minority Interest": 12851000.0,
        "Reconciled Depreciation": 5291000.0,
        "EBIT": 48661000.0,
        "Net Interest Income": -11335000.0,
        "Interest Expense": 8015000.0,
        "Interest Income": 13995000.0,
        "Normalized Income": 12851000.0,
        "Net Income From Continuing And Discontinued Operation": 12851000.0,
        "Total Expenses": 506747000.0,
        "Rent Expense Supplemental": 4348000.0,
        "Diluted Average Shares": 37752682.0,
        "Basic Average Shares": 36785305.0,
        "Diluted EPS": 0.31,
        "Basic EPS": 0.35,
        "Diluted NI Availto Com Stockholders": 11616000.0,
        "Average Dilution Earnings": -1131000.0,
        "Net Income Common Stockholders": 12747000.0,
        "Otherunder Preferred Stock Dividend": 104000.0,
        "Net Income": 12851000.0,
        "Minority Interests": -9122000.0,
        "Net Income Including Noncontrolling Interests": 21973000.0,
        "Net Income Continuous Operations": 21973000.0,
        "Tax Provision": 18673000.0,
        "Pretax Income": 40646000.0,
        "Other Income Expense": 7308000.0,
        "Net Non Operating Interest Income Expense": -11335000.0,
        "Total Other Finance Cost": 3320000.0,
        "Interest Expense Non Operating": 8015000.0,
        "Other Operating Expenses": 12054000.0,
        "Depreciation And Amortization In Income Statement": 5291000.0,
        "Selling General And Administration": 70813000.0,
        "General And Administrative Expense": 70813000.0,
        "Other Gand A": 20896000.0,
        "Salaries And Wages": 49917000.0,
        "Total Revenue": 547393000.0,
        "Operating Revenue": 547393000.0,
        "Loss Adjustment Expense": 233975000.0,
        "Net Policyholder Benefits And Claims": 233975000.0
    },
    "2024-09-30": {
        "Tax Effect Of Unusual Items": 0.0,
        "Tax Rate For Calcs": 0.21,
        "Net Income From Continuing Operation Net Minority Interest": 11915000.0,
        "Reconciled Depreciation": 5395000.0,
        "EBIT": 44395000.0,
        "Net Interest Income": -10951000.0,
        "Interest Expense": 7614000.0,
        "Interest Income": 16928000.0,
        "Normalized Income": 11915000.0,
        "Net Income From Continuing And Discontinued Operation": 11915000.0,
        "Total Expenses": 457265000.0,
        "Rent Expense Supplemental": 3988000.0,
        "Diluted Average Shares": 37818491.0,
        "Basic Average Shares": 36789571.0,
        "Diluted EPS": 0.29,
        "Basic EPS": 0.32,
        "Diluted NI Availto Com Stockholders": 10869000.0,
        "Average Dilution Earnings": -954000.0,
        "Net Income Common Stockholders": 11823000.0,
        "Otherunder Preferred Stock Dividend": 92000.0,
        "Net Income": 11915000.0,
        "Minority Interests": -8558000.0,
        "Net Income Including Noncontrolling Interests": 20473000.0,
        "Net Income Continuous Operations": 20473000.0,
        "Tax Provision": 16308000.0,
        "Pretax Income": 36781000.0,
        "Other Income Expense": 6509000.0,
        "Net Non Operating Interest Income Expense": -10951000.0,
        "Total Other Finance Cost": 3337000.0,
        "Interest Expense Non Operating": 7614000.0,
        "Other Operating Expenses": 9017000.0,
        "Depreciation And Amortization In Income Statement": 5395000.0,
        "Selling General And Administration": 74455000.0,
        "General And Administrative Expense": 74455000.0,
        "Other Gand A": 22120000.0,
        "Salaries And Wages": 52335000.0,
        "Total Revenue": 494046000.0,
        "Operating Revenue": 494046000.0,
        "Loss Adjustment Expense": 203442000.0,
        "Net Policyholder Benefits And Claims": 203442000.0
    },
    "2024-12-31": {
        "Tax Effect Of Unusual Items": 0.0,
        "Tax Rate For Calcs": 0.304624,
        "Net Income From Continuing Operation Net Minority Interest": 19551000.0,
        "Reconciled Depreciation": 5399000.0,
        "EBIT": 50522000.0,
        "Net Interest Income": -11720000.0,
        "Interest Expense": 8329000.0,
        "Interest Income": 17881000.0,
        "Normalized Income": 19551000.0,
        "Net Income From Continuing And Discontinued Operation": 19551000.0,
        "Total Expenses": 460879000.0,
        "Rent Expense Supplemental": 4320000.0,
        "Diluted Average Shares": 38357109.0,
        "Basic Average Shares": 37189433.0,
        "Diluted EPS": 0.47,
        "Basic EPS": 0.52,
        "Diluted NI Availto Com Stockholders": 18101000.0,
        "Average Dilution Earnings": -1298000.0,
        "Net Income Common Stockholders": 19399000.0,
        "Otherunder Preferred Stock Dividend": 152000.0,
        "Net Income": 19551000.0,
        "Minority Interests": -9789000.0,
        "Net Income Including Noncontrolling Interests": 29340000.0,
        "Net Income Continuous Operations": 29340000.0,
        "Tax Provision": 12853000.0,
        "Pretax Income": 42193000.0,
        "Other Income Expense": 4139000.0,
        "Net Non Operating Interest Income Expense": -11720000.0,
        "Total Other Finance Cost": 3391000.0,
        "Interest Expense Non Operating": 8329000.0,
        "Other Operating Expenses": 7241000.0,
        "Depreciation And Amortization In Income Statement": 5399000.0,
        "Selling General And Administration": 75806000.0,
        "General And Administrative Expense": 75806000.0,
        "Other Gand A": 22889000.0,
        "Salaries And Wages": 52917000.0,
        "Total Revenue": 503072000.0,
        "Operating Revenue": 503072000.0,
        "Loss Adjustment Expense": 196126000.0,
        "Net Policyholder Benefits And Claims": 196126000.0
    },
    "2025-03-31": {
        "Tax Effect Of Unusual Items": 0.0,
        "Tax Rate For Calcs": 0.21,
        "Net Income From Continuing Operation Net Minority Interest": 5635000.0,
        "Reconciled Depreciation": 4881000.0,
        "EBIT": 35710000.0,
        "Net Interest Income": -14062000.0,
        "Interest Expense": 10360000.0,
        "Interest Income": 18811000.0,
        "Normalized Income": 5635000.0,
        "Net Income From Continuing And Discontinued Operation": 5635000.0,
        "Total Expenses": 471349000.0,
        "Rent Expense Supplemental": 3972000.0,
        "Diluted Average Shares": 38447518.0,
        "Basic Average Shares": 37348219.0,
        "Diluted EPS": 0.13,
        "Basic EPS": 0.15,
        "Diluted NI Availto Com Stockholders": 4957000.0,
        "Average Dilution Earnings": -623000.0,
        "Net Income Common Stockholders": 5580000.0,
        "Otherunder Preferred Stock Dividend": 55000.0,
        "Net Income": 5635000.0,
        "Minority Interests": -7333000.0,
        "Net Income Including Noncontrolling Interests": 12968000.0,
        "Net Income Continuous Operations": 12968000.0,
        "Tax Provision": 12382000.0,
        "Pretax Income": 25350000.0,
        "Other Income Expense": 4810000.0,
        "Net Non Operating Interest Income Expense": -14062000.0,
        "Total Other Finance Cost": 3702000.0,
        "Interest Expense Non Operating": 10360000.0,
        "Other Operating Expenses": 10789000.0,
        "Depreciation And Amortization In Income Statement": 4881000.0,
        "Selling General And Administration": 80704000.0,
        "General And Administrative Expense": 80704000.0,
        "Other Gand A": 25620000.0,
        "Salaries And Wages": 55084000.0,
        "Total Revenue": 496699000.0,
        "Operating Revenue": 496699000.0,
        "Loss Adjustment Expense": 209313000.0,
        "Net Policyholder Benefits And Claims": 209313000.0
    },
    "2025-06-30": {
        "Tax Effect Of Unusual Items": 0.0,
        "Tax Rate For Calcs": 0.21,
        "Net Income From Continuing Operation Net Minority Interest": 18960000.0,
        "Reconciled Depreciation": 4924000.0,
        "EBIT": 63574000.0,
        "Net Interest Income": -14533000.0,
        "Interest Expense": 10862000.0,
        "Interest Income": 18110000.0,
        "Normalized Income": 18960000.0,
        "Net Income From Continuing And Discontinued Operation": 18960000.0,
        "Total Expenses": 474262000.0,
        "Rent Expense Supplemental": 3994000.0,
        "Diluted Average Shares": 38617998.0,
        "Basic Average Shares": 37496875.0,
        "Diluted EPS": 0.37,
        "Basic EPS": 0.5,
        "Diluted NI Availto Com Stockholders": 14448000.0,
        "Average Dilution Earnings": -4402000.0,
        "Net Income Common Stockholders": 18850000.0,
        "Otherunder Preferred Stock Dividend": 110000.0,
        "Net Income": 18960000.0,
        "Minority Interests": -12144000.0,
        "Net Income Including Noncontrolling Interests": 31104000.0,
        "Net Income Continuous Operations": 31104000.0,
        "Tax Provision": 21608000.0,
        "Pretax Income": 52712000.0,
        "Other Income Expense": 4261000.0,
        "Net Non Operating Interest Income Expense": -14533000.0,
        "Total Other Finance Cost": 3671000.0,
        "Interest Expense Non Operating": 10862000.0,
        "Other Operating Expenses": 7862000.0,
        "Depreciation And Amortization In Income Statement": 4924000.0,
        "Selling General And Administration": 79985000.0,
        "General And Administrative Expense": 79985000.0,
        "Other Gand A": 25462000.0,
        "Salaries And Wages": 54523000.0,
        "Total Revenue": 526974000.0,
        "Operating Revenue": 526974000.0,
        "Loss Adjustment Expense": 226472000.0,
        "Net Policyholder Benefits And Claims": 226472000.0
    }
}