{
    "2023-03-31": {
        "Tax Effect Of Unusual Items": NaN,
        "Tax Rate For Calcs": NaN,
        "Normalized EBITDA": NaN,
        "Total Unusual Items": NaN,
        "Total Unusual Items Excluding Goodwill": NaN,
        "Net Income From Continuing Operation Net Minority Interest": NaN,
        "Reconciled Depreciation": NaN,
        "Reconciled Cost Of Revenue": NaN,
        "EBITDA": NaN,
        "EBIT": NaN,
        "Net Interest Income": NaN,
        "Interest Expense": NaN,
        "Normalized Income": NaN,
        "Net Income From Continuing And Discontinued Operation": NaN,
        "Total Expenses": NaN,
        "Total Operating Income As Reported": NaN,
        "Diluted Average Shares": NaN,
        "Basic Average Shares": NaN,
        "Diluted EPS": NaN,
        "Basic EPS": NaN,
        "Diluted NI Availto Com Stockholders": NaN,
        "Net Income Common Stockholders": NaN,
        "Net Income": NaN,
        "Net Income Including Noncontrolling Interests": NaN,
        "Net Income Discontinuous Operations": 0.0,
        "Net Income Continuous Operations": NaN,
        "Tax Provision": NaN,
        "Pretax Income": NaN,
        "Other Income Expense": NaN,
        "Other Non Operating Income Expenses": NaN,
        "Special Income Charges": NaN,
        "Other Special Charges": NaN,
        "Restructuring And Mergern Acquisition": 0.0,
        "Net Non Operating Interest Income Expense": NaN,
        "Interest Expense Non Operating": NaN,
        "Operating Income": NaN,
        "Operating Expense": NaN,
        "Selling General And Administration": NaN,
        "Gross Profit": NaN,
        "Cost Of Revenue": NaN,
        "Total Revenue": NaN,
        "Operating Revenue": NaN
    },
    "2022-12-31": {
        "Tax Effect Of Unusual Items": NaN,
        "Tax Rate For Calcs": NaN,
        "Normalized EBITDA": NaN,
        "Total Unusual Items": NaN,
        "Total Unusual Items Excluding Goodwill": NaN,
        "Net Income From Continuing Operation Net Minority Interest": NaN,
        "Reconciled Depreciation": NaN,
        "Reconciled Cost Of Revenue": NaN,
        "EBITDA": NaN,
        "EBIT": NaN,
        "Net Interest Income": NaN,
        "Interest Expense": NaN,
        "Normalized Income": NaN,
        "Net Income From Continuing And Discontinued Operation": NaN,
        "Total Expenses": NaN,
        "Total Operating Income As Reported": NaN,
        "Diluted Average Shares": NaN,
        "Basic Average Shares": NaN,
        "Diluted EPS": NaN,
        "Basic EPS": NaN,
        "Diluted NI Availto Com Stockholders": NaN,
        "Net Income Common Stockholders": NaN,
        "Net Income": NaN,
        "Net Income Including Noncontrolling Interests": NaN,
        "Net Income Discontinuous Operations": 203898000.0,
        "Net Income Continuous Operations": NaN,
        "Tax Provision": NaN,
        "Pretax Income": NaN,
        "Other Income Expense": NaN,
        "Other Non Operating Income Expenses": NaN,
        "Special Income Charges": NaN,
        "Other Special Charges": NaN,
        "Impairment Of Capital Assets": 0.0,
        "Restructuring And Mergern Acquisition": 0.0,
        "Net Non Operating Interest Income Expense": NaN,
        "Interest Expense Non Operating": NaN,
        "Operating Income": NaN,
        "Operating Expense": NaN,
        "Selling General And Administration": NaN,
        "Gross Profit": NaN,
        "Cost Of Revenue": NaN,
        "Total Revenue": NaN,
        "Operating Revenue": NaN
    },
    "2022-09-30": {
        "Tax Effect Of Unusual Items": NaN,
        "Tax Rate For Calcs": NaN,
        "Normalized EBITDA": NaN,
        "Total Unusual Items": NaN,
        "Total Unusual Items Excluding Goodwill": NaN,
        "Net Income From Continuing Operation Net Minority Interest": NaN,
        "Reconciled Depreciation": NaN,
        "Reconciled Cost Of Revenue": NaN,
        "EBITDA": NaN,
        "EBIT": NaN,
        "Net Interest Income": NaN,
        "Interest Expense": NaN,
        "Normalized Income": NaN,
        "Net Income From Continuing And Discontinued Operation": NaN,
        "Total Expenses": NaN,
        "Total Operating Income As Reported": NaN,
        "Diluted Average Shares": NaN,
        "Basic Average Shares": NaN,
        "Diluted EPS": NaN,
        "Basic EPS": NaN,
        "Diluted NI Availto Com Stockholders": NaN,
        "Net Income Common Stockholders": NaN,
        "Net Income": NaN,
        "Net Income Including Noncontrolling Interests": NaN,
        "Net Income Discontinuous Operations": NaN,
        "Net Income Continuous Operations": NaN,
        "Tax Provision": NaN,
        "Pretax Income": NaN,
        "Other Income Expense": NaN,
        "Other Non Operating Income Expenses": NaN,
        "Special Income Charges": NaN,
        "Other Special Charges": NaN,
        "Impairment Of Capital Assets": 0.0,
        "Restructuring And Mergern Acquisition": NaN,
        "Net Non Operating Interest Income Expense": NaN,
        "Interest Expense Non Operating": NaN,
        "Operating Income": NaN,
        "Operating Expense": NaN,
        "Selling General And Administration": NaN,
        "Gross Profit": NaN,
        "Cost Of Revenue": NaN,
        "Total Revenue": NaN,
        "Operating Revenue": NaN
    },
    "2022-06-30": {
        "Tax Effect Of Unusual Items": 0.0,
        "Tax Rate For Calcs": 0.4,
        "Normalized EBITDA": 8274000.0,
        "Total Unusual Items": 0.0,
        "Total Unusual Items Excluding Goodwill": 0.0,
        "Net Income From Continuing Operation Net Minority Interest": -21552000.0,
        "Reconciled Depreciation": 9578000.0,
        "Reconciled Cost Of Revenue": 181312000.0,
        "EBITDA": 8274000.0,
        "EBIT": -1304000.0,
        "Net Interest Income": -18480000.0,
        "Interest Expense": 18480000.0,
        "Normalized Income": -21552000.0,
        "Net Income From Continuing And Discontinued Operation": -21552000.0,
        "Total Expenses": 254045000.0,
        "Total Operating Income As Reported": -2780000.0,
        "Diluted Average Shares": 4318000.0,
        "Basic Average Shares": 4318000.0,
        "Diluted EPS": -4.99,
        "Basic EPS": -4.99,
        "Diluted NI Availto Com Stockholders": -21552000.0,
        "Net Income Common Stockholders": -21552000.0,
        "Net Income": -21552000.0,
        "Net Income Including Noncontrolling Interests": -21552000.0,
        "Net Income Discontinuous Operations": NaN,
        "Net Income Continuous Operations": -21552000.0,
        "Tax Provision": 1768000.0,
        "Pretax Income": -19784000.0,
        "Other Income Expense": 1476000.0,
        "Other Non Operating Income Expenses": 1476000.0,
        "Special Income Charges": 0.0,
        "Other Special Charges": NaN,
        "Impairment Of Capital Assets": NaN,
        "Restructuring And Mergern Acquisition": 0.0,
        "Net Non Operating Interest Income Expense": -18480000.0,
        "Interest Expense Non Operating": 18480000.0,
        "Operating Income": -2780000.0,
        "Operating Expense": 72733000.0,
        "Selling General And Administration": 72733000.0,
        "Gross Profit": 69953000.0,
        "Cost Of Revenue": 181312000.0,
        "Total Revenue": 251265000.0,
        "Operating Revenue": 251265000.0
    },
    "2022-03-31": {
        "Diluted EPS": -8.61,
        "Total Revenue": 189,
        "Gross Profit": 41,
        "Operating Income": -22,
        "EBIT": -5,
        "Net Income": -32
    },
    "2021-12-31": {
        "Diluted EPS": -13.85,
        "Total Revenue": 163,
        "Gross Profit": 27,
        "Operating Income": -24,
        "EBIT": 2,
        "Net Income": -43
    },
    "2021-09-30": {
        "Diluted EPS": -29.4,
        "Total Revenue": 198,
        "Gross Profit": 45,
        "Operating Income": -72,
        "EBIT": -4,
        "Net Income": -91
    },
    "2021-06-30": {
        "Diluted EPS": -5.7,
        "Total Revenue": 239,
        "Gross Profit": 63,
        "Operating Income": -6,
        "EBIT": 6,
        "Net Income": -17
    },
    "2021-03-31": {
        "Diluted EPS": -11.1,
        "Total Revenue": 195,
        "Gross Profit": 44,
        "Operating Income": -24,
        "EBIT": -11,
        "Net Income": -34
    },
    "2020-12-31": {
        "Diluted EPS": -4.6,
        "Total Revenue": 207,
        "Gross Profit": 60,
        "Operating Income": -2,
        "EBIT": 11,
        "Net Income": -15
    },
    "2020-09-30": {
        "Diluted EPS": -3.0,
        "Total Revenue": 219,
        "Gross Profit": 64,
        "Operating Income": 2,
        "EBIT": 16,
        "Net Income": -9
    },
    "2020-06-30": {
        "Diluted EPS": -4.4,
        "Total Revenue": 189,
        "Gross Profit": 57,
        "Operating Income": -4,
        "EBIT": 9,
        "Net Income": -14
    },
    "2020-03-31": {
        "Diluted EPS": -65.4,
        "Total Revenue": 237,
        "Gross Profit": 57,
        "Operating Income": -213,
        "EBIT": -7,
        "Net Income": -200
    },
    "2019-12-31": {
        "Diluted EPS": -2.4,
        "Total Revenue": 288,
        "Gross Profit": 84,
        "Operating Income": 3,
        "EBIT": 18,
        "Net Income": -7
    },
    "2019-09-30": {
        "Diluted EPS": -2.3,
        "Total Revenue": 290,
        "Gross Profit": 83,
        "Operating Income": -2,
        "EBIT": 12,
        "Net Income": -7
    },
    "2019-06-30": {
        "Diluted EPS": 2.0,
        "Total Revenue": 316,
        "Gross Profit": 95,
        "Operating Income": 13,
        "EBIT": 27,
        "Net Income": 6
    },
    "2019-03-31": {
        "Diluted EPS": -8.0,
        "Total Revenue": 270,
        "Gross Profit": 66,
        "Operating Income": -17,
        "EBIT": -2,
        "Net Income": -24
    },
    "2018-12-31": {
        "Diluted EPS": 1.3,
        "Total Revenue": 310,
        "Gross Profit": 85,
        "Operating Income": -7,
        "EBIT": 11,
        "Net Income": 4
    },
    "2018-09-30": {
        "Diluted EPS": -7.8,
        "Total Revenue": 291,
        "Gross Profit": 70,
        "Operating Income": -20,
        "EBIT": -2,
        "Net Income": -24
    },
    "2018-06-30": {
        "Diluted EPS": -10.4,
        "Total Revenue": 344,
        "Gross Profit": 97,
        "Operating Income": 2,
        "EBIT": 20,
        "Net Income": -31
    },
    "2018-03-31": {
        "Diluted EPS": -4.1,
        "Total Revenue": 302,
        "Gross Profit": 76,
        "Operating Income": -14,
        "EBIT": 4,
        "Net Income": -12
    },
    "2017-12-31": {
        "Diluted EPS": 6.6,
        "Total Revenue": 316,
        "Gross Profit": 82,
        "Operating Income": -2,
        "EBIT": 13,
        "Net Income": 20
    },
    "2017-09-30": {
        "Diluted EPS": -28.0,
        "Total Revenue": 285,
        "Gross Profit": 69,
        "Operating Income": -94,
        "EBIT": -5,
        "Net Income": -84
    },
    "2017-06-30": {
        "Diluted EPS": -3.7,
        "Total Revenue": 312,
        "Gross Profit": 85,
        "Operating Income": -7,
        "EBIT": 7,
        "Net Income": -11
    },
    "2017-03-31": {
        "Diluted EPS": -3.2,
        "Total Revenue": 287,
        "Gross Profit": 75,
        "Operating Income": -12,
        "EBIT": 1,
        "Net Income": -10
    },
    "2016-12-31": {
        "Diluted EPS": -2.9,
        "Total Revenue": 320,
        "Gross Profit": 87,
        "Operating Income": -6,
        "EBIT": 8,
        "Net Income": -9
    },
    "2016-09-30": {
        "Diluted EPS": -1.4,
        "Total Revenue": 290,
        "Gross Profit": 77,
        "Operating Income": -4,
        "EBIT": 9,
        "Net Income": -4
    },
    "2016-06-30": {
        "Diluted EPS": 2.5,
        "Total Revenue": 336,
        "Gross Profit": 99,
        "Operating Income": 14,
        "EBIT": 27,
        "Net Income": 7
    },
    "2016-03-31": {
        "Diluted EPS": -2.7,
        "Total Revenue": 251,
        "Gross Profit": 66,
        "Operating Income": -7,
        "EBIT": 3,
        "Net Income": -6
    },
    "2015-12-31": {
        "Diluted EPS": 0.0,
        "Total Revenue": NaN,
        "Gross Profit": NaN,
        "Operating Income": NaN,
        "EBIT": NaN,
        "Net Income": NaN
    },
    "2015-11-30": {
        "Diluted EPS": 5.4,
        "Total Revenue": 281,
        "Gross Profit": 84,
        "Operating Income": 19,
        "EBIT": 36,
        "Net Income": 11
    },
    "2015-09-30": {
        "Diluted EPS": 1.2,
        "Total Revenue": 244,
        "Gross Profit": 70,
        "Operating Income": 7,
        "EBIT": 16,
        "Net Income": 3
    },
    "2015-08-31": {
        "Diluted EPS": 0.7,
        "Total Revenue": 223,
        "Gross Profit": 63,
        "Operating Income": 4,
        "EBIT": 13,
        "Net Income": 1
    },
    "2015-06-30": {
        "Diluted EPS": 6.5,
        "Total Revenue": 235,
        "Gross Profit": 75,
        "Operating Income": 22,
        "EBIT": 17,
        "Net Income": 14
    },
    "2015-05-31": {
        "Diluted EPS": 0.0,
        "Total Revenue": NaN,
        "Gross Profit": NaN,
        "Operating Income": NaN,
        "EBIT": NaN,
        "Net Income": NaN
    },
    "2015-03-31": {
        "Diluted EPS": 1.5,
        "Total Revenue": 192,
        "Gross Profit": 54,
        "Operating Income": 8,
        "EBIT": 24,
        "Net Income": 3
    },
    "2015-02-28": {
        "Diluted EPS": 0.1,
        "Total Revenue": 175,
        "Gross Profit": 47,
        "Operating Income": 3,
        "EBIT": 20,
        "Net Income": 0
    },
    "2014-11-30": {
        "Diluted EPS": 8.0,
        "Total Revenue": 241,
        "Gross Profit": 79,
        "Operating Income": 29,
        "EBIT": 45,
        "Net Income": 17
    },
    "2014-08-31": {
        "Diluted EPS": 3.3,
        "Total Revenue": 188,
        "Gross Profit": 56,
        "Operating Income": 12,
        "EBIT": 12,
        "Net Income": 7
    },
    "2014-05-31": {
        "Diluted EPS": 0.0,
        "Total Revenue": NaN,
        "Gross Profit": NaN,
        "Operating Income": NaN,
        "EBIT": NaN,
        "Net Income": NaN
    },
    "2014-02-28": {
        "Diluted EPS": -0.5,
        "Total Revenue": 163,
        "Gross Profit": 42,
        "Operating Income": 1,
        "EBIT": 17,
        "Net Income": -1
    },
    "2013-11-30": {
        "Diluted EPS": 6.8,
        "Total Revenue": 200,
        "Gross Profit": 65,
        "Operating Income": 24,
        "EBIT": 39,
        "Net Income": 14
    },
    "2013-08-31": {
        "Diluted EPS": 2.1,
        "Total Revenue": 174,
        "Gross Profit": 49,
        "Operating Income": 8,
        "EBIT": 8,
        "Net Income": 5
    },
    "2013-05-31": {
        "Diluted EPS": 0.0,
        "Total Revenue": NaN,
        "Gross Profit": NaN,
        "Operating Income": NaN,
        "EBIT": NaN,
        "Net Income": NaN
    },
    "2013-02-28": {
        "Diluted EPS": -0.3,
        "Total Revenue": 151,
        "Gross Profit": 39,
        "Operating Income": 1,
        "EBIT": 15,
        "Net Income": -1
    },
    "2012-11-30": {
        "Diluted EPS": 6.6,
        "Total Revenue": 201,
        "Gross Profit": 62,
        "Operating Income": 23,
        "EBIT": 33,
        "Net Income": 14
    },
    "2012-08-31": {
        "Diluted EPS": 3.6,
        "Total Revenue": 161,
        "Gross Profit": 50,
        "Operating Income": 13,
        "EBIT": 13,
        "Net Income": 8
    },
    "2012-05-31": {
        "Diluted EPS": 0.0,
        "Total Revenue": NaN,
        "Gross Profit": NaN,
        "Operating Income": NaN,
        "EBIT": NaN,
        "Net Income": NaN
    },
    "2012-02-29": {
        "Diluted EPS": 1.0,
        "Total Revenue": 137,
        "Gross Profit": 37,
        "Operating Income": 3,
        "EBIT": 13,
        "Net Income": 2
    },
    "2011-11-30": {
        "Diluted EPS": 5.0,
        "Total Revenue": 158,
        "Gross Profit": 50,
        "Operating Income": 17,
        "EBIT": 26,
        "Net Income": 10
    },
    "2011-08-31": {
        "Diluted EPS": 3.3,
        "Total Revenue": 141,
        "Gross Profit": 44,
        "Operating Income": 12,
        "EBIT": 12,
        "Net Income": 7
    },
    "2011-05-31": {
        "Diluted EPS": 0.0,
        "Total Revenue": NaN,
        "Gross Profit": NaN,
        "Operating Income": NaN,
        "EBIT": NaN,
        "Net Income": NaN
    },
    "2011-02-28": {
        "Diluted EPS": 1.9,
        "Total Revenue": 109,
        "Gross Profit": 31,
        "Operating Income": 3,
        "EBIT": 12,
        "Net Income": 4
    },
    "2010-11-30": {
        "Diluted EPS": 4.1,
        "Total Revenue": 133,
        "Gross Profit": 44,
        "Operating Income": 14,
        "EBIT": 20,
        "Net Income": 8
    },
    "2010-08-31": {
        "Diluted EPS": 2.0,
        "Total Revenue": 105,
        "Gross Profit": 32,
        "Operating Income": 7,
        "EBIT": 7,
        "Net Income": 4
    },
    "2010-05-31": {
        "Diluted EPS": 0.0,
        "Total Revenue": NaN,
        "Gross Profit": NaN,
        "Operating Income": NaN,
        "EBIT": NaN,
        "Net Income": NaN
    },
    "2010-02-28": {
        "Diluted EPS": -0.2,
        "Total Revenue": 104,
        "Gross Profit": 29,
        "Operating Income": 2,
        "EBIT": 9,
        "Net Income": 0
    },
    "2009-11-30": {
        "Diluted EPS": 3.0,
        "Total Revenue": 123,
        "Gross Profit": 39,
        "Operating Income": 10,
        "EBIT": 16,
        "Net Income": 6
    },
    "2009-08-31": {
        "Diluted EPS": 0.6,
        "Total Revenue": 101,
        "Gross Profit": 29,
        "Operating Income": 3,
        "EBIT": 3,
        "Net Income": 1
    },
    "2009-05-31": {
        "Diluted EPS": 0.0,
        "Total Revenue": NaN,
        "Gross Profit": NaN,
        "Operating Income": NaN,
        "EBIT": NaN,
        "Net Income": NaN
    },
    "2009-02-28": {
        "Diluted EPS": 1.1,
        "Total Revenue": 104,
        "Gross Profit": 30,
        "Operating Income": 3,
        "EBIT": 10,
        "Net Income": 2
    },
    "2023-06-30": {
        "Tax Effect Of Unusual Items": NaN,
        "Tax Rate For Calcs": NaN,
        "Normalized EBITDA": NaN,
        "Total Unusual Items": NaN,
        "Total Unusual Items Excluding Goodwill": NaN,
        "Net Income From Continuing Operation Net Minority Interest": NaN,
        "Reconciled Depreciation": NaN,
        "Reconciled Cost Of Revenue": NaN,
        "EBITDA": NaN,
        "EBIT": NaN,
        "Net Interest Income": NaN,
        "Interest Expense": NaN,
        "Normalized Income": NaN,
        "Net Income From Continuing And Discontinued Operation": NaN,
        "Total Expenses": NaN,
        "Total Operating Income As Reported": NaN,
        "Diluted Average Shares": NaN,
        "Basic Average Shares": NaN,
        "Diluted EPS": NaN,
        "Basic EPS": NaN,
        "Diluted NI Availto Com Stockholders": NaN,
        "Net Income Common Stockholders": NaN,
        "Net Income": NaN,
        "Net Income Including Noncontrolling Interests": NaN,
        "Net Income Discontinuous Operations": 0.0,
        "Net Income Continuous Operations": NaN,
        "Tax Provision": NaN,
        "Pretax Income": NaN,
        "Other Income Expense": NaN,
        "Other Non Operating Income Expenses": NaN,
        "Special Income Charges": NaN,
        "Other Special Charges": 1582000.0,
        "Restructuring And Mergern Acquisition": 0.0,
        "Net Non Operating Interest Income Expense": NaN,
        "Interest Expense Non Operating": NaN,
        "Operating Income": NaN,
        "Operating Expense": NaN,
        "Selling General And Administration": NaN,
        "Gross Profit": NaN,
        "Cost Of Revenue": NaN,
        "Total Revenue": NaN,
        "Operating Revenue": NaN
    },
    "2023-09-30": {
        "Tax Effect Of Unusual Items": NaN,
        "Tax Rate For Calcs": NaN,
        "Normalized EBITDA": NaN,
        "Total Unusual Items": NaN,
        "Total Unusual Items Excluding Goodwill": NaN,
        "Net Income From Continuing Operation Net Minority Interest": NaN,
        "Reconciled Depreciation": NaN,
        "Reconciled Cost Of Revenue": NaN,
        "EBITDA": NaN,
        "EBIT": NaN,
        "Net Interest Income": NaN,
        "Interest Expense": NaN,
        "Normalized Income": NaN,
        "Net Income From Continuing And Discontinued Operation": NaN,
        "Total Expenses": NaN,
        "Total Operating Income As Reported": NaN,
        "Diluted Average Shares": NaN,
        "Basic Average Shares": NaN,
        "Diluted EPS": NaN,
        "Basic EPS": NaN,
        "Diluted NI Availto Com Stockholders": NaN,
        "Net Income Common Stockholders": NaN,
        "Net Income": NaN,
        "Net Income Including Noncontrolling Interests": NaN,
        "Net Income Discontinuous Operations": 0.0,
        "Net Income Continuous Operations": NaN,
        "Tax Provision": NaN,
        "Pretax Income": NaN,
        "Other Income Expense": NaN,
        "Other Non Operating Income Expenses": NaN,
        "Special Income Charges": NaN,
        "Other Special Charges": 3000.0,
        "Restructuring And Mergern Acquisition": 0.0,
        "Net Non Operating Interest Income Expense": NaN,
        "Interest Expense Non Operating": NaN,
        "Operating Income": NaN,
        "Operating Expense": NaN,
        "Selling General And Administration": NaN,
        "Gross Profit": NaN,
        "Cost Of Revenue": NaN,
        "Total Revenue": NaN,
        "Operating Revenue": NaN
    },
    "2023-12-31": {
        "Tax Effect Of Unusual Items": NaN,
        "Tax Rate For Calcs": NaN,
        "Normalized EBITDA": NaN,
        "Total Unusual Items": NaN,
        "Total Unusual Items Excluding Goodwill": NaN,
        "Net Income From Continuing Operation Net Minority Interest": NaN,
        "Reconciled Depreciation": NaN,
        "Reconciled Cost Of Revenue": NaN,
        "EBITDA": NaN,
        "EBIT": NaN,
        "Net Interest Income": NaN,
        "Interest Expense": NaN,
        "Normalized Income": NaN,
        "Net Income From Continuing And Discontinued Operation": NaN,
        "Total Expenses": NaN,
        "Total Operating Income As Reported": NaN,
        "Diluted Average Shares": NaN,
        "Basic Average Shares": NaN,
        "Diluted EPS": NaN,
        "Basic EPS": NaN,
        "Diluted NI Availto Com Stockholders": NaN,
        "Net Income Common Stockholders": NaN,
        "Net Income": NaN,
        "Net Income Including Noncontrolling Interests": NaN,
        "Net Income Discontinuous Operations": 0.0,
        "Net Income Continuous Operations": NaN,
        "Tax Provision": NaN,
        "Pretax Income": NaN,
        "Other Income Expense": NaN,
        "Other Non Operating Income Expenses": NaN,
        "Special Income Charges": NaN,
        "Other Special Charges": 0.0,
        "Restructuring And Mergern Acquisition": 0.0,
        "Net Non Operating Interest Income Expense": NaN,
        "Interest Expense Non Operating": NaN,
        "Operating Income": NaN,
        "Operating Expense": NaN,
        "Selling General And Administration": NaN,
        "Gross Profit": NaN,
        "Cost Of Revenue": NaN,
        "Total Revenue": NaN,
        "Operating Revenue": NaN
    },
    "2024-03-31": {
        "Tax Effect Of Unusual Items": 0.0,
        "Tax Rate For Calcs": 0.21,
        "Normalized EBITDA": 4616000.0,
        "Total Unusual Items": 0.0,
        "Total Unusual Items Excluding Goodwill": 0.0,
        "Net Income From Continuing Operation Net Minority Interest": -17195000.0,
        "Reconciled Depreciation": 9640000.0,
        "Reconciled Cost Of Revenue": 150869000.0,
        "EBITDA": 4616000.0,
        "EBIT": -5024000.0,
        "Net Interest Income": -12098000.0,
        "Interest Expense": 12098000.0,
        "Normalized Income": -17195000.0,
        "Net Income From Continuing And Discontinued Operation": -17195000.0,
        "Total Expenses": 205986000.0,
        "Total Operating Income As Reported": -6386000.0,
        "Diluted Average Shares": 4415000.0,
        "Basic Average Shares": 4415000.0,
        "Diluted EPS": -3.89,
        "Basic EPS": -3.89,
        "Diluted NI Availto Com Stockholders": -17195000.0,
        "Net Income Common Stockholders": -17195000.0,
        "Net Income": -17195000.0,
        "Net Income Including Noncontrolling Interests": -17195000.0,
        "Net Income Discontinuous Operations": NaN,
        "Net Income Continuous Operations": -17195000.0,
        "Tax Provision": 73000.0,
        "Pretax Income": -17122000.0,
        "Other Income Expense": 1362000.0,
        "Other Non Operating Income Expenses": 1362000.0,
        "Special Income Charges": 0.0,
        "Other Special Charges": NaN,
        "Restructuring And Mergern Acquisition": NaN,
        "Net Non Operating Interest Income Expense": -12098000.0,
        "Interest Expense Non Operating": 12098000.0,
        "Operating Income": -6386000.0,
        "Operating Expense": 55117000.0,
        "Selling General And Administration": 55117000.0,
        "Gross Profit": 48731000.0,
        "Cost Of Revenue": 150869000.0,
        "Total Revenue": 199600000.0,
        "Operating Revenue": 199600000.0
    },
    "2024-06-30": {
        "Tax Effect Of Unusual Items": 0.0,
        "Tax Rate For Calcs": 0.21,
        "Normalized EBITDA": 19878000.0,
        "Total Unusual Items": 0.0,
        "Total Unusual Items Excluding Goodwill": 0.0,
        "Net Income From Continuing Operation Net Minority Interest": -2763000.0,
        "Reconciled Depreciation": 9260000.0,
        "Reconciled Cost Of Revenue": 165064000.0,
        "EBITDA": 19878000.0,
        "EBIT": 10618000.0,
        "Net Interest Income": -11909000.0,
        "Interest Expense": 11909000.0,
        "Normalized Income": -2763000.0,
        "Net Income From Continuing And Discontinued Operation": -2763000.0,
        "Total Expenses": 217459000.0,
        "Total Operating Income As Reported": 11159000.0,
        "Diluted Average Shares": 4416000.0,
        "Basic Average Shares": 4416000.0,
        "Diluted EPS": -0.63,
        "Basic EPS": -0.63,
        "Diluted NI Availto Com Stockholders": -2763000.0,
        "Net Income Common Stockholders": -2763000.0,
        "Net Income": -2763000.0,
        "Net Income Including Noncontrolling Interests": -2763000.0,
        "Net Income Discontinuous Operations": NaN,
        "Net Income Continuous Operations": -2763000.0,
        "Tax Provision": 1472000.0,
        "Pretax Income": -1291000.0,
        "Other Income Expense": -541000.0,
        "Other Non Operating Income Expenses": -541000.0,
        "Special Income Charges": 0.0,
        "Other Special Charges": NaN,
        "Restructuring And Mergern Acquisition": NaN,
        "Net Non Operating Interest Income Expense": -11909000.0,
        "Interest Expense Non Operating": 11909000.0,
        "Operating Income": 11159000.0,
        "Operating Expense": 52395000.0,
        "Selling General And Administration": 52395000.0,
        "Gross Profit": 63554000.0,
        "Cost Of Revenue": 165064000.0,
        "Total Revenue": 228618000.0,
        "Operating Revenue": 228618000.0
    },
    "2024-09-30": {
        "Tax Effect Of Unusual Items": 0.0,
        "Tax Rate For Calcs": 0.21,
        "Normalized EBITDA": 10182000.0,
        "Total Unusual Items": 0.0,
        "Total Unusual Items Excluding Goodwill": 0.0,
        "Net Income From Continuing Operation Net Minority Interest": -11126000.0,
        "Reconciled Depreciation": 9034000.0,
        "Reconciled Cost Of Revenue": 157234000.0,
        "EBITDA": 10182000.0,
        "EBIT": 1148000.0,
        "Net Interest Income": -11770000.0,
        "Interest Expense": 11770000.0,
        "Normalized Income": -11126000.0,
        "Net Income From Continuing And Discontinued Operation": -11126000.0,
        "Total Expenses": 207600000.0,
        "Total Operating Income As Reported": 3158000.0,
        "Diluted Average Shares": 4422000.0,
        "Basic Average Shares": 4422000.0,
        "Diluted EPS": -2.52,
        "Basic EPS": -2.52,
        "Diluted NI Availto Com Stockholders": -11126000.0,
        "Net Income Common Stockholders": -11126000.0,
        "Net Income": -11126000.0,
        "Net Income Including Noncontrolling Interests": -11126000.0,
        "Net Income Discontinuous Operations": NaN,
        "Net Income Continuous Operations": -11126000.0,
        "Tax Provision": 504000.0,
        "Pretax Income": -10622000.0,
        "Other Income Expense": -2010000.0,
        "Other Non Operating Income Expenses": -2010000.0,
        "Special Income Charges": 0.0,
        "Other Special Charges": NaN,
        "Restructuring And Mergern Acquisition": NaN,
        "Net Non Operating Interest Income Expense": -11770000.0,
        "Interest Expense Non Operating": 11770000.0,
        "Operating Income": 3158000.0,
        "Operating Expense": 50366000.0,
        "Selling General And Administration": 50366000.0,
        "Gross Profit": 53524000.0,
        "Cost Of Revenue": 157234000.0,
        "Total Revenue": 210758000.0,
        "Operating Revenue": 210758000.0
    },
    "2024-12-31": {
        "Tax Effect Of Unusual Items": 0.0,
        "Tax Rate For Calcs": 0.21,
        "Normalized EBITDA": 14437000.0,
        "Total Unusual Items": 0.0,
        "Total Unusual Items Excluding Goodwill": 0.0,
        "Net Income From Continuing Operation Net Minority Interest": -7182000.0,
        "Reconciled Depreciation": 8361000.0,
        "Reconciled Cost Of Revenue": 155955000.0,
        "EBITDA": 14437000.0,
        "EBIT": 6076000.0,
        "Net Interest Income": -12031000.0,
        "Interest Expense": 12031000.0,
        "Normalized Income": -7182000.0,
        "Net Income From Continuing And Discontinued Operation": -7182000.0,
        "Total Expenses": 211091000.0,
        "Total Operating Income As Reported": 2205000.0,
        "Diluted Average Shares": 4463000.0,
        "Basic Average Shares": 4463000.0,
        "Diluted EPS": -1.61,
        "Basic EPS": -1.61,
        "Diluted NI Availto Com Stockholders": -7182000.0,
        "Net Income Common Stockholders": -7182000.0,
        "Net Income": -7182000.0,
        "Net Income Including Noncontrolling Interests": -7182000.0,
        "Net Income Discontinuous Operations": NaN,
        "Net Income Continuous Operations": -7182000.0,
        "Tax Provision": 1227000.0,
        "Pretax Income": -5955000.0,
        "Other Income Expense": 3871000.0,
        "Other Non Operating Income Expenses": 3871000.0,
        "Special Income Charges": 0.0,
        "Other Special Charges": NaN,
        "Restructuring And Mergern Acquisition": NaN,
        "Net Non Operating Interest Income Expense": -12031000.0,
        "Interest Expense Non Operating": 12031000.0,
        "Operating Income": 2205000.0,
        "Operating Expense": 55136000.0,
        "Selling General And Administration": 55136000.0,
        "Gross Profit": 57341000.0,
        "Cost Of Revenue": 155955000.0,
        "Total Revenue": 213296000.0,
        "Operating Revenue": 213296000.0
    },
    "2025-03-31": {
        "Tax Effect Of Unusual Items": -2489130.0,
        "Tax Rate For Calcs": 0.21,
        "Normalized EBITDA": 2195000.0,
        "Total Unusual Items": -11853000.0,
        "Total Unusual Items Excluding Goodwill": -11853000.0,
        "Net Income From Continuing Operation Net Minority Interest": -29718000.0,
        "Reconciled Depreciation": 8402000.0,
        "Reconciled Cost Of Revenue": 151389000.0,
        "EBITDA": -9658000.0,
        "EBIT": -18060000.0,
        "Net Interest Income": -11436000.0,
        "Interest Expense": 11436000.0,
        "Normalized Income": -20354130.0,
        "Net Income From Continuing And Discontinued Operation": -29718000.0,
        "Total Expenses": 204658000.0,
        "Total Operating Income As Reported": -6003000.0,
        "Diluted Average Shares": 4493000.0,
        "Basic Average Shares": 4493000.0,
        "Diluted EPS": -6.61,
        "Basic EPS": -6.61,
        "Diluted NI Availto Com Stockholders": -29718000.0,
        "Net Income Common Stockholders": -29718000.0,
        "Net Income": -29718000.0,
        "Net Income Including Noncontrolling Interests": -29718000.0,
        "Net Income Discontinuous Operations": NaN,
        "Net Income Continuous Operations": -29718000.0,
        "Tax Provision": 222000.0,
        "Pretax Income": -29496000.0,
        "Other Income Expense": -12057000.0,
        "Other Non Operating Income Expenses": -204000.0,
        "Special Income Charges": -11853000.0,
        "Other Special Charges": 11853000.0,
        "Restructuring And Mergern Acquisition": NaN,
        "Net Non Operating Interest Income Expense": -11436000.0,
        "Interest Expense Non Operating": 11436000.0,
        "Operating Income": -6003000.0,
        "Operating Expense": 53269000.0,
        "Selling General And Administration": 53269000.0,
        "Gross Profit": 47266000.0,
        "Cost Of Revenue": 151389000.0,
        "Total Revenue": 198655000.0,
        "Operating Revenue": 198655000.0
    },
    "2025-06-30": {
        "Tax Effect Of Unusual Items": 0.0,
        "Tax Rate For Calcs": 0.21,
        "Normalized EBITDA": 17140000.0,
        "Total Unusual Items": 0.0,
        "Total Unusual Items Excluding Goodwill": 0.0,
        "Net Income From Continuing Operation Net Minority Interest": -4266000.0,
        "Reconciled Depreciation": 8527000.0,
        "Reconciled Cost Of Revenue": 179937000.0,
        "EBITDA": 17140000.0,
        "EBIT": 8613000.0,
        "Net Interest Income": -11896000.0,
        "Interest Expense": 11896000.0,
        "Normalized Income": -4266000.0,
        "Net Income From Continuing And Discontinued Operation": -4266000.0,
        "Total Expenses": 235923000.0,
        "Total Operating Income As Reported": 12103000.0,
        "Diluted Average Shares": 4494000.0,
        "Basic Average Shares": 4494000.0,
        "Diluted EPS": -0.95,
        "Basic EPS": -0.95,
        "Diluted NI Availto Com Stockholders": -4266000.0,
        "Net Income Common Stockholders": -4266000.0,
        "Net Income": -4266000.0,
        "Net Income Including Noncontrolling Interests": -4266000.0,
        "Net Income Discontinuous Operations": NaN,
        "Net Income Continuous Operations": -4266000.0,
        "Tax Provision": 983000.0,
        "Pretax Income": -3283000.0,
        "Other Income Expense": -3490000.0,
        "Other Non Operating Income Expenses": -3490000.0,
        "Special Income Charges": 0.0,
        "Other Special Charges": NaN,
        "Restructuring And Mergern Acquisition": NaN,
        "Net Non Operating Interest Income Expense": -11896000.0,
        "Interest Expense Non Operating": 11896000.0,
        "Operating Income": 12103000.0,
        "Operating Expense": 55986000.0,
        "Selling General And Administration": 55986000.0,
        "Gross Profit": 68089000.0,
        "Cost Of Revenue": 179937000.0,
        "Total Revenue": 248026000.0,
        "Operating Revenue": 248026000.0
    }
}