{
    "2023-04-30": {
        "Tax Effect Of Unusual Items": NaN,
        "Tax Rate For Calcs": NaN,
        "Normalized EBITDA": NaN,
        "Total Unusual Items": NaN,
        "Total Unusual Items Excluding Goodwill": NaN,
        "Net Income From Continuing Operation Net Minority Interest": NaN,
        "Reconciled Depreciation": NaN,
        "Reconciled Cost Of Revenue": NaN,
        "EBITDA": NaN,
        "EBIT": NaN,
        "Net Interest Income": NaN,
        "Interest Expense": NaN,
        "Interest Income": 720000.0,
        "Normalized Income": NaN,
        "Net Income From Continuing And Discontinued Operation": NaN,
        "Total Expenses": NaN,
        "Rent Expense Supplemental": NaN,
        "Total Operating Income As Reported": NaN,
        "Diluted Average Shares": NaN,
        "Basic Average Shares": NaN,
        "Diluted EPS": NaN,
        "Basic EPS": NaN,
        "Diluted NI Availto Com Stockholders": NaN,
        "Net Income Common Stockholders": NaN,
        "Otherunder Preferred Stock Dividend": NaN,
        "Net Income": NaN,
        "Net Income Including Noncontrolling Interests": NaN,
        "Net Income Continuous Operations": NaN,
        "Tax Provision": NaN,
        "Pretax Income": NaN,
        "Other Income Expense": NaN,
        "Special Income Charges": NaN,
        "Impairment Of Capital Assets": NaN,
        "Net Non Operating Interest Income Expense": NaN,
        "Interest Expense Non Operating": NaN,
        "Interest Income Non Operating": 720000.0,
        "Operating Income": NaN,
        "Operating Expense": NaN,
        "Other Operating Expenses": 81315000.0,
        "Gross Profit": NaN,
        "Cost Of Revenue": NaN,
        "Total Revenue": NaN,
        "Operating Revenue": NaN
    },
    "2023-01-31": {
        "Tax Effect Of Unusual Items": NaN,
        "Tax Rate For Calcs": NaN,
        "Normalized EBITDA": NaN,
        "Total Unusual Items": 0.0,
        "Total Unusual Items Excluding Goodwill": 0.0,
        "Net Income From Continuing Operation Net Minority Interest": NaN,
        "Reconciled Depreciation": NaN,
        "Reconciled Cost Of Revenue": NaN,
        "EBITDA": NaN,
        "EBIT": NaN,
        "Net Interest Income": NaN,
        "Interest Expense": NaN,
        "Interest Income": 693000.0,
        "Normalized Income": NaN,
        "Net Income From Continuing And Discontinued Operation": NaN,
        "Total Expenses": NaN,
        "Rent Expense Supplemental": NaN,
        "Total Operating Income As Reported": NaN,
        "Diluted Average Shares": NaN,
        "Basic Average Shares": NaN,
        "Diluted EPS": NaN,
        "Basic EPS": NaN,
        "Diluted NI Availto Com Stockholders": NaN,
        "Net Income Common Stockholders": NaN,
        "Otherunder Preferred Stock Dividend": NaN,
        "Net Income": NaN,
        "Net Income Including Noncontrolling Interests": NaN,
        "Net Income Continuous Operations": NaN,
        "Tax Provision": NaN,
        "Pretax Income": NaN,
        "Other Income Expense": NaN,
        "Special Income Charges": 0.0,
        "Impairment Of Capital Assets": 0.0,
        "Net Non Operating Interest Income Expense": NaN,
        "Interest Expense Non Operating": NaN,
        "Interest Income Non Operating": 693000.0,
        "Operating Income": NaN,
        "Operating Expense": NaN,
        "Other Operating Expenses": NaN,
        "Gross Profit": NaN,
        "Cost Of Revenue": NaN,
        "Total Revenue": NaN,
        "Operating Revenue": NaN
    },
    "2022-10-31": {
        "Tax Effect Of Unusual Items": NaN,
        "Tax Rate For Calcs": NaN,
        "Normalized EBITDA": NaN,
        "Total Unusual Items": 0.0,
        "Total Unusual Items Excluding Goodwill": 0.0,
        "Net Income From Continuing Operation Net Minority Interest": NaN,
        "Reconciled Depreciation": NaN,
        "Reconciled Cost Of Revenue": NaN,
        "EBITDA": NaN,
        "EBIT": NaN,
        "Net Interest Income": NaN,
        "Interest Expense": NaN,
        "Interest Income": 1804000.0,
        "Normalized Income": NaN,
        "Net Income From Continuing And Discontinued Operation": NaN,
        "Total Expenses": NaN,
        "Rent Expense Supplemental": NaN,
        "Total Operating Income As Reported": NaN,
        "Diluted Average Shares": NaN,
        "Basic Average Shares": NaN,
        "Diluted EPS": NaN,
        "Basic EPS": NaN,
        "Diluted NI Availto Com Stockholders": NaN,
        "Net Income Common Stockholders": NaN,
        "Otherunder Preferred Stock Dividend": 563000.0,
        "Net Income": NaN,
        "Net Income Including Noncontrolling Interests": NaN,
        "Net Income Continuous Operations": NaN,
        "Tax Provision": NaN,
        "Pretax Income": NaN,
        "Special Income Charges": 0.0,
        "Impairment Of Capital Assets": 0.0,
        "Net Non Operating Interest Income Expense": NaN,
        "Interest Expense Non Operating": NaN,
        "Interest Income Non Operating": 1804000.0,
        "Operating Income": NaN,
        "Operating Expense": NaN,
        "Other Operating Expenses": NaN,
        "Gross Profit": NaN,
        "Cost Of Revenue": NaN,
        "Total Revenue": NaN,
        "Operating Revenue": NaN
    },
    "2022-07-31": {
        "Tax Effect Of Unusual Items": 0.0,
        "Tax Rate For Calcs": 0.247089,
        "Normalized EBITDA": 40507000.0,
        "Total Unusual Items": 0.0,
        "Total Unusual Items Excluding Goodwill": 0.0,
        "Net Income From Continuing Operation Net Minority Interest": 24959000.0,
        "Reconciled Depreciation": 5763000.0,
        "Reconciled Cost Of Revenue": 393844000.0,
        "EBITDA": 40507000.0,
        "EBIT": 34744000.0,
        "Net Interest Income": -721000.0,
        "Interest Expense": 1594000.0,
        "Interest Income": 873000.0,
        "Normalized Income": 24959000.0,
        "Net Income From Continuing And Discontinued Operation": 24959000.0,
        "Total Expenses": 462672000.0,
        "Total Operating Income As Reported": 33871000.0,
        "Diluted Average Shares": 22392000.0,
        "Basic Average Shares": 22387000.0,
        "Diluted EPS": 1.1,
        "Basic EPS": 1.1,
        "Diluted NI Availto Com Stockholders": 24959000.0,
        "Net Income Common Stockholders": 24959000.0,
        "Otherunder Preferred Stock Dividend": NaN,
        "Net Income": 24959000.0,
        "Net Income Including Noncontrolling Interests": 24959000.0,
        "Net Income Continuous Operations": 24959000.0,
        "Tax Provision": 8191000.0,
        "Pretax Income": 33150000.0,
        "Special Income Charges": 0.0,
        "Impairment Of Capital Assets": 0.0,
        "Net Non Operating Interest Income Expense": -721000.0,
        "Interest Expense Non Operating": 1594000.0,
        "Interest Income Non Operating": 873000.0,
        "Operating Income": 33871000.0,
        "Operating Expense": 68828000.0,
        "Gross Profit": 102699000.0,
        "Cost Of Revenue": 393844000.0,
        "Total Revenue": 496543000.0,
        "Operating Revenue": 486274000.0
    },
    "2022-04-30": {
        "Diluted EPS": 0.78,
        "Total Revenue": 461,
        "Gross Profit": 89,
        "Operating Income": 25,
        "EBIT": 30,
        "Net Income": 17
    },
    "2022-01-31": {
        "Diluted EPS": 0.98,
        "Total Revenue": 508,
        "Gross Profit": 94,
        "Operating Income": 30,
        "EBIT": 37,
        "Net Income": 22
    },
    "2021-10-31": {
        "Diluted EPS": 0.97,
        "Total Revenue": 454,
        "Gross Profit": 92,
        "Operating Income": 30,
        "EBIT": 35,
        "Net Income": 22
    },
    "2021-07-31": {
        "Diluted EPS": 0.5,
        "Total Revenue": 378,
        "Gross Profit": 75,
        "Operating Income": 16,
        "EBIT": 22,
        "Net Income": 11
    },
    "2021-04-30": {
        "Diluted EPS": 0.47,
        "Total Revenue": 373,
        "Gross Profit": 71,
        "Operating Income": 15,
        "EBIT": 20,
        "Net Income": 10
    },
    "2021-01-31": {
        "Diluted EPS": 0.04,
        "Total Revenue": 437,
        "Gross Profit": 68,
        "Operating Income": 7,
        "EBIT": 16,
        "Net Income": 1
    },
    "2020-10-31": {
        "Diluted EPS": 0.44,
        "Total Revenue": 361,
        "Gross Profit": 73,
        "Operating Income": 16,
        "EBIT": 22,
        "Net Income": 10
    },
    "2020-07-31": {
        "Diluted EPS": 0.28,
        "Total Revenue": 303,
        "Gross Profit": 63,
        "Operating Income": 10,
        "EBIT": 16,
        "Net Income": 6
    },
    "2020-04-30": {
        "Diluted EPS": 0.1,
        "Total Revenue": 310,
        "Gross Profit": 58,
        "Operating Income": 5,
        "EBIT": 11,
        "Net Income": 2
    },
    "2020-01-31": {
        "Diluted EPS": 0.03,
        "Total Revenue": 351,
        "Gross Profit": 61,
        "Operating Income": -3,
        "EBIT": 4,
        "Net Income": 1
    },
    "2019-10-31": {
        "Diluted EPS": 0.37,
        "Total Revenue": 361,
        "Gross Profit": 72,
        "Operating Income": 14,
        "EBIT": 21,
        "Net Income": 8
    },
    "2019-07-31": {
        "Diluted EPS": 0.25,
        "Total Revenue": 315,
        "Gross Profit": 64,
        "Operating Income": 9,
        "EBIT": 16,
        "Net Income": 5
    },
    "2019-04-30": {
        "Diluted EPS": -0.02,
        "Total Revenue": 278,
        "Gross Profit": 54,
        "Operating Income": 1,
        "EBIT": 7,
        "Net Income": 0
    },
    "2019-01-31": {
        "Diluted EPS": -0.09,
        "Total Revenue": 360,
        "Gross Profit": 56,
        "Operating Income": 0,
        "EBIT": 6,
        "Net Income": -2
    },
    "2018-10-31": {
        "Diluted EPS": 0.48,
        "Total Revenue": 361,
        "Gross Profit": 70,
        "Operating Income": 16,
        "EBIT": 23,
        "Net Income": 11
    },
    "2018-07-31": {
        "Diluted EPS": 0.23,
        "Total Revenue": 297,
        "Gross Profit": 59,
        "Operating Income": 11,
        "EBIT": 16,
        "Net Income": 5
    },
    "2018-04-30": {
        "Diluted EPS": -0.07,
        "Total Revenue": 244,
        "Gross Profit": 48,
        "Operating Income": 1,
        "EBIT": 6,
        "Net Income": -2
    },
    "2018-01-31": {
        "Diluted EPS": 0.08,
        "Total Revenue": 329,
        "Gross Profit": 52,
        "Operating Income": 1,
        "EBIT": 7,
        "Net Income": 2
    },
    "2017-10-31": {
        "Diluted EPS": 0.11,
        "Total Revenue": 330,
        "Gross Profit": 61,
        "Operating Income": 9,
        "EBIT": 15,
        "Net Income": 2
    },
    "2017-07-31": {
        "Diluted EPS": -0.24,
        "Total Revenue": 269,
        "Gross Profit": 53,
        "Operating Income": -3,
        "EBIT": 3,
        "Net Income": -5
    },
    "2017-04-30": {
        "Diluted EPS": -0.27,
        "Total Revenue": 264,
        "Gross Profit": 49,
        "Operating Income": -5,
        "EBIT": 1,
        "Net Income": -6
    },
    "2017-01-31": {
        "Diluted EPS": -0.37,
        "Total Revenue": 306,
        "Gross Profit": 49,
        "Operating Income": -8,
        "EBIT": -1,
        "Net Income": -8
    },
    "2016-10-31": {
        "Diluted EPS": 0.01,
        "Total Revenue": 332,
        "Gross Profit": 58,
        "Operating Income": 5,
        "EBIT": 12,
        "Net Income": 0
    },
    "2016-07-31": {
        "Diluted EPS": -0.12,
        "Total Revenue": 278,
        "Gross Profit": 53,
        "Operating Income": 1,
        "EBIT": 8,
        "Net Income": -2
    },
    "2016-04-30": {
        "Diluted EPS": -0.17,
        "Total Revenue": 285,
        "Gross Profit": 54,
        "Operating Income": -1,
        "EBIT": 5,
        "Net Income": -4
    },
    "2016-01-31": {
        "Diluted EPS": -1.63,
        "Total Revenue": 335,
        "Gross Profit": 16,
        "Operating Income": -45,
        "EBIT": -38,
        "Net Income": -34
    },
    "2015-10-31": {
        "Diluted EPS": 0.16,
        "Total Revenue": 345,
        "Gross Profit": 67,
        "Operating Income": 14,
        "EBIT": 21,
        "Net Income": 3
    },
    "2015-07-31": {
        "Diluted EPS": 0.0,
        "Total Revenue": 334,
        "Gross Profit": 62,
        "Operating Income": 7,
        "EBIT": 14,
        "Net Income": 0
    },
    "2015-04-30": {
        "Diluted EPS": -0.29,
        "Total Revenue": 353,
        "Gross Profit": 60,
        "Operating Income": 2,
        "EBIT": 8,
        "Net Income": -6
    },
    "2015-01-31": {
        "Diluted EPS": -1.28,
        "Total Revenue": 491,
        "Gross Profit": 68,
        "Operating Income": -28,
        "EBIT": -20,
        "Net Income": -27
    },
    "2014-10-31": {
        "Diluted EPS": 0.11,
        "Total Revenue": 493,
        "Gross Profit": 85,
        "Operating Income": 15,
        "EBIT": 24,
        "Net Income": 2
    },
    "2014-07-31": {
        "Diluted EPS": -0.03,
        "Total Revenue": 451,
        "Gross Profit": 80,
        "Operating Income": 12,
        "EBIT": 20,
        "Net Income": -1
    },
    "2014-04-30": {
        "Diluted EPS": -0.31,
        "Total Revenue": 465,
        "Gross Profit": 76,
        "Operating Income": 2,
        "EBIT": 9,
        "Net Income": -6
    },
    "2014-01-31": {
        "Diluted EPS": -0.02,
        "Total Revenue": 709,
        "Gross Profit": 97,
        "Operating Income": 10,
        "EBIT": 18,
        "Net Income": -1
    },
    "2013-10-31": {
        "Diluted EPS": 0.27,
        "Total Revenue": 588,
        "Gross Profit": 94,
        "Operating Income": 19,
        "EBIT": 28,
        "Net Income": 6
    },
    "2013-07-31": {
        "Diluted EPS": 0.18,
        "Total Revenue": 488,
        "Gross Profit": 84,
        "Operating Income": 13,
        "EBIT": 21,
        "Net Income": 4
    },
    "2013-04-30": {
        "Diluted EPS": -0.02,
        "Total Revenue": 442,
        "Gross Profit": 74,
        "Operating Income": 5,
        "EBIT": 11,
        "Net Income": 0
    },
    "2013-01-31": {
        "Diluted EPS": 0.73,
        "Total Revenue": 785,
        "Gross Profit": 105,
        "Operating Income": 32,
        "EBIT": 38,
        "Net Income": 15
    },
    "2012-10-31": {
        "Diluted EPS": 0.66,
        "Total Revenue": 582,
        "Gross Profit": 94,
        "Operating Income": 30,
        "EBIT": 37,
        "Net Income": 14
    },
    "2012-07-31": {
        "Diluted EPS": 0.25,
        "Total Revenue": 410,
        "Gross Profit": 70,
        "Operating Income": 14,
        "EBIT": 19,
        "Net Income": 5
    },
    "2012-04-30": {
        "Diluted EPS": 0.36,
        "Total Revenue": 422,
        "Gross Profit": 70,
        "Operating Income": 16,
        "EBIT": 20,
        "Net Income": 8
    },
    "2012-01-31": {
        "Diluted EPS": 0.87,
        "Total Revenue": 607,
        "Gross Profit": 93,
        "Operating Income": 33,
        "EBIT": 38,
        "Net Income": 17
    },
    "2011-10-31": {
        "Diluted EPS": 0.61,
        "Total Revenue": 423,
        "Gross Profit": 74,
        "Operating Income": 24,
        "EBIT": 28,
        "Net Income": 13
    },
    "2011-07-31": {
        "Diluted EPS": 0.3,
        "Total Revenue": 311,
        "Gross Profit": 56,
        "Operating Income": 12,
        "EBIT": 15,
        "Net Income": 6
    },
    "2011-04-30": {
        "Diluted EPS": 0.4,
        "Total Revenue": 318,
        "Gross Profit": 53,
        "Operating Income": 13,
        "EBIT": 16,
        "Net Income": 7
    },
    "2011-01-31": {
        "Diluted EPS": 0.57,
        "Total Revenue": 368,
        "Gross Profit": 56,
        "Operating Income": 17,
        "EBIT": 20,
        "Net Income": 10
    },
    "2010-10-31": {
        "Diluted EPS": 0.42,
        "Total Revenue": 311,
        "Gross Profit": 48,
        "Operating Income": 15,
        "EBIT": 17,
        "Net Income": 8
    },
    "2010-07-31": {
        "Diluted EPS": 0.15,
        "Total Revenue": 210,
        "Gross Profit": 36,
        "Operating Income": 7,
        "EBIT": 9,
        "Net Income": 3
    },
    "2010-04-30": {
        "Diluted EPS": 0.09,
        "Total Revenue": 205,
        "Gross Profit": 34,
        "Operating Income": 5,
        "EBIT": 7,
        "Net Income": 2
    },
    "2010-01-31": {
        "Diluted EPS": 0.19,
        "Total Revenue": 252,
        "Gross Profit": 37,
        "Operating Income": 7,
        "EBIT": 9,
        "Net Income": 3
    },
    "2009-10-31": {
        "Diluted EPS": 0.32,
        "Total Revenue": 227,
        "Gross Profit": 40,
        "Operating Income": 12,
        "EBIT": 14,
        "Net Income": 6
    },
    "2009-07-31": {
        "Diluted EPS": 0.27,
        "Total Revenue": 193,
        "Gross Profit": 36,
        "Operating Income": 9,
        "EBIT": 11,
        "Net Income": 5
    },
    "2009-04-30": {
        "Diluted EPS": 0.1,
        "Total Revenue": 166,
        "Gross Profit": 29,
        "Operating Income": 4,
        "EBIT": 6,
        "Net Income": 2
    },
    "2009-01-31": {
        "Diluted EPS": 0.2,
        "Total Revenue": 189,
        "Gross Profit": 32,
        "Operating Income": 6,
        "EBIT": 8,
        "Net Income": 3
    },
    "2023-07-31": {
        "Tax Effect Of Unusual Items": NaN,
        "Tax Rate For Calcs": NaN,
        "Normalized EBITDA": NaN,
        "Total Unusual Items": 0.0,
        "Total Unusual Items Excluding Goodwill": 0.0,
        "Net Income From Continuing Operation Net Minority Interest": NaN,
        "Reconciled Depreciation": NaN,
        "Reconciled Cost Of Revenue": NaN,
        "EBITDA": NaN,
        "EBIT": NaN,
        "Net Interest Income": NaN,
        "Interest Expense": NaN,
        "Interest Income": 641000.0,
        "Normalized Income": NaN,
        "Net Income From Continuing And Discontinued Operation": NaN,
        "Total Expenses": NaN,
        "Rent Expense Supplemental": NaN,
        "Total Operating Income As Reported": NaN,
        "Diluted Average Shares": NaN,
        "Basic Average Shares": NaN,
        "Diluted EPS": NaN,
        "Basic EPS": NaN,
        "Diluted NI Availto Com Stockholders": NaN,
        "Net Income Common Stockholders": NaN,
        "Otherunder Preferred Stock Dividend": 400000.0,
        "Net Income": NaN,
        "Net Income Including Noncontrolling Interests": NaN,
        "Net Income Continuous Operations": NaN,
        "Tax Provision": NaN,
        "Pretax Income": NaN,
        "Other Income Expense": NaN,
        "Special Income Charges": 0.0,
        "Impairment Of Capital Assets": 0.0,
        "Net Non Operating Interest Income Expense": NaN,
        "Interest Expense Non Operating": NaN,
        "Interest Income Non Operating": 641000.0,
        "Operating Income": NaN,
        "Operating Expense": NaN,
        "Other Operating Expenses": NaN,
        "Gross Profit": NaN,
        "Cost Of Revenue": NaN,
        "Total Revenue": NaN,
        "Operating Revenue": NaN
    },
    "2023-10-31": {
        "Tax Effect Of Unusual Items": NaN,
        "Tax Rate For Calcs": NaN,
        "Normalized EBITDA": NaN,
        "Total Unusual Items": NaN,
        "Total Unusual Items Excluding Goodwill": NaN,
        "Net Income From Continuing Operation Net Minority Interest": NaN,
        "Reconciled Depreciation": NaN,
        "Reconciled Cost Of Revenue": NaN,
        "EBITDA": NaN,
        "EBIT": NaN,
        "Net Interest Income": NaN,
        "Interest Expense": NaN,
        "Interest Income": NaN,
        "Normalized Income": NaN,
        "Net Income From Continuing And Discontinued Operation": NaN,
        "Total Expenses": NaN,
        "Rent Expense Supplemental": NaN,
        "Total Operating Income As Reported": NaN,
        "Diluted Average Shares": NaN,
        "Basic Average Shares": NaN,
        "Diluted EPS": NaN,
        "Basic EPS": NaN,
        "Diluted NI Availto Com Stockholders": NaN,
        "Net Income Common Stockholders": NaN,
        "Otherunder Preferred Stock Dividend": 465000.0,
        "Net Income": NaN,
        "Net Income Including Noncontrolling Interests": NaN,
        "Net Income Continuous Operations": NaN,
        "Tax Provision": NaN,
        "Pretax Income": NaN,
        "Other Income Expense": NaN,
        "Special Income Charges": NaN,
        "Impairment Of Capital Assets": NaN,
        "Net Non Operating Interest Income Expense": NaN,
        "Interest Expense Non Operating": NaN,
        "Interest Income Non Operating": NaN,
        "Operating Income": NaN,
        "Operating Expense": NaN,
        "Other Operating Expenses": 92115000.0,
        "Gross Profit": NaN,
        "Cost Of Revenue": NaN,
        "Total Revenue": NaN,
        "Operating Revenue": NaN
    },
    "2024-01-31": {
        "Tax Effect Of Unusual Items": NaN,
        "Tax Rate For Calcs": NaN,
        "Normalized EBITDA": NaN,
        "Total Unusual Items": NaN,
        "Total Unusual Items Excluding Goodwill": NaN,
        "Net Income From Continuing Operation Net Minority Interest": NaN,
        "Reconciled Depreciation": NaN,
        "Reconciled Cost Of Revenue": NaN,
        "EBITDA": NaN,
        "EBIT": NaN,
        "Net Interest Income": NaN,
        "Interest Expense": NaN,
        "Interest Income": 2171000.0,
        "Normalized Income": NaN,
        "Net Income From Continuing And Discontinued Operation": NaN,
        "Total Expenses": NaN,
        "Rent Expense Supplemental": NaN,
        "Total Operating Income As Reported": NaN,
        "Diluted Average Shares": NaN,
        "Basic Average Shares": NaN,
        "Diluted EPS": NaN,
        "Basic EPS": NaN,
        "Diluted NI Availto Com Stockholders": NaN,
        "Net Income Common Stockholders": NaN,
        "Otherunder Preferred Stock Dividend": NaN,
        "Net Income": NaN,
        "Net Income Including Noncontrolling Interests": NaN,
        "Net Income Continuous Operations": NaN,
        "Tax Provision": NaN,
        "Pretax Income": NaN,
        "Other Income Expense": NaN,
        "Special Income Charges": NaN,
        "Impairment Of Capital Assets": NaN,
        "Net Non Operating Interest Income Expense": NaN,
        "Interest Expense Non Operating": NaN,
        "Interest Income Non Operating": 2171000.0,
        "Operating Income": NaN,
        "Operating Expense": NaN,
        "Other Operating Expenses": NaN,
        "Gross Profit": NaN,
        "Cost Of Revenue": NaN,
        "Total Revenue": NaN,
        "Operating Revenue": NaN
    },
    "2024-04-30": {
        "Tax Effect Of Unusual Items": NaN,
        "Tax Rate For Calcs": NaN,
        "Normalized EBITDA": NaN,
        "Total Unusual Items": NaN,
        "Total Unusual Items Excluding Goodwill": NaN,
        "Net Income From Continuing Operation Net Minority Interest": NaN,
        "Reconciled Depreciation": NaN,
        "Reconciled Cost Of Revenue": NaN,
        "EBITDA": NaN,
        "EBIT": NaN,
        "Net Interest Income": NaN,
        "Interest Expense": NaN,
        "Interest Income": NaN,
        "Normalized Income": NaN,
        "Net Income From Continuing And Discontinued Operation": NaN,
        "Total Expenses": NaN,
        "Rent Expense Supplemental": NaN,
        "Total Operating Income As Reported": NaN,
        "Diluted Average Shares": NaN,
        "Basic Average Shares": NaN,
        "Diluted EPS": NaN,
        "Basic EPS": NaN,
        "Diluted NI Availto Com Stockholders": NaN,
        "Net Income Common Stockholders": NaN,
        "Otherunder Preferred Stock Dividend": 123000.0,
        "Net Income": NaN,
        "Net Income Including Noncontrolling Interests": NaN,
        "Net Income Continuous Operations": NaN,
        "Tax Provision": NaN,
        "Pretax Income": NaN,
        "Other Income Expense": NaN,
        "Special Income Charges": NaN,
        "Impairment Of Capital Assets": NaN,
        "Net Non Operating Interest Income Expense": NaN,
        "Interest Expense Non Operating": NaN,
        "Interest Income Non Operating": NaN,
        "Operating Income": NaN,
        "Operating Expense": NaN,
        "Other Operating Expenses": 99158000.0,
        "Gross Profit": NaN,
        "Cost Of Revenue": NaN,
        "Total Revenue": NaN,
        "Operating Revenue": NaN
    },
    "2024-07-31": {
        "Tax Effect Of Unusual Items": -309330.0,
        "Tax Rate For Calcs": 0.21,
        "Normalized EBITDA": 26921000.0,
        "Total Unusual Items": -1473000.0,
        "Total Unusual Items Excluding Goodwill": -1473000.0,
        "Net Income From Continuing Operation Net Minority Interest": -4304000.0,
        "Reconciled Depreciation": 9698000.0,
        "Reconciled Cost Of Revenue": 521295000.0,
        "EBITDA": 25448000.0,
        "EBIT": 15750000.0,
        "Net Interest Income": -20000000.0,
        "Interest Expense": 20000000.0,
        "Interest Income": NaN,
        "Normalized Income": -3140330.0,
        "Net Income From Continuing And Discontinued Operation": -4304000.0,
        "Total Expenses": 616451000.0,
        "Rent Expense Supplemental": 8676000.0,
        "Total Operating Income As Reported": 15750000.0,
        "Diluted Average Shares": NaN,
        "Basic Average Shares": NaN,
        "Diluted EPS": NaN,
        "Basic EPS": NaN,
        "Diluted NI Availto Com Stockholders": -4304000.0,
        "Net Income Common Stockholders": -4304000.0,
        "Otherunder Preferred Stock Dividend": 0.0,
        "Net Income": -4304000.0,
        "Net Income Including Noncontrolling Interests": -4304000.0,
        "Net Income Continuous Operations": -4304000.0,
        "Tax Provision": 54000.0,
        "Pretax Income": -4250000.0,
        "Other Income Expense": -1473000.0,
        "Special Income Charges": -1473000.0,
        "Impairment Of Capital Assets": 1473000.0,
        "Net Non Operating Interest Income Expense": -20000000.0,
        "Interest Expense Non Operating": 20000000.0,
        "Interest Income Non Operating": NaN,
        "Operating Income": 17223000.0,
        "Operating Expense": 95156000.0,
        "Other Operating Expenses": 95156000.0,
        "Gross Profit": 112379000.0,
        "Cost Of Revenue": 521295000.0,
        "Total Revenue": 633674000.0,
        "Operating Revenue": 633674000.0
    },
    "2024-10-31": {
        "Tax Effect Of Unusual Items": -55440.0,
        "Tax Rate For Calcs": 0.21,
        "Normalized EBITDA": 25092000.0,
        "Total Unusual Items": -264000.0,
        "Total Unusual Items Excluding Goodwill": -264000.0,
        "Net Income From Continuing Operation Net Minority Interest": 1713000.0,
        "Reconciled Depreciation": 10274000.0,
        "Reconciled Cost Of Revenue": 569330000.0,
        "EBITDA": 24828000.0,
        "EBIT": 14554000.0,
        "Net Interest Income": -11182000.0,
        "Interest Expense": 14279000.0,
        "Interest Income": 3097000.0,
        "Normalized Income": 1921560.0,
        "Net Income From Continuing And Discontinued Operation": 1713000.0,
        "Total Expenses": 668103000.0,
        "Rent Expense Supplemental": 9610000.0,
        "Total Operating Income As Reported": 11457000.0,
        "Diluted Average Shares": 23125967.0,
        "Basic Average Shares": 23125967.0,
        "Diluted EPS": 0.07,
        "Basic EPS": 0.074073,
        "Diluted NI Availto Com Stockholders": 1676000.0,
        "Net Income Common Stockholders": 1676000.0,
        "Otherunder Preferred Stock Dividend": 37000.0,
        "Net Income": 1713000.0,
        "Net Income Including Noncontrolling Interests": 1713000.0,
        "Net Income Continuous Operations": 1713000.0,
        "Tax Provision": -1438000.0,
        "Pretax Income": 275000.0,
        "Other Income Expense": -264000.0,
        "Special Income Charges": -264000.0,
        "Impairment Of Capital Assets": 264000.0,
        "Net Non Operating Interest Income Expense": -11182000.0,
        "Interest Expense Non Operating": 14279000.0,
        "Interest Income Non Operating": 3097000.0,
        "Operating Income": 11721000.0,
        "Operating Expense": 98773000.0,
        "Other Operating Expenses": 98773000.0,
        "Gross Profit": 110494000.0,
        "Cost Of Revenue": 569330000.0,
        "Total Revenue": 679824000.0,
        "Operating Revenue": 679824000.0
    },
    "2025-01-31": {
        "Tax Effect Of Unusual Items": -26847.382386,
        "Tax Rate For Calcs": 0.255689,
        "Normalized EBITDA": -35775000.0,
        "Total Unusual Items": -105000.0,
        "Total Unusual Items Excluding Goodwill": -105000.0,
        "Net Income From Continuing Operation Net Minority Interest": -43761000.0,
        "Reconciled Depreciation": 9914000.0,
        "Reconciled Cost Of Revenue": 708918000.0,
        "EBITDA": -35880000.0,
        "EBIT": -45794000.0,
        "Net Interest Income": -13000000.0,
        "Interest Expense": 13000000.0,
        "Interest Income": NaN,
        "Normalized Income": -43682847.382386,
        "Net Income From Continuing And Discontinued Operation": -43761000.0,
        "Total Expenses": 805611000.0,
        "Rent Expense Supplemental": 9565000.0,
        "Total Operating Income As Reported": -45794000.0,
        "Diluted Average Shares": 23124768.0,
        "Basic Average Shares": 23124768.0,
        "Diluted EPS": -1.93,
        "Basic EPS": -1.892387,
        "Diluted NI Availto Com Stockholders": -43642000.0,
        "Net Income Common Stockholders": -43642000.0,
        "Otherunder Preferred Stock Dividend": NaN,
        "Net Income": -43761000.0,
        "Net Income Including Noncontrolling Interests": -43761000.0,
        "Net Income Continuous Operations": -43761000.0,
        "Tax Provision": -15033000.0,
        "Pretax Income": -58794000.0,
        "Other Income Expense": -105000.0,
        "Special Income Charges": -105000.0,
        "Impairment Of Capital Assets": 105000.0,
        "Net Non Operating Interest Income Expense": -13000000.0,
        "Interest Expense Non Operating": 13000000.0,
        "Interest Income Non Operating": NaN,
        "Operating Income": -45689000.0,
        "Operating Expense": 96693000.0,
        "Other Operating Expenses": NaN,
        "Gross Profit": 51004000.0,
        "Cost Of Revenue": 708918000.0,
        "Total Revenue": 759922000.0,
        "Operating Revenue": 759922000.0
    },
    "2025-04-30": {
        "Tax Effect Of Unusual Items": -62776.0,
        "Tax Rate For Calcs": 0.236,
        "Normalized EBITDA": 3446000.0,
        "Total Unusual Items": -266000.0,
        "Total Unusual Items Excluding Goodwill": -266000.0,
        "Net Income From Continuing Operation Net Minority Interest": -13204000.0,
        "Reconciled Depreciation": 8915000.0,
        "Reconciled Cost Of Revenue": 503401000.0,
        "EBITDA": 3180000.0,
        "EBIT": -5735000.0,
        "Net Interest Income": -11547000.0,
        "Interest Expense": 11547000.0,
        "Interest Income": NaN,
        "Normalized Income": -13000776.0,
        "Net Income From Continuing And Discontinued Operation": -13204000.0,
        "Total Expenses": 599805000.0,
        "Rent Expense Supplemental": 6363000.0,
        "Total Operating Income As Reported": -5735000.0,
        "Diluted Average Shares": 23085586.0,
        "Basic Average Shares": 23085586.0,
        "Diluted EPS": -0.58,
        "Basic EPS": -0.571959,
        "Diluted NI Availto Com Stockholders": -13204000.0,
        "Net Income Common Stockholders": -13204000.0,
        "Otherunder Preferred Stock Dividend": 0.0,
        "Net Income": -13204000.0,
        "Net Income Including Noncontrolling Interests": -13204000.0,
        "Net Income Continuous Operations": -13204000.0,
        "Tax Provision": -4078000.0,
        "Pretax Income": -17282000.0,
        "Other Income Expense": -266000.0,
        "Special Income Charges": -266000.0,
        "Impairment Of Capital Assets": 266000.0,
        "Net Non Operating Interest Income Expense": -11547000.0,
        "Interest Expense Non Operating": 11547000.0,
        "Interest Income Non Operating": NaN,
        "Operating Income": -5469000.0,
        "Operating Expense": 96404000.0,
        "Other Operating Expenses": 96404000.0,
        "Gross Profit": 90935000.0,
        "Cost Of Revenue": 503401000.0,
        "Total Revenue": 594336000.0,
        "Operating Revenue": 594336000.0
    },
    "2025-07-31": {
        "Tax Effect Of Unusual Items": -87691.597863,
        "Tax Rate For Calcs": 0.271491,
        "Normalized EBITDA": 13037000.0,
        "Total Unusual Items": -323000.0,
        "Total Unusual Items Excluding Goodwill": -323000.0,
        "Net Income From Continuing Operation Net Minority Interest": -6000000.0,
        "Reconciled Depreciation": 9414000.0,
        "Reconciled Cost Of Revenue": 452780000.0,
        "EBITDA": 12714000.0,
        "EBIT": 3300000.0,
        "Net Interest Income": -8898000.0,
        "Interest Expense": 11536000.0,
        "Interest Income": 2638000.0,
        "Normalized Income": -5764691.597863,
        "Net Income From Continuing And Discontinued Operation": -6000000.0,
        "Total Expenses": 545441000.0,
        "Rent Expense Supplemental": 9321000.0,
        "Total Operating Income As Reported": 662000.0,
        "Diluted Average Shares": 23373234.0,
        "Basic Average Shares": 23373234.0,
        "Diluted EPS": -0.26,
        "Basic EPS": -0.256704,
        "Diluted NI Availto Com Stockholders": -6000000.0,
        "Net Income Common Stockholders": -6000000.0,
        "Otherunder Preferred Stock Dividend": 0.0,
        "Net Income": -6000000.0,
        "Net Income Including Noncontrolling Interests": -6000000.0,
        "Net Income Continuous Operations": -6000000.0,
        "Tax Provision": -2236000.0,
        "Pretax Income": -8236000.0,
        "Other Income Expense": -323000.0,
        "Special Income Charges": -323000.0,
        "Impairment Of Capital Assets": 323000.0,
        "Net Non Operating Interest Income Expense": -8898000.0,
        "Interest Expense Non Operating": 11536000.0,
        "Interest Income Non Operating": 2638000.0,
        "Operating Income": 985000.0,
        "Operating Expense": 92661000.0,
        "Other Operating Expenses": 92661000.0,
        "Gross Profit": 93646000.0,
        "Cost Of Revenue": 452780000.0,
        "Total Revenue": 546426000.0,
        "Operating Revenue": 546426000.0
    },
    "2025-10-31": {
        "Tax Effect Of Unusual Items": NaN,
        "Tax Rate For Calcs": NaN,
        "Normalized EBITDA": NaN,
        "Total Unusual Items": NaN,
        "Total Unusual Items Excluding Goodwill": NaN,
        "Net Income From Continuing Operation Net Minority Interest": NaN,
        "Reconciled Depreciation": NaN,
        "Reconciled Cost Of Revenue": NaN,
        "EBITDA": NaN,
        "EBIT": NaN,
        "Net Interest Income": NaN,
        "Interest Expense": NaN,
        "Interest Income": NaN,
        "Normalized Income": NaN,
        "Net Income From Continuing And Discontinued Operation": NaN,
        "Total Expenses": NaN,
        "Rent Expense Supplemental": NaN,
        "Total Operating Income As Reported": NaN,
        "Diluted Average Shares": 23372977.0,
        "Basic Average Shares": 23372977.0,
        "Diluted EPS": 0.05,
        "Basic EPS": 0.051256,
        "Diluted NI Availto Com Stockholders": NaN,
        "Net Income Common Stockholders": NaN,
        "Otherunder Preferred Stock Dividend": NaN,
        "Net Income": NaN,
        "Net Income Including Noncontrolling Interests": NaN,
        "Net Income Continuous Operations": NaN,
        "Tax Provision": NaN,
        "Pretax Income": NaN,
        "Other Income Expense": NaN,
        "Special Income Charges": NaN,
        "Impairment Of Capital Assets": NaN,
        "Net Non Operating Interest Income Expense": NaN,
        "Interest Expense Non Operating": NaN,
        "Interest Income Non Operating": NaN,
        "Operating Income": NaN,
        "Operating Expense": NaN,
        "Other Operating Expenses": NaN,
        "Gross Profit": NaN,
        "Cost Of Revenue": NaN,
        "Total Revenue": NaN,
        "Operating Revenue": NaN
    }
}