{
    "2023-05-31": {
        "Tax Effect Of Unusual Items": NaN,
        "Tax Rate For Calcs": NaN,
        "Normalized EBITDA": NaN,
        "Total Unusual Items": NaN,
        "Total Unusual Items Excluding Goodwill": NaN,
        "Net Income From Continuing Operation Net Minority Interest": NaN,
        "Reconciled Depreciation": NaN,
        "Reconciled Cost Of Revenue": NaN,
        "EBITDA": NaN,
        "EBIT": NaN,
        "Net Interest Income": NaN,
        "Interest Expense": NaN,
        "Normalized Income": NaN,
        "Net Income From Continuing And Discontinued Operation": NaN,
        "Total Expenses": NaN,
        "Rent Expense Supplemental": NaN,
        "Total Operating Income As Reported": NaN,
        "Diluted Average Shares": NaN,
        "Basic Average Shares": NaN,
        "Diluted EPS": NaN,
        "Basic EPS": NaN,
        "Diluted NI Availto Com Stockholders": NaN,
        "Net Income Common Stockholders": NaN,
        "Net Income": NaN,
        "Minority Interests": NaN,
        "Net Income Including Noncontrolling Interests": NaN,
        "Net Income Continuous Operations": NaN,
        "Tax Provision": NaN,
        "Pretax Income": NaN,
        "Other Income Expense": NaN,
        "Other Non Operating Income Expenses": NaN,
        "Special Income Charges": NaN,
        "Gain On Sale Of Ppe": NaN,
        "Other Special Charges": NaN,
        "Write Off": NaN,
        "Impairment Of Capital Assets": -181376000.0,
        "Restructuring And Mergern Acquisition": NaN,
        "Gain On Sale Of Security": NaN,
        "Net Non Operating Interest Income Expense": NaN,
        "Interest Expense Non Operating": NaN,
        "Operating Income": NaN,
        "Operating Expense": NaN,
        "Depreciation Amortization Depletion Income Statement": NaN,
        "Depreciation And Amortization In Income Statement": NaN,
        "Amortization": NaN,
        "Amortization Of Intangibles Income Statement": NaN,
        "Research And Development": NaN,
        "Selling General And Administration": NaN,
        "Selling And Marketing Expense": NaN,
        "General And Administrative Expense": NaN,
        "Other Gand A": NaN,
        "Insurance And Claims": NaN,
        "Rent And Landing Fees": NaN,
        "Salaries And Wages": NaN,
        "Gross Profit": NaN,
        "Cost Of Revenue": NaN,
        "Total Revenue": NaN,
        "Excise Taxes": NaN,
        "Operating Revenue": NaN
    },
    "2023-02-28": {
        "Tax Effect Of Unusual Items": NaN,
        "Tax Rate For Calcs": NaN,
        "Normalized EBITDA": NaN,
        "Total Unusual Items": NaN,
        "Total Unusual Items Excluding Goodwill": NaN,
        "Net Income From Continuing Operation Net Minority Interest": NaN,
        "Reconciled Depreciation": NaN,
        "Reconciled Cost Of Revenue": NaN,
        "EBITDA": NaN,
        "EBIT": NaN,
        "Net Interest Income": NaN,
        "Interest Expense": NaN,
        "Normalized Income": NaN,
        "Net Income From Continuing And Discontinued Operation": NaN,
        "Total Expenses": NaN,
        "Rent Expense Supplemental": NaN,
        "Total Operating Income As Reported": NaN,
        "Diluted Average Shares": NaN,
        "Basic Average Shares": NaN,
        "Diluted EPS": NaN,
        "Basic EPS": NaN,
        "Diluted NI Availto Com Stockholders": NaN,
        "Net Income Common Stockholders": NaN,
        "Net Income": NaN,
        "Minority Interests": NaN,
        "Net Income Including Noncontrolling Interests": NaN,
        "Net Income Continuous Operations": NaN,
        "Tax Provision": NaN,
        "Pretax Income": NaN,
        "Other Income Expense": NaN,
        "Other Non Operating Income Expenses": NaN,
        "Special Income Charges": NaN,
        "Gain On Sale Of Ppe": NaN,
        "Other Special Charges": NaN,
        "Write Off": 934000000.0,
        "Impairment Of Capital Assets": 1115376000.0,
        "Restructuring And Mergern Acquisition": NaN,
        "Gain On Sale Of Security": NaN,
        "Net Non Operating Interest Income Expense": NaN,
        "Interest Expense Non Operating": NaN,
        "Operating Income": NaN,
        "Operating Expense": NaN,
        "Depreciation Amortization Depletion Income Statement": NaN,
        "Depreciation And Amortization In Income Statement": NaN,
        "Amortization": NaN,
        "Amortization Of Intangibles Income Statement": NaN,
        "Research And Development": NaN,
        "Selling General And Administration": NaN,
        "Selling And Marketing Expense": NaN,
        "General And Administrative Expense": NaN,
        "Other Gand A": NaN,
        "Insurance And Claims": NaN,
        "Rent And Landing Fees": NaN,
        "Salaries And Wages": NaN,
        "Gross Profit": NaN,
        "Cost Of Revenue": NaN,
        "Total Revenue": NaN,
        "Excise Taxes": NaN,
        "Operating Revenue": NaN
    },
    "2022-11-30": {
        "Tax Effect Of Unusual Items": -4266458.812783,
        "Tax Rate For Calcs": 0.159691,
        "Normalized EBITDA": -10206000.0,
        "Total Unusual Items": -26717000.0,
        "Total Unusual Items Excluding Goodwill": -26717000.0,
        "Net Income From Continuing Operation Net Minority Interest": -69463000.0,
        "Reconciled Depreciation": 33318000.0,
        "Reconciled Cost Of Revenue": 91931000.0,
        "EBITDA": -36923000.0,
        "EBIT": -70241000.0,
        "Net Interest Income": -3107000.0,
        "Interest Expense": 3107000.0,
        "Normalized Income": -47012458.812783,
        "Net Income From Continuing And Discontinued Operation": -69463000.0,
        "Total Expenses": 181560000.0,
        "Rent Expense Supplemental": 740000.0,
        "Total Operating Income As Reported": -51791000.0,
        "Diluted Average Shares": 611711377.0,
        "Basic Average Shares": 611711377.0,
        "Diluted EPS": -0.11,
        "Basic EPS": -0.11,
        "Diluted NI Availto Com Stockholders": -69463000.0,
        "Net Income Common Stockholders": -69463000.0,
        "Net Income": -69463000.0,
        "Minority Interests": -7828000.0,
        "Net Income Including Noncontrolling Interests": -61635000.0,
        "Net Income Continuous Operations": -61635000.0,
        "Tax Provision": -11713000.0,
        "Pretax Income": -73348000.0,
        "Other Income Expense": -32817000.0,
        "Other Non Operating Income Expenses": -6100000.0,
        "Special Income Charges": -14367000.0,
        "Gain On Sale Of Ppe": 64000.0,
        "Other Special Charges": 2815000.0,
        "Impairment Of Capital Assets": NaN,
        "Restructuring And Mergern Acquisition": 11616000.0,
        "Gain On Sale Of Security": -12350000.0,
        "Net Non Operating Interest Income Expense": -3107000.0,
        "Interest Expense Non Operating": 3107000.0,
        "Operating Income": -37424000.0,
        "Operating Expense": 80306000.0,
        "Depreciation Amortization Depletion Income Statement": 23995000.0,
        "Depreciation And Amortization In Income Statement": 23995000.0,
        "Amortization": 23995000.0,
        "Amortization Of Intangibles Income Statement": 23995000.0,
        "Research And Development": 165000.0,
        "Selling General And Administration": 56146000.0,
        "Selling And Marketing Expense": 18204000.0,
        "General And Administrative Expense": 37942000.0,
        "Other Gand A": 10332000.0,
        "Insurance And Claims": 2726000.0,
        "Rent And Landing Fees": 740000.0,
        "Salaries And Wages": 24144000.0,
        "Gross Profit": 42882000.0,
        "Cost Of Revenue": 101254000.0,
        "Total Revenue": 144136000.0,
        "Excise Taxes": NaN,
        "Operating Revenue": 144136000.0
    },
    "2022-08-31": {
        "Tax Effect Of Unusual Items": NaN,
        "Tax Rate For Calcs": NaN,
        "Normalized EBITDA": NaN,
        "Total Unusual Items": NaN,
        "Total Unusual Items Excluding Goodwill": NaN,
        "Net Income From Continuing Operation Net Minority Interest": NaN,
        "Reconciled Depreciation": NaN,
        "Reconciled Cost Of Revenue": NaN,
        "EBITDA": NaN,
        "EBIT": NaN,
        "Net Interest Income": NaN,
        "Interest Expense": NaN,
        "Normalized Income": NaN,
        "Net Income From Continuing And Discontinued Operation": NaN,
        "Total Expenses": NaN,
        "Rent Expense Supplemental": NaN,
        "Total Operating Income As Reported": NaN,
        "Diluted Average Shares": NaN,
        "Basic Average Shares": NaN,
        "Diluted EPS": NaN,
        "Basic EPS": NaN,
        "Diluted NI Availto Com Stockholders": NaN,
        "Net Income Common Stockholders": NaN,
        "Net Income": NaN,
        "Minority Interests": NaN,
        "Net Income Including Noncontrolling Interests": NaN,
        "Net Income Continuous Operations": NaN,
        "Tax Provision": NaN,
        "Pretax Income": NaN,
        "Other Income Expense": NaN,
        "Other Non Operating Income Expenses": NaN,
        "Special Income Charges": NaN,
        "Gain On Sale Of Ppe": NaN,
        "Other Special Charges": NaN,
        "Write Off": NaN,
        "Impairment Of Capital Assets": NaN,
        "Restructuring And Mergern Acquisition": NaN,
        "Gain On Sale Of Security": NaN,
        "Net Non Operating Interest Income Expense": NaN,
        "Interest Expense Non Operating": NaN,
        "Operating Income": NaN,
        "Operating Expense": NaN,
        "Depreciation Amortization Depletion Income Statement": NaN,
        "Depreciation And Amortization In Income Statement": NaN,
        "Amortization": NaN,
        "Amortization Of Intangibles Income Statement": NaN,
        "Research And Development": NaN,
        "Selling General And Administration": NaN,
        "Selling And Marketing Expense": NaN,
        "General And Administrative Expense": NaN,
        "Other Gand A": NaN,
        "Insurance And Claims": NaN,
        "Rent And Landing Fees": NaN,
        "Salaries And Wages": NaN,
        "Gross Profit": NaN,
        "Cost Of Revenue": NaN,
        "Total Revenue": NaN,
        "Excise Taxes": 18328000.0,
        "Operating Revenue": NaN
    },
    "2022-05-31": {
        "Tax Effect Of Unusual Items": -3031636.986761,
        "Tax Rate For Calcs": 0.008239,
        "Normalized EBITDA": 299375000.0,
        "Total Unusual Items": -367976000.0,
        "Total Unusual Items Excluding Goodwill": -367976000.0,
        "Net Income From Continuing Operation Net Minority Interest": -457800000.0,
        "Reconciled Depreciation": 30846000.0,
        "Reconciled Cost Of Revenue": 160058000.0,
        "EBIT": -99447000.0,
        "Net Interest Income": -5522000.0,
        "Interest Expense": 17258000.0,
        "Normalized Income": -92855636.986761,
        "Net Income From Continuing And Discontinued Operation": -457800000.0,
        "Total Expenses": 252772000.0,
        "Rent Expense Supplemental": 584000.0,
        "Total Operating Income As Reported": -467423000.0,
        "Diluted Average Shares": 513967010.0,
        "Basic Average Shares": 513967010.0,
        "Diluted EPS": -0.9,
        "Basic EPS": -0.9,
        "Diluted NI Availto Com Stockholders": -457800000.0,
        "Net Income Common Stockholders": -457800000.0,
        "Net Income": -457800000.0,
        "Minority Interests": -20341000.0,
        "Net Income Including Noncontrolling Interests": -457800000.0,
        "Net Income Continuous Operations": -457800000.0,
        "Tax Provision": -3803000.0,
        "Pretax Income": -461603000.0,
        "Other Income Expense": -356634000.0,
        "Other Non Operating Income Expenses": 11342000.0,
        "Special Income Charges": -367976000.0,
        "Gain On Sale Of Ppe": 51000.0,
        "Other Special Charges": 4099000.0,
        "Impairment Of Capital Assets": 378241000.0,
        "Restructuring And Mergern Acquisition": -14364000.0,
        "Gain On Sale Of Security": -4723000.0,
        "Net Non Operating Interest Income Expense": -5522000.0,
        "Total Other Finance Cost": 5522000.0,
        "Interest Expense Non Operating": 17258000.0,
        "Operating Income": -99447000.0,
        "Operating Expense": 92714000.0,
        "Depreciation Amortization Depletion Income Statement": 30846000.0,
        "Depreciation And Amortization In Income Statement": 30846000.0,
        "Amortization": 30846000.0,
        "Amortization Of Intangibles Income Statement": 30846000.0,
        "Research And Development": 54000.0,
        "Selling General And Administration": 61814000.0,
        "Selling And Marketing Expense": 20414000.0,
        "General And Administrative Expense": 41400000.0,
        "Other Gand A": 41400000.0,
        "Insurance And Claims": 3075000.0,
        "Rent And Landing Fees": 584000.0,
        "Salaries And Wages": 27689000.0,
        "Gross Profit": -6733000.0,
        "Cost Of Revenue": 160058000.0,
        "Total Revenue": 153325000.0,
        "Excise Taxes": NaN,
        "Operating Revenue": 153325000.0
    },
    "2022-02-28": {
        "Diluted EPS": 0.09,
        "Total Revenue": 152,
        "Gross Profit": 40,
        "Operating Income": -18,
        "EBIT": 19,
        "Net Income": 43
    },
    "2021-11-30": {
        "Diluted EPS": 0.0,
        "Total Revenue": 155,
        "Gross Profit": 33,
        "Operating Income": -56,
        "EBIT": -18,
        "Net Income": 0
    },
    "2021-08-31": {
        "Diluted EPS": -0.08,
        "Total Revenue": 168,
        "Gross Profit": 51,
        "Operating Income": -69,
        "EBIT": -30,
        "Net Income": -42
    },
    "2021-05-31": {
        "Diluted EPS": 0.45,
        "Total Revenue": 290,
        "Gross Profit": 97,
        "Operating Income": 3,
        "EBIT": 27,
        "Net Income": 249
    },
    "2021-03-31": {
        "Diluted EPS": -2.01,
        "Total Revenue": 48,
        "Gross Profit": 14,
        "Operating Income": -73,
        "EBIT": -59,
        "Net Income": -341
    },
    "2021-02-28": {
        "Diluted EPS": -1.03,
        "Total Revenue": 124,
        "Gross Profit": 30,
        "Operating Income": -24,
        "EBIT": -4,
        "Net Income": -274
    },
    "2020-12-31": {
        "Diluted EPS": 0.0,
        "Total Revenue": NaN,
        "Gross Profit": NaN,
        "Operating Income": NaN,
        "EBIT": NaN,
        "Net Income": NaN
    },
    "2020-11-30": {
        "Diluted EPS": -0.41,
        "Total Revenue": 129,
        "Gross Profit": 35,
        "Operating Income": -26,
        "EBIT": -18,
        "Net Income": -100
    },
    "2020-09-30": {
        "Diluted EPS": -0.02,
        "Total Revenue": 51,
        "Gross Profit": 4,
        "Operating Income": -33,
        "EBIT": -24,
        "Net Income": -2
    },
    "2020-08-31": {
        "Diluted EPS": -0.09,
        "Total Revenue": 117,
        "Gross Profit": 35,
        "Operating Income": -8,
        "EBIT": 6,
        "Net Income": -34
    },
    "2020-06-30": {
        "Diluted EPS": -0.65,
        "Total Revenue": 50,
        "Gross Profit": -5,
        "Operating Income": -76,
        "EBIT": -61,
        "Net Income": -82
    },
    "2020-03-31": {
        "Diluted EPS": -1.73,
        "Total Revenue": 52,
        "Gross Profit": 11,
        "Operating Income": -71,
        "EBIT": -64,
        "Net Income": -184
    },
    "2019-12-31": {
        "Diluted EPS": 0.0,
        "Total Revenue": NaN,
        "Gross Profit": NaN,
        "Operating Income": NaN,
        "EBIT": NaN,
        "Net Income": NaN
    },
    "2019-09-30": {
        "Diluted EPS": -0.37,
        "Total Revenue": 51,
        "Gross Profit": 16,
        "Operating Income": -24,
        "EBIT": -13,
        "Net Income": -36
    },
    "2019-06-30": {
        "Diluted EPS": -0.37,
        "Total Revenue": 46,
        "Gross Profit": 12,
        "Operating Income": -33,
        "EBIT": -26,
        "Net Income": -36
    },
    "2019-03-31": {
        "Diluted EPS": -0.31,
        "Total Revenue": 23,
        "Gross Profit": 5,
        "Operating Income": -28,
        "EBIT": -23,
        "Net Income": -29
    },
    "2018-12-31": {
        "Diluted EPS": 0.0,
        "Total Revenue": 22,
        "Gross Profit": 4,
        "Operating Income": -52,
        "EBIT": -48,
        "Net Income": -58
    },
    "2018-09-30": {
        "Diluted EPS": -0.2,
        "Total Revenue": 10,
        "Gross Profit": 3,
        "Operating Income": -20,
        "EBIT": -23,
        "Net Income": -19
    },
    "2018-06-30": {
        "Diluted EPS": -0.17,
        "Total Revenue": 10,
        "Gross Profit": 4,
        "Operating Income": -11,
        "EBIT": -6,
        "Net Income": -13
    },
    "2018-03-31": {
        "Diluted EPS": -0.07,
        "Total Revenue": 8,
        "Gross Profit": 4,
        "Operating Income": -4,
        "EBIT": -3,
        "Net Income": -5
    },
    "2018-02-28": {
        "Diluted EPS": 0.0,
        "Total Revenue": 8,
        "Gross Profit": 4,
        "Operating Income": -4,
        "EBIT": -3,
        "Net Income": -5
    },
    "2017-12-31": {
        "Diluted EPS": 0.0,
        "Total Revenue": NaN,
        "Gross Profit": NaN,
        "Operating Income": NaN,
        "EBIT": NaN,
        "Net Income": NaN
    },
    "2017-11-30": {
        "Diluted EPS": 0.0,
        "Total Revenue": NaN,
        "Gross Profit": NaN,
        "Operating Income": -4,
        "EBIT": -4,
        "Net Income": -2
    },
    "2017-09-30": {
        "Diluted EPS": -0.02,
        "Total Revenue": 5,
        "Gross Profit": 3,
        "Operating Income": -2,
        "EBIT": -2,
        "Net Income": -2
    },
    "2017-08-31": {
        "Diluted EPS": 0.0,
        "Total Revenue": NaN,
        "Gross Profit": NaN,
        "Operating Income": -4,
        "EBIT": -3,
        "Net Income": -2
    },
    "2017-06-30": {
        "Diluted EPS": -0.01,
        "Total Revenue": 5,
        "Gross Profit": 3,
        "Operating Income": -2,
        "EBIT": -1,
        "Net Income": -2
    },
    "2017-05-31": {
        "Diluted EPS": 0.0,
        "Total Revenue": NaN,
        "Gross Profit": NaN,
        "Operating Income": NaN,
        "EBIT": NaN,
        "Net Income": NaN
    },
    "2017-03-31": {
        "Diluted EPS": -0.01,
        "Total Revenue": 5,
        "Gross Profit": 3,
        "Operating Income": 0,
        "EBIT": 0,
        "Net Income": -1
    },
    "2017-02-28": {
        "Diluted EPS": 0.0,
        "Total Revenue": 5,
        "Gross Profit": 3,
        "Operating Income": 0,
        "EBIT": 0,
        "Net Income": -1
    },
    "2016-11-30": {
        "Diluted EPS": 0.0,
        "Total Revenue": NaN,
        "Gross Profit": NaN,
        "Operating Income": NaN,
        "EBIT": NaN,
        "Net Income": NaN
    },
    "2023-08-31": {
        "Tax Effect Of Unusual Items": NaN,
        "Tax Rate For Calcs": NaN,
        "Normalized EBITDA": NaN,
        "Total Unusual Items": NaN,
        "Total Unusual Items Excluding Goodwill": NaN,
        "Net Income From Continuing Operation Net Minority Interest": NaN,
        "Reconciled Depreciation": NaN,
        "Reconciled Cost Of Revenue": NaN,
        "EBITDA": NaN,
        "EBIT": NaN,
        "Net Interest Income": NaN,
        "Interest Expense": NaN,
        "Normalized Income": NaN,
        "Net Income From Continuing And Discontinued Operation": NaN,
        "Total Expenses": NaN,
        "Rent Expense Supplemental": NaN,
        "Total Operating Income As Reported": NaN,
        "Diluted Average Shares": NaN,
        "Basic Average Shares": NaN,
        "Diluted EPS": NaN,
        "Basic EPS": NaN,
        "Diluted NI Availto Com Stockholders": NaN,
        "Net Income Common Stockholders": NaN,
        "Net Income": NaN,
        "Minority Interests": NaN,
        "Net Income Including Noncontrolling Interests": NaN,
        "Net Income Continuous Operations": NaN,
        "Tax Provision": NaN,
        "Pretax Income": NaN,
        "Other Income Expense": NaN,
        "Other Non Operating Income Expenses": NaN,
        "Special Income Charges": NaN,
        "Gain On Sale Of Ppe": NaN,
        "Other Special Charges": NaN,
        "Write Off": NaN,
        "Restructuring And Mergern Acquisition": NaN,
        "Gain On Sale Of Security": NaN,
        "Net Non Operating Interest Income Expense": NaN,
        "Interest Expense Non Operating": NaN,
        "Operating Income": NaN,
        "Operating Expense": NaN,
        "Depreciation Amortization Depletion Income Statement": NaN,
        "Depreciation And Amortization In Income Statement": NaN,
        "Amortization": NaN,
        "Amortization Of Intangibles Income Statement": NaN,
        "Research And Development": NaN,
        "Selling General And Administration": NaN,
        "Selling And Marketing Expense": NaN,
        "General And Administrative Expense": NaN,
        "Other Gand A": NaN,
        "Insurance And Claims": NaN,
        "Rent And Landing Fees": NaN,
        "Salaries And Wages": NaN,
        "Gross Profit": NaN,
        "Cost Of Revenue": NaN,
        "Total Revenue": NaN,
        "Excise Taxes": 27728000.0,
        "Operating Revenue": NaN
    },
    "2023-11-30": {
        "Tax Effect Of Unusual Items": -94519.702197,
        "Tax Rate For Calcs": 0.068196,
        "Normalized EBITDA": -8000000.0,
        "Total Unusual Items": -1386000.0,
        "Total Unusual Items Excluding Goodwill": -1386000.0,
        "Net Income From Continuing Operation Net Minority Interest": -49008000.0,
        "Reconciled Depreciation": 31552000.0,
        "Reconciled Cost Of Revenue": 136727000.0,
        "EBITDA": -9386000.0,
        "EBIT": -40938000.0,
        "Net Interest Income": -8625000.0,
        "Interest Expense": 8625000.0,
        "Normalized Income": -47716519.702197,
        "Net Income From Continuing And Discontinued Operation": -49008000.0,
        "Total Expenses": 228462000.0,
        "Rent Expense Supplemental": 1575000.0,
        "Total Operating Income As Reported": -41759000.0,
        "Diluted Average Shares": 730769132.0,
        "Basic Average Shares": 730769132.0,
        "Diluted EPS": -0.07,
        "Basic EPS": -0.07,
        "Diluted NI Availto Com Stockholders": -49008000.0,
        "Net Income Common Stockholders": -49008000.0,
        "Net Income": -49008000.0,
        "Minority Interests": -2825000.0,
        "Net Income Including Noncontrolling Interests": -46183000.0,
        "Net Income Continuous Operations": -46183000.0,
        "Tax Provision": -3380000.0,
        "Pretax Income": -49563000.0,
        "Other Income Expense": -6247000.0,
        "Other Non Operating Income Expenses": -4861000.0,
        "Special Income Charges": -7068000.0,
        "Gain On Sale Of Ppe": 23000.0,
        "Other Special Charges": 3042000.0,
        "Write Off": NaN,
        "Restructuring And Mergern Acquisition": 4049000.0,
        "Gain On Sale Of Security": 5682000.0,
        "Net Non Operating Interest Income Expense": -8625000.0,
        "Interest Expense Non Operating": 8625000.0,
        "Operating Income": -34691000.0,
        "Operating Expense": 82100000.0,
        "Depreciation Amortization Depletion Income Statement": 21917000.0,
        "Depreciation And Amortization In Income Statement": 21917000.0,
        "Amortization": 21917000.0,
        "Amortization Of Intangibles Income Statement": 21917000.0,
        "Research And Development": 56000.0,
        "Selling General And Administration": 60127000.0,
        "Selling And Marketing Expense": 16791000.0,
        "General And Administrative Expense": 43336000.0,
        "Other Gand A": 11942000.0,
        "Insurance And Claims": 2499000.0,
        "Rent And Landing Fees": 1575000.0,
        "Salaries And Wages": 27320000.0,
        "Gross Profit": 47409000.0,
        "Cost Of Revenue": 146362000.0,
        "Total Revenue": 193771000.0,
        "Excise Taxes": 30588000.0,
        "Operating Revenue": 224359000.0
    },
    "2024-02-29": {
        "Tax Effect Of Unusual Items": -1368499.17481,
        "Tax Rate For Calcs": 0.026619,
        "Normalized EBITDA": -15085000.0,
        "Total Unusual Items": -51410000.0,
        "Total Unusual Items Excluding Goodwill": -51410000.0,
        "Net Income From Continuing Operation Net Minority Interest": -92701000.0,
        "Reconciled Depreciation": 32842000.0,
        "Reconciled Cost Of Revenue": 127660000.0,
        "EBITDA": -66495000.0,
        "EBIT": -99337000.0,
        "Net Interest Income": -8517000.0,
        "Interest Expense": 8517000.0,
        "Normalized Income": -42659499.17481,
        "Net Income From Continuing And Discontinued Operation": -92701000.0,
        "Total Expenses": 221711000.0,
        "Rent Expense Supplemental": 1024000.0,
        "Total Operating Income As Reported": -82098000.0,
        "Diluted Average Shares": 754439331.0,
        "Basic Average Shares": 754439331.0,
        "Diluted EPS": -0.12,
        "Basic EPS": -0.12,
        "Diluted NI Availto Com Stockholders": -92701000.0,
        "Net Income Common Stockholders": -92701000.0,
        "Net Income": -92701000.0,
        "Minority Interests": 12282000.0,
        "Net Income Including Noncontrolling Interests": -104983000.0,
        "Net Income Continuous Operations": -104983000.0,
        "Tax Provision": -2871000.0,
        "Pretax Income": -107854000.0,
        "Other Income Expense": -65966000.0,
        "Other Non Operating Income Expenses": -14556000.0,
        "Special Income Charges": -6046000.0,
        "Gain On Sale Of Ppe": -23000.0,
        "Other Special Charges": 3363000.0,
        "Write Off": 0.0,
        "Restructuring And Mergern Acquisition": 2660000.0,
        "Gain On Sale Of Security": -45364000.0,
        "Net Non Operating Interest Income Expense": -8517000.0,
        "Interest Expense Non Operating": 8517000.0,
        "Operating Income": -33371000.0,
        "Operating Expense": 82767000.0,
        "Depreciation Amortization Depletion Income Statement": 21558000.0,
        "Depreciation And Amortization In Income Statement": 21558000.0,
        "Amortization": 21558000.0,
        "Amortization Of Intangibles Income Statement": 21558000.0,
        "Research And Development": 106000.0,
        "Selling General And Administration": 61103000.0,
        "Selling And Marketing Expense": 21186000.0,
        "General And Administrative Expense": 39917000.0,
        "Other Gand A": 6092000.0,
        "Insurance And Claims": 3569000.0,
        "Rent And Landing Fees": 1024000.0,
        "Salaries And Wages": 29232000.0,
        "Gross Profit": 49396000.0,
        "Cost Of Revenue": 138944000.0,
        "Total Revenue": 188340000.0,
        "Excise Taxes": NaN,
        "Operating Revenue": 188340000.0
    },
    "2024-05-31": {
        "Tax Effect Of Unusual Items": 4520700.0,
        "Tax Rate For Calcs": 0.15,
        "Normalized EBITDA": -19125000.0,
        "Total Unusual Items": 30138000.0,
        "Total Unusual Items Excluding Goodwill": 30138000.0,
        "Net Income From Continuing Operation Net Minority Interest": -31747000.0,
        "Reconciled Depreciation": 31730000.0,
        "Reconciled Cost Of Revenue": 134854000.0,
        "EBITDA": 11013000.0,
        "EBIT": -20717000.0,
        "Net Interest Income": -9456000.0,
        "Interest Expense": 22287000.0,
        "Normalized Income": -57364300.0,
        "Net Income From Continuing And Discontinued Operation": -31747000.0,
        "Total Expenses": 240563000.0,
        "Rent Expense Supplemental": 1128000.0,
        "Total Operating Income As Reported": -16526000.0,
        "Diluted Average Shares": 831925373.0,
        "Basic Average Shares": 831925373.0,
        "Diluted EPS": -0.04,
        "Basic EPS": -0.04,
        "Diluted NI Availto Com Stockholders": -31747000.0,
        "Net Income Common Stockholders": -31747000.0,
        "Net Income": -31747000.0,
        "Minority Interests": -16372000.0,
        "Net Income Including Noncontrolling Interests": -15375000.0,
        "Net Income Continuous Operations": -15375000.0,
        "Tax Provision": -27629000.0,
        "Pretax Income": -43004000.0,
        "Other Income Expense": -22867000.0,
        "Other Non Operating Income Expenses": -53005000.0,
        "Special Income Charges": -5845000.0,
        "Gain On Sale Of Ppe": 4201000.0,
        "Other Special Charges": -188000.0,
        "Write Off": NaN,
        "Restructuring And Mergern Acquisition": 10234000.0,
        "Gain On Sale Of Security": 35983000.0,
        "Net Non Operating Interest Income Expense": -9456000.0,
        "Interest Expense Non Operating": 22287000.0,
        "Operating Income": -10681000.0,
        "Operating Expense": 93031000.0,
        "Depreciation Amortization Depletion Income Statement": 19052000.0,
        "Depreciation And Amortization In Income Statement": 19052000.0,
        "Amortization": 19052000.0,
        "Amortization Of Intangibles Income Statement": 19052000.0,
        "Research And Development": 394000.0,
        "Selling General And Administration": 73585000.0,
        "Selling And Marketing Expense": 25795000.0,
        "General And Administrative Expense": 47790000.0,
        "Other Gand A": 10135000.0,
        "Insurance And Claims": 2669000.0,
        "Rent And Landing Fees": 1128000.0,
        "Salaries And Wages": 33858000.0,
        "Gross Profit": 82350000.0,
        "Cost Of Revenue": 147532000.0,
        "Total Revenue": 229882000.0,
        "Excise Taxes": NaN,
        "Operating Revenue": 229882000.0
    },
    "2024-08-31": {
        "Tax Effect Of Unusual Items": 834900.0,
        "Tax Rate For Calcs": 0.15,
        "Normalized EBITDA": 2324000.0,
        "Total Unusual Items": 5566000.0,
        "Total Unusual Items Excluding Goodwill": 5566000.0,
        "Net Income From Continuing Operation Net Minority Interest": -39165000.0,
        "Reconciled Depreciation": 31814000.0,
        "Reconciled Cost Of Revenue": 130328000.0,
        "EBITDA": 7890000.0,
        "EBIT": -23924000.0,
        "Net Interest Income": -9842000.0,
        "Interest Expense": 9842000.0,
        "Normalized Income": -43896100.0,
        "Net Income From Continuing And Discontinued Operation": -39165000.0,
        "Total Expenses": 229642000.0,
        "Rent Expense Supplemental": 1269000.0,
        "Total Operating Income As Reported": -36570000.0,
        "Diluted Average Shares": 875444828.0,
        "Basic Average Shares": 875444828.0,
        "Diluted EPS": -0.04,
        "Basic EPS": -0.04,
        "Diluted NI Availto Com Stockholders": -39165000.0,
        "Net Income Common Stockholders": -39165000.0,
        "Net Income": -39165000.0,
        "Minority Interests": -4513000.0,
        "Net Income Including Noncontrolling Interests": -34652000.0,
        "Net Income Continuous Operations": -34652000.0,
        "Tax Provision": 886000.0,
        "Pretax Income": -33766000.0,
        "Other Income Expense": 5674000.0,
        "Other Non Operating Income Expenses": 108000.0,
        "Special Income Charges": -6972000.0,
        "Gain On Sale Of Ppe": 26000.0,
        "Other Special Charges": 1595000.0,
        "Write Off": NaN,
        "Restructuring And Mergern Acquisition": 5403000.0,
        "Gain On Sale Of Security": 12538000.0,
        "Net Non Operating Interest Income Expense": -9842000.0,
        "Interest Expense Non Operating": 9842000.0,
        "Operating Income": -29598000.0,
        "Operating Expense": 89304000.0,
        "Depreciation Amortization Depletion Income Statement": 21804000.0,
        "Depreciation And Amortization In Income Statement": 21804000.0,
        "Amortization": 21804000.0,
        "Amortization Of Intangibles Income Statement": 21804000.0,
        "Research And Development": 105000.0,
        "Selling General And Administration": 67395000.0,
        "Selling And Marketing Expense": 23256000.0,
        "General And Administrative Expense": 44139000.0,
        "Other Gand A": 11931000.0,
        "Insurance And Claims": 2455000.0,
        "Rent And Landing Fees": 1269000.0,
        "Salaries And Wages": 28484000.0,
        "Gross Profit": 59706000.0,
        "Cost Of Revenue": 140338000.0,
        "Total Revenue": 200044000.0,
        "Excise Taxes": 23136000.0,
        "Operating Revenue": 223180000.0
    },
    "2024-11-30": {
        "Tax Effect Of Unusual Items": -6154350.0,
        "Tax Rate For Calcs": 0.15,
        "Normalized EBITDA": -394000.0,
        "Total Unusual Items": -41029000.0,
        "Total Unusual Items Excluding Goodwill": -41029000.0,
        "Net Income From Continuing Operation Net Minority Interest": -85342000.0,
        "Reconciled Depreciation": 34050000.0,
        "Reconciled Cost Of Revenue": 138607000.0,
        "EBITDA": -41423000.0,
        "EBIT": -75473000.0,
        "Net Interest Income": -7766000.0,
        "Interest Expense": 7766000.0,
        "Normalized Income": -50467350.0,
        "Net Income From Continuing And Discontinued Operation": -85342000.0,
        "Total Expenses": 245101000.0,
        "Rent Expense Supplemental": 1046000.0,
        "Total Operating Income As Reported": -42218000.0,
        "Diluted Average Shares": 864974563.0,
        "Basic Average Shares": 864974563.0,
        "Diluted EPS": -0.1,
        "Basic EPS": -0.1,
        "Diluted NI Availto Com Stockholders": -85342000.0,
        "Net Income Common Stockholders": -85342000.0,
        "Net Income": -85342000.0,
        "Minority Interests": -67000.0,
        "Net Income Including Noncontrolling Interests": -85275000.0,
        "Net Income Continuous Operations": -85275000.0,
        "Tax Provision": 2036000.0,
        "Pretax Income": -83239000.0,
        "Other Income Expense": -41322000.0,
        "Other Non Operating Income Expenses": -293000.0,
        "Special Income Charges": -8067000.0,
        "Gain On Sale Of Ppe": 505000.0,
        "Other Special Charges": 901000.0,
        "Write Off": NaN,
        "Restructuring And Mergern Acquisition": 7671000.0,
        "Gain On Sale Of Security": -32962000.0,
        "Net Non Operating Interest Income Expense": -7766000.0,
        "Interest Expense Non Operating": 7766000.0,
        "Operating Income": -34151000.0,
        "Operating Expense": 95371000.0,
        "Depreciation Amortization Depletion Income Statement": 22927000.0,
        "Depreciation And Amortization In Income Statement": 22927000.0,
        "Amortization": 22927000.0,
        "Amortization Of Intangibles Income Statement": 22927000.0,
        "Research And Development": 60000.0,
        "Selling General And Administration": 72384000.0,
        "Selling And Marketing Expense": 25882000.0,
        "General And Administrative Expense": 46502000.0,
        "Other Gand A": 12338000.0,
        "Insurance And Claims": 3155000.0,
        "Rent And Landing Fees": 1046000.0,
        "Salaries And Wages": 29963000.0,
        "Gross Profit": 61220000.0,
        "Cost Of Revenue": 149730000.0,
        "Total Revenue": 210950000.0,
        "Excise Taxes": 25336000.0,
        "Operating Revenue": 236286000.0
    }
}