{
    "2023-04-30": {
        "Tax Effect Of Unusual Items": 0.0,
        "Tax Rate For Calcs": 0.261,
        "Normalized EBITDA": -14047000.0,
        "Net Income From Continuing Operation Net Minority Interest": -11968000.0,
        "Reconciled Depreciation": 3214000.0,
        "Reconciled Cost Of Revenue": 97699000.0,
        "EBITDA": -14047000.0,
        "EBIT": -17261000.0,
        "Normalized Income": -11968000.0,
        "Net Income From Continuing And Discontinued Operation": -11968000.0,
        "Total Expenses": 140898000.0,
        "Rent Expense Supplemental": 1064000.0,
        "Total Operating Income As Reported": -17261000.0,
        "Diluted Average Shares": 29798000.0,
        "Basic Average Shares": 29798000.0,
        "Diluted EPS": -0.4,
        "Basic EPS": -0.4,
        "Diluted NI Availto Com Stockholders": -11968000.0,
        "Net Income Common Stockholders": -11968000.0,
        "Net Income": -11968000.0,
        "Net Income Including Noncontrolling Interests": -11968000.0,
        "Net Income Continuous Operations": -11968000.0,
        "Tax Provision": -4229000.0,
        "Pretax Income": -16197000.0,
        "Other Income Expense": 1064000.0,
        "Other Non Operating Income Expenses": 1064000.0,
        "Operating Income": -17261000.0,
        "Operating Expense": 43199000.0,
        "Selling General And Administration": 43199000.0,
        "General And Administrative Expense": 43199000.0,
        "Other Gand A": 43066000.0,
        "Rent And Landing Fees": 133000.0,
        "Gross Profit": 25938000.0,
        "Cost Of Revenue": 97699000.0,
        "Total Revenue": 123637000.0,
        "Operating Revenue": 123637000.0
    },
    "2023-01-31": {
        "Tax Effect Of Unusual Items": 0.0,
        "Tax Rate For Calcs": 0.21,
        "Normalized EBITDA": 2231000.0,
        "Net Income From Continuing Operation Net Minority Interest": -104000.0,
        "Reconciled Depreciation": 3619000.0,
        "Reconciled Cost Of Revenue": 127982000.0,
        "EBITDA": 2231000.0,
        "EBIT": -1388000.0,
        "Normalized Income": -104000.0,
        "Net Income From Continuing And Discontinued Operation": -104000.0,
        "Total Expenses": 181738000.0,
        "Rent Expense Supplemental": 1069000.0,
        "Total Operating Income As Reported": -1388000.0,
        "Diluted Average Shares": 30010000.0,
        "Basic Average Shares": 29785000.0,
        "Diluted EPS": 0.01,
        "Basic EPS": 0.01,
        "Diluted NI Availto Com Stockholders": -104000.0,
        "Net Income Common Stockholders": -104000.0,
        "Net Income": -104000.0,
        "Net Income Including Noncontrolling Interests": -104000.0,
        "Net Income Continuous Operations": -104000.0,
        "Tax Provision": -166000.0,
        "Pretax Income": -270000.0,
        "Other Income Expense": 1118000.0,
        "Other Non Operating Income Expenses": 1118000.0,
        "Operating Income": -1388000.0,
        "Operating Expense": 53756000.0,
        "Selling General And Administration": 53756000.0,
        "General And Administrative Expense": 53756000.0,
        "Other Gand A": 53623000.0,
        "Rent And Landing Fees": 133000.0,
        "Gross Profit": 52368000.0,
        "Cost Of Revenue": 127982000.0,
        "Total Revenue": 180350000.0,
        "Operating Revenue": 180350000.0
    },
    "2022-10-31": {
        "Tax Effect Of Unusual Items": 0.0,
        "Tax Rate For Calcs": 0.263,
        "Normalized EBITDA": 9827000.0,
        "Net Income From Continuing Operation Net Minority Interest": 5149000.0,
        "Reconciled Depreciation": 3512000.0,
        "Reconciled Cost Of Revenue": 123264000.0,
        "EBITDA": 9827000.0,
        "EBIT": 6315000.0,
        "Normalized Income": 5149000.0,
        "Net Income From Continuing And Discontinued Operation": 5149000.0,
        "Total Expenses": 171532000.0,
        "Rent Expense Supplemental": 1052000.0,
        "Total Operating Income As Reported": 6315000.0,
        "Diluted Average Shares": 30050000.0,
        "Basic Average Shares": 29894000.0,
        "Diluted EPS": 0.17,
        "Basic EPS": 0.17,
        "Diluted NI Availto Com Stockholders": 5149000.0,
        "Net Income Common Stockholders": 5149000.0,
        "Net Income": 5149000.0,
        "Net Income Including Noncontrolling Interests": 5149000.0,
        "Net Income Continuous Operations": 5149000.0,
        "Tax Provision": 1841000.0,
        "Pretax Income": 6990000.0,
        "Other Income Expense": 675000.0,
        "Other Non Operating Income Expenses": 675000.0,
        "Operating Income": 6315000.0,
        "Operating Expense": 48268000.0,
        "Selling General And Administration": 48268000.0,
        "General And Administrative Expense": 48268000.0,
        "Other Gand A": 48134000.0,
        "Rent And Landing Fees": 134000.0,
        "Gross Profit": 54583000.0,
        "Cost Of Revenue": 123264000.0,
        "Total Revenue": 177847000.0,
        "Operating Revenue": 177847000.0
    },
    "2022-07-31": {
        "Tax Effect Of Unusual Items": 0.0,
        "Tax Rate For Calcs": 0.284,
        "Normalized EBITDA": 8647000.0,
        "Net Income From Continuing Operation Net Minority Interest": 3819000.0,
        "Reconciled Depreciation": 3495000.0,
        "Reconciled Cost Of Revenue": 116326000.0,
        "EBITDA": 8647000.0,
        "EBIT": 5152000.0,
        "Normalized Income": 3819000.0,
        "Net Income From Continuing And Discontinued Operation": 3819000.0,
        "Total Expenses": 163156000.0,
        "Rent Expense Supplemental": 1035000.0,
        "Total Operating Income As Reported": 5152000.0,
        "Diluted Average Shares": 30186000.0,
        "Basic Average Shares": 30021000.0,
        "Diluted EPS": 0.13,
        "Basic EPS": 0.13,
        "Diluted NI Availto Com Stockholders": 3819000.0,
        "Net Income Common Stockholders": 3819000.0,
        "Net Income": 3819000.0,
        "Net Income Including Noncontrolling Interests": 3819000.0,
        "Net Income Continuous Operations": 3819000.0,
        "Tax Provision": 1516000.0,
        "Pretax Income": 5335000.0,
        "Other Income Expense": 183000.0,
        "Other Non Operating Income Expenses": 183000.0,
        "Operating Income": 5152000.0,
        "Operating Expense": 46830000.0,
        "Selling General And Administration": 46830000.0,
        "General And Administrative Expense": 46830000.0,
        "Other Gand A": 46697000.0,
        "Rent And Landing Fees": 133000.0,
        "Gross Profit": 51982000.0,
        "Cost Of Revenue": 116326000.0,
        "Total Revenue": 168308000.0,
        "Operating Revenue": 168308000.0
    },
    "2022-04-30": {
        "Diluted EPS": 0.03,
        "Total Revenue": 146,
        "Gross Profit": 44,
        "Operating Income": 1,
        "EBIT": 5,
        "Net Income": 1
    },
    "2022-01-31": {
        "Diluted EPS": 0.38,
        "Total Revenue": 204,
        "Gross Profit": 70,
        "Operating Income": 17,
        "EBIT": 21,
        "Net Income": 12
    },
    "2021-10-31": {
        "Diluted EPS": 0.66,
        "Total Revenue": 206,
        "Gross Profit": 77,
        "Operating Income": 29,
        "EBIT": 33,
        "Net Income": 21
    },
    "2021-07-31": {
        "Diluted EPS": 0.66,
        "Total Revenue": 202,
        "Gross Profit": 75,
        "Operating Income": 26,
        "EBIT": 31,
        "Net Income": 20
    },
    "2021-04-30": {
        "Diluted EPS": 0.36,
        "Total Revenue": 163,
        "Gross Profit": 55,
        "Operating Income": 15,
        "EBIT": 19,
        "Net Income": 11
    },
    "2021-01-31": {
        "Diluted EPS": 0.3,
        "Total Revenue": 178,
        "Gross Profit": 58,
        "Operating Income": 14,
        "EBIT": 19,
        "Net Income": 9
    },
    "2020-10-31": {
        "Diluted EPS": 0.07,
        "Total Revenue": 140,
        "Gross Profit": 41,
        "Operating Income": 4,
        "EBIT": 8,
        "Net Income": 2
    },
    "2020-07-31": {
        "Diluted EPS": 0.18,
        "Total Revenue": 136,
        "Gross Profit": 42,
        "Operating Income": 8,
        "EBIT": 13,
        "Net Income": 5
    },
    "2020-04-30": {
        "Diluted EPS": -0.59,
        "Total Revenue": 77,
        "Gross Profit": 2,
        "Operating Income": -28,
        "EBIT": -23,
        "Net Income": -17
    },
    "2020-01-31": {
        "Diluted EPS": 0.22,
        "Total Revenue": 172,
        "Gross Profit": 52,
        "Operating Income": 8,
        "EBIT": 14,
        "Net Income": 6
    },
    "2019-10-31": {
        "Diluted EPS": 0.21,
        "Total Revenue": 155,
        "Gross Profit": 47,
        "Operating Income": 8,
        "EBIT": 13,
        "Net Income": 6
    },
    "2019-07-31": {
        "Diluted EPS": 0.31,
        "Total Revenue": 162,
        "Gross Profit": 52,
        "Operating Income": 12,
        "EBIT": 17,
        "Net Income": 9
    },
    "2019-04-30": {
        "Diluted EPS": 0.02,
        "Total Revenue": 130,
        "Gross Profit": 36,
        "Operating Income": 0,
        "EBIT": 5,
        "Net Income": 1
    },
    "2019-01-31": {
        "Diluted EPS": 0.29,
        "Total Revenue": 171,
        "Gross Profit": 52,
        "Operating Income": 11,
        "EBIT": 16,
        "Net Income": 9
    },
    "2018-10-31": {
        "Diluted EPS": 0.18,
        "Total Revenue": 147,
        "Gross Profit": 44,
        "Operating Income": 7,
        "EBIT": 12,
        "Net Income": 5
    },
    "2018-07-31": {
        "Diluted EPS": 0.33,
        "Total Revenue": 157,
        "Gross Profit": 50,
        "Operating Income": 12,
        "EBIT": 18,
        "Net Income": 10
    },
    "2018-04-30": {
        "Diluted EPS": 0.04,
        "Total Revenue": 124,
        "Gross Profit": 35,
        "Operating Income": 1,
        "EBIT": 7,
        "Net Income": 1
    },
    "2018-01-31": {
        "Diluted EPS": 0.24,
        "Total Revenue": 164,
        "Gross Profit": 51,
        "Operating Income": 11,
        "EBIT": 17,
        "Net Income": 7
    },
    "2017-10-31": {
        "Diluted EPS": 0.3,
        "Total Revenue": 153,
        "Gross Profit": 50,
        "Operating Income": 14,
        "EBIT": 20,
        "Net Income": 9
    },
    "2017-07-31": {
        "Diluted EPS": -0.02,
        "Total Revenue": 139,
        "Gross Profit": 41,
        "Operating Income": -1,
        "EBIT": 5,
        "Net Income": -1
    },
    "2017-04-30": {
        "Diluted EPS": -0.01,
        "Total Revenue": 121,
        "Gross Profit": 33,
        "Operating Income": 0,
        "EBIT": 6,
        "Net Income": 0
    },
    "2017-01-31": {
        "Diluted EPS": 0.23,
        "Total Revenue": 160,
        "Gross Profit": 49,
        "Operating Income": 10,
        "EBIT": 16,
        "Net Income": 6
    },
    "2016-10-31": {
        "Diluted EPS": 0.22,
        "Total Revenue": 152,
        "Gross Profit": 48,
        "Operating Income": 11,
        "EBIT": 17,
        "Net Income": 6
    },
    "2016-07-31": {
        "Diluted EPS": 0.05,
        "Total Revenue": 136,
        "Gross Profit": 39,
        "Operating Income": 2,
        "EBIT": 8,
        "Net Income": 1
    },
    "2016-04-30": {
        "Diluted EPS": -0.1,
        "Total Revenue": 120,
        "Gross Profit": 33,
        "Operating Income": -4,
        "EBIT": 2,
        "Net Income": -3
    },
    "2016-01-31": {
        "Diluted EPS": 0.1,
        "Total Revenue": 159,
        "Gross Profit": 50,
        "Operating Income": 9,
        "EBIT": 15,
        "Net Income": 3
    },
    "2015-10-31": {
        "Diluted EPS": 0.1,
        "Total Revenue": 142,
        "Gross Profit": 45,
        "Operating Income": 5,
        "EBIT": 11,
        "Net Income": 3
    },
    "2015-07-31": {
        "Diluted EPS": 0.02,
        "Total Revenue": 130,
        "Gross Profit": 37,
        "Operating Income": 1,
        "EBIT": 7,
        "Net Income": 1
    },
    "2015-04-30": {
        "Diluted EPS": 0.05,
        "Total Revenue": 120,
        "Gross Profit": 36,
        "Operating Income": 2,
        "EBIT": 8,
        "Net Income": 1
    },
    "2015-01-31": {
        "Diluted EPS": 0.25,
        "Total Revenue": 153,
        "Gross Profit": 49,
        "Operating Income": 11,
        "EBIT": 17,
        "Net Income": 7
    },
    "2014-10-31": {
        "Diluted EPS": 0.18,
        "Total Revenue": 131,
        "Gross Profit": 41,
        "Operating Income": 9,
        "EBIT": 14,
        "Net Income": 5
    },
    "2014-07-31": {
        "Diluted EPS": 0.05,
        "Total Revenue": 123,
        "Gross Profit": 35,
        "Operating Income": 2,
        "EBIT": 8,
        "Net Income": 1
    },
    "2014-04-30": {
        "Diluted EPS": 0.02,
        "Total Revenue": 111,
        "Gross Profit": 31,
        "Operating Income": 1,
        "EBIT": 6,
        "Net Income": 1
    },
    "2014-01-31": {
        "Diluted EPS": 0.2,
        "Total Revenue": 140,
        "Gross Profit": 43,
        "Operating Income": 8,
        "EBIT": 13,
        "Net Income": 5
    },
    "2013-10-31": {
        "Diluted EPS": 0.22,
        "Total Revenue": 124,
        "Gross Profit": 38,
        "Operating Income": 10,
        "EBIT": 15,
        "Net Income": 6
    },
    "2013-07-31": {
        "Diluted EPS": 0.15,
        "Total Revenue": 123,
        "Gross Profit": 38,
        "Operating Income": 7,
        "EBIT": 12,
        "Net Income": 4
    },
    "2013-04-30": {
        "Diluted EPS": 0.08,
        "Total Revenue": 109,
        "Gross Profit": 32,
        "Operating Income": 4,
        "EBIT": 9,
        "Net Income": 2
    },
    "2013-01-31": {
        "Diluted EPS": 0.34,
        "Total Revenue": 141,
        "Gross Profit": 44,
        "Operating Income": 15,
        "EBIT": 19,
        "Net Income": 10
    },
    "2012-10-31": {
        "Diluted EPS": 0.33,
        "Total Revenue": 125,
        "Gross Profit": 42,
        "Operating Income": 14,
        "EBIT": 18,
        "Net Income": 9
    },
    "2012-07-31": {
        "Diluted EPS": -0.04,
        "Total Revenue": 105,
        "Gross Profit": 31,
        "Operating Income": -3,
        "EBIT": 1,
        "Net Income": -1
    },
    "2012-04-30": {
        "Diluted EPS": 0.29,
        "Total Revenue": 97,
        "Gross Profit": 30,
        "Operating Income": 6,
        "EBIT": 10,
        "Net Income": 6
    },
    "2012-01-31": {
        "Diluted EPS": 0.67,
        "Total Revenue": 123,
        "Gross Profit": 41,
        "Operating Income": 14,
        "EBIT": 18,
        "Net Income": 14
    },
    "2011-10-31": {
        "Diluted EPS": 0.59,
        "Total Revenue": 107,
        "Gross Profit": 36,
        "Operating Income": 12,
        "EBIT": 16,
        "Net Income": 12
    },
    "2011-07-31": {
        "Diluted EPS": 0.17,
        "Total Revenue": 87,
        "Gross Profit": 26,
        "Operating Income": 4,
        "EBIT": 7,
        "Net Income": 3
    },
    "2011-04-30": {
        "Diluted EPS": 0.24,
        "Total Revenue": 83,
        "Gross Profit": 26,
        "Operating Income": 5,
        "EBIT": 9,
        "Net Income": 5
    },
    "2011-01-31": {
        "Diluted EPS": 0.0,
        "Total Revenue": NaN,
        "Gross Profit": NaN,
        "Operating Income": NaN,
        "EBIT": NaN,
        "Net Income": NaN
    },
    "2010-01-31": {
        "Diluted EPS": 0.0,
        "Total Revenue": NaN,
        "Gross Profit": NaN,
        "Operating Income": NaN,
        "EBIT": NaN,
        "Net Income": NaN
    },
    "2023-07-31": {
        "Tax Effect Of Unusual Items": 0.0,
        "Tax Rate For Calcs": 0.232,
        "Normalized EBITDA": 558000.0,
        "Net Income From Continuing Operation Net Minority Interest": -1125000.0,
        "Reconciled Depreciation": 3243000.0,
        "Reconciled Cost Of Revenue": 115635000.0,
        "EBITDA": 558000.0,
        "EBIT": -2685000.0,
        "Normalized Income": -1125000.0,
        "Net Income From Continuing And Discontinued Operation": -1125000.0,
        "Total Expenses": 162636000.0,
        "Rent Expense Supplemental": 1064000.0,
        "Total Operating Income As Reported": -2685000.0,
        "Diluted Average Shares": 29831000.0,
        "Basic Average Shares": 29831000.0,
        "Diluted EPS": -0.04,
        "Basic EPS": -0.04,
        "Diluted NI Availto Com Stockholders": -1125000.0,
        "Net Income Common Stockholders": -1125000.0,
        "Net Income": -1125000.0,
        "Net Income Including Noncontrolling Interests": -1125000.0,
        "Net Income Continuous Operations": -1125000.0,
        "Tax Provision": -340000.0,
        "Pretax Income": -1465000.0,
        "Other Income Expense": 1220000.0,
        "Other Non Operating Income Expenses": 1220000.0,
        "Operating Income": -2685000.0,
        "Operating Expense": 47001000.0,
        "Selling General And Administration": 47001000.0,
        "General And Administrative Expense": 47001000.0,
        "Other Gand A": 46868000.0,
        "Rent And Landing Fees": 133000.0,
        "Gross Profit": 44316000.0,
        "Cost Of Revenue": 115635000.0,
        "Total Revenue": 159951000.0,
        "Operating Revenue": 159951000.0
    },
    "2023-10-31": {
        "Tax Effect Of Unusual Items": NaN,
        "Tax Rate For Calcs": NaN,
        "Normalized EBITDA": NaN,
        "Net Income From Continuing Operation Net Minority Interest": NaN,
        "Reconciled Depreciation": NaN,
        "Reconciled Cost Of Revenue": NaN,
        "EBITDA": NaN,
        "EBIT": NaN,
        "Normalized Income": NaN,
        "Net Income From Continuing And Discontinued Operation": NaN,
        "Total Expenses": NaN,
        "Rent Expense Supplemental": NaN,
        "Total Operating Income As Reported": NaN,
        "Diluted Average Shares": 29872000.0,
        "Basic Average Shares": 29872000.0,
        "Diluted EPS": -0.03,
        "Basic EPS": -0.03,
        "Diluted NI Availto Com Stockholders": NaN,
        "Net Income Common Stockholders": NaN,
        "Net Income": NaN,
        "Net Income Including Noncontrolling Interests": NaN,
        "Net Income Continuous Operations": NaN,
        "Tax Provision": NaN,
        "Pretax Income": NaN,
        "Other Income Expense": NaN,
        "Other Non Operating Income Expenses": NaN,
        "Operating Income": NaN,
        "Operating Expense": NaN,
        "Selling General And Administration": NaN,
        "General And Administrative Expense": NaN,
        "Other Gand A": NaN,
        "Rent And Landing Fees": NaN,
        "Gross Profit": NaN,
        "Cost Of Revenue": NaN,
        "Total Revenue": NaN,
        "Operating Revenue": NaN
    },
    "2024-01-31": {
        "Tax Effect Of Unusual Items": 0.0,
        "Tax Rate For Calcs": 0.21,
        "Normalized EBITDA": -5233000.0,
        "Net Income From Continuing Operation Net Minority Interest": -20552000.0,
        "Reconciled Depreciation": 3287000.0,
        "Reconciled Cost Of Revenue": 126336000.0,
        "EBITDA": -5233000.0,
        "EBIT": -8520000.0,
        "Normalized Income": -20552000.0,
        "Net Income From Continuing And Discontinued Operation": -20552000.0,
        "Total Expenses": 181540000.0,
        "Rent Expense Supplemental": 1064000.0,
        "Total Operating Income As Reported": -8520000.0,
        "Diluted Average Shares": 29889000.0,
        "Basic Average Shares": 29889000.0,
        "Diluted EPS": -0.69,
        "Basic EPS": -0.69,
        "Diluted NI Availto Com Stockholders": -20552000.0,
        "Net Income Common Stockholders": -20552000.0,
        "Net Income": -20552000.0,
        "Net Income Including Noncontrolling Interests": -20552000.0,
        "Net Income Continuous Operations": -20552000.0,
        "Tax Provision": 13606000.0,
        "Pretax Income": -6946000.0,
        "Other Income Expense": 1574000.0,
        "Other Non Operating Income Expenses": 1574000.0,
        "Operating Income": -8520000.0,
        "Operating Expense": 55204000.0,
        "Selling General And Administration": 55204000.0,
        "General And Administrative Expense": 55204000.0,
        "Other Gand A": 55071000.0,
        "Rent And Landing Fees": 133000.0,
        "Gross Profit": 46684000.0,
        "Cost Of Revenue": 126336000.0,
        "Total Revenue": 173020000.0,
        "Operating Revenue": 173020000.0
    },
    "2024-04-30": {
        "Tax Effect Of Unusual Items": 0.0,
        "Tax Rate For Calcs": 0.001,
        "Normalized EBITDA": -17693000.0,
        "Net Income From Continuing Operation Net Minority Interest": -19621000.0,
        "Reconciled Depreciation": 3095000.0,
        "Reconciled Cost Of Revenue": 91543000.0,
        "EBITDA": -17693000.0,
        "EBIT": -20788000.0,
        "Normalized Income": -19621000.0,
        "Net Income From Continuing And Discontinued Operation": -19621000.0,
        "Total Expenses": 136644000.0,
        "Rent Expense Supplemental": 1064000.0,
        "Total Operating Income As Reported": -20788000.0,
        "Diluted Average Shares": 29962000.0,
        "Basic Average Shares": 29962000.0,
        "Diluted EPS": -0.65,
        "Basic EPS": -0.65,
        "Diluted NI Availto Com Stockholders": -19621000.0,
        "Net Income Common Stockholders": -19621000.0,
        "Net Income": -19621000.0,
        "Net Income Including Noncontrolling Interests": -19621000.0,
        "Net Income Continuous Operations": -19621000.0,
        "Tax Provision": -13000.0,
        "Pretax Income": -19634000.0,
        "Other Income Expense": 1154000.0,
        "Other Non Operating Income Expenses": 1154000.0,
        "Operating Income": -20788000.0,
        "Operating Expense": 45101000.0,
        "Selling General And Administration": 45101000.0,
        "General And Administrative Expense": 45101000.0,
        "Other Gand A": 44968000.0,
        "Rent And Landing Fees": 133000.0,
        "Gross Profit": 24313000.0,
        "Cost Of Revenue": 91543000.0,
        "Total Revenue": 115856000.0,
        "Operating Revenue": 115856000.0
    },
    "2024-07-31": {
        "Tax Effect Of Unusual Items": 0.0,
        "Tax Rate For Calcs": 0.062,
        "Normalized EBITDA": 2351000.0,
        "Net Income From Continuing Operation Net Minority Interest": -69000.0,
        "Reconciled Depreciation": 3210000.0,
        "Reconciled Cost Of Revenue": 112947000.0,
        "EBITDA": 2351000.0,
        "EBIT": -859000.0,
        "Normalized Income": -69000.0,
        "Net Income From Continuing And Discontinued Operation": -69000.0,
        "Total Expenses": 163726000.0,
        "Rent Expense Supplemental": 1065000.0,
        "Total Operating Income As Reported": -859000.0,
        "Diluted Average Shares": 30029000.0,
        "Basic Average Shares": 30029000.0,
        "Diluted EPS": -0.002298,
        "Basic EPS": -0.002298,
        "Diluted NI Availto Com Stockholders": -69000.0,
        "Net Income Common Stockholders": -69000.0,
        "Net Income": -69000.0,
        "Net Income Including Noncontrolling Interests": -69000.0,
        "Net Income Continuous Operations": -69000.0,
        "Tax Provision": -4000.0,
        "Pretax Income": -73000.0,
        "Other Income Expense": 786000.0,
        "Other Non Operating Income Expenses": 786000.0,
        "Operating Income": -859000.0,
        "Operating Expense": 50779000.0,
        "Selling General And Administration": 50779000.0,
        "General And Administrative Expense": 50779000.0,
        "Other Gand A": 50648000.0,
        "Rent And Landing Fees": 131000.0,
        "Gross Profit": 49920000.0,
        "Cost Of Revenue": 112947000.0,
        "Total Revenue": 162867000.0,
        "Operating Revenue": 162867000.0
    },
    "2024-10-31": {
        "Tax Effect Of Unusual Items": 0.0,
        "Tax Rate For Calcs": 0.0,
        "Normalized EBITDA": -10773000.0,
        "Net Income From Continuing Operation Net Minority Interest": -12875000.0,
        "Reconciled Depreciation": 3281000.0,
        "Reconciled Cost Of Revenue": 106245000.0,
        "EBITDA": -10773000.0,
        "EBIT": -14054000.0,
        "Normalized Income": -12875000.0,
        "Net Income From Continuing And Discontinued Operation": -12875000.0,
        "Total Expenses": 157496000.0,
        "Rent Expense Supplemental": 1064000.0,
        "Total Operating Income As Reported": -14054000.0,
        "Diluted Average Shares": 30060000.0,
        "Basic Average Shares": 30060000.0,
        "Diluted EPS": -0.43,
        "Basic EPS": -0.43,
        "Diluted NI Availto Com Stockholders": -12875000.0,
        "Net Income Common Stockholders": -12875000.0,
        "Net Income": -12875000.0,
        "Net Income Including Noncontrolling Interests": -12875000.0,
        "Net Income Continuous Operations": -12875000.0,
        "Tax Provision": -5000.0,
        "Pretax Income": -12880000.0,
        "Other Income Expense": 1174000.0,
        "Other Non Operating Income Expenses": 1174000.0,
        "Operating Income": -14054000.0,
        "Operating Expense": 51251000.0,
        "Selling General And Administration": 51251000.0,
        "General And Administrative Expense": 51251000.0,
        "Other Gand A": 51118000.0,
        "Rent And Landing Fees": 133000.0,
        "Gross Profit": 37197000.0,
        "Cost Of Revenue": 106245000.0,
        "Total Revenue": 143442000.0,
        "Operating Revenue": 143442000.0
    },
    "2025-01-31": {
        "Tax Effect Of Unusual Items": 0.0,
        "Tax Rate For Calcs": 0.4,
        "Normalized EBITDA": -10963000.0,
        "Net Income From Continuing Operation Net Minority Interest": -13664000.0,
        "Reconciled Depreciation": 3185000.0,
        "Reconciled Cost Of Revenue": 109021000.0,
        "EBITDA": -10963000.0,
        "EBIT": -14148000.0,
        "Normalized Income": -13664000.0,
        "Net Income From Continuing And Discontinued Operation": -13664000.0,
        "Total Expenses": 161436000.0,
        "Rent Expense Supplemental": 1066000.0,
        "Total Operating Income As Reported": -14148000.0,
        "Diluted Average Shares": NaN,
        "Basic Average Shares": NaN,
        "Diluted EPS": NaN,
        "Basic EPS": NaN,
        "Diluted NI Availto Com Stockholders": -13664000.0,
        "Net Income Common Stockholders": -13664000.0,
        "Net Income": -13664000.0,
        "Net Income Including Noncontrolling Interests": -13664000.0,
        "Net Income Continuous Operations": -13664000.0,
        "Tax Provision": 239000.0,
        "Pretax Income": -13425000.0,
        "Other Income Expense": 723000.0,
        "Other Non Operating Income Expenses": 723000.0,
        "Operating Income": -14148000.0,
        "Operating Expense": 52415000.0,
        "Selling General And Administration": 52415000.0,
        "General And Administrative Expense": 52415000.0,
        "Other Gand A": 52280000.0,
        "Rent And Landing Fees": 135000.0,
        "Gross Profit": 38267000.0,
        "Cost Of Revenue": 109021000.0,
        "Total Revenue": 147288000.0,
        "Operating Revenue": 147288000.0
    }
}