{
    "2023-03-31": {
        "Tax Effect Of Unusual Items": 0.0,
        "Tax Rate For Calcs": 0.0,
        "Normalized EBITDA": -11245000.0,
        "Total Unusual Items": NaN,
        "Total Unusual Items Excluding Goodwill": NaN,
        "Net Income From Continuing Operation Net Minority Interest": -13454000.0,
        "Reconciled Depreciation": 924000.0,
        "Reconciled Cost Of Revenue": 8039000.0,
        "EBITDA": -11245000.0,
        "EBIT": -12169000.0,
        "Net Interest Income": 194000.0,
        "Interest Expense": 1285000.0,
        "Interest Income": 1479000.0,
        "Normalized Income": -13454000.0,
        "Net Income From Continuing And Discontinued Operation": -13454000.0,
        "Total Expenses": 55971000.0,
        "Total Operating Income As Reported": -13776000.0,
        "Diluted Average Shares": 58723760.0,
        "Basic Average Shares": 58723760.0,
        "Diluted EPS": -0.23,
        "Basic EPS": -0.23,
        "Diluted NI Availto Com Stockholders": -13454000.0,
        "Net Income Common Stockholders": -13454000.0,
        "Net Income": -13454000.0,
        "Net Income Including Noncontrolling Interests": -13454000.0,
        "Net Income Continuous Operations": -13454000.0,
        "Pretax Income": -13454000.0,
        "Other Income Expense": 128000.0,
        "Other Non Operating Income Expenses": 128000.0,
        "Special Income Charges": NaN,
        "Other Special Charges": NaN,
        "Net Non Operating Interest Income Expense": 194000.0,
        "Interest Expense Non Operating": 1285000.0,
        "Interest Income Non Operating": 1479000.0,
        "Operating Income": -13776000.0,
        "Operating Expense": 47932000.0,
        "Research And Development": 3412000.0,
        "Selling General And Administration": 44520000.0,
        "Selling And Marketing Expense": 33655000.0,
        "General And Administrative Expense": 10865000.0,
        "Other Gand A": 10865000.0,
        "Salaries And Wages": NaN,
        "Gross Profit": 34156000.0,
        "Cost Of Revenue": 8039000.0,
        "Total Revenue": 42195000.0,
        "Operating Revenue": 42195000.0
    },
    "2022-12-31": {
        "Tax Effect Of Unusual Items": NaN,
        "Tax Rate For Calcs": NaN,
        "Normalized EBITDA": NaN,
        "Total Unusual Items": 0.0,
        "Total Unusual Items Excluding Goodwill": 0.0,
        "Net Income From Continuing Operation Net Minority Interest": NaN,
        "Reconciled Depreciation": NaN,
        "Reconciled Cost Of Revenue": NaN,
        "EBITDA": NaN,
        "EBIT": NaN,
        "Net Interest Income": NaN,
        "Interest Expense": NaN,
        "Interest Income": NaN,
        "Normalized Income": NaN,
        "Net Income From Continuing And Discontinued Operation": NaN,
        "Total Expenses": NaN,
        "Total Operating Income As Reported": NaN,
        "Diluted Average Shares": NaN,
        "Basic Average Shares": NaN,
        "Diluted EPS": NaN,
        "Basic EPS": NaN,
        "Diluted NI Availto Com Stockholders": NaN,
        "Net Income Common Stockholders": NaN,
        "Net Income": NaN,
        "Net Income Including Noncontrolling Interests": NaN,
        "Net Income Continuous Operations": NaN,
        "Pretax Income": NaN,
        "Other Income Expense": NaN,
        "Other Non Operating Income Expenses": NaN,
        "Special Income Charges": 0.0,
        "Other Special Charges": 0.0,
        "Net Non Operating Interest Income Expense": NaN,
        "Interest Expense Non Operating": NaN,
        "Interest Income Non Operating": NaN,
        "Operating Income": NaN,
        "Operating Expense": NaN,
        "Research And Development": NaN,
        "Selling General And Administration": NaN,
        "Selling And Marketing Expense": NaN,
        "General And Administrative Expense": NaN,
        "Other Gand A": NaN,
        "Salaries And Wages": NaN,
        "Gross Profit": NaN,
        "Cost Of Revenue": NaN,
        "Total Revenue": NaN,
        "Operating Revenue": NaN
    },
    "2022-09-30": {
        "Tax Effect Of Unusual Items": NaN,
        "Tax Rate For Calcs": NaN,
        "Normalized EBITDA": NaN,
        "Total Unusual Items": 0.0,
        "Total Unusual Items Excluding Goodwill": 0.0,
        "Net Income From Continuing Operation Net Minority Interest": NaN,
        "Reconciled Depreciation": NaN,
        "Reconciled Cost Of Revenue": NaN,
        "EBITDA": NaN,
        "EBIT": NaN,
        "Net Interest Income": NaN,
        "Interest Expense": NaN,
        "Interest Income": NaN,
        "Normalized Income": NaN,
        "Net Income From Continuing And Discontinued Operation": NaN,
        "Total Expenses": NaN,
        "Total Operating Income As Reported": NaN,
        "Diluted Average Shares": NaN,
        "Basic Average Shares": NaN,
        "Diluted EPS": NaN,
        "Basic EPS": NaN,
        "Diluted NI Availto Com Stockholders": NaN,
        "Net Income Common Stockholders": NaN,
        "Net Income": NaN,
        "Net Income Including Noncontrolling Interests": NaN,
        "Net Income Continuous Operations": NaN,
        "Pretax Income": NaN,
        "Other Income Expense": NaN,
        "Other Non Operating Income Expenses": NaN,
        "Special Income Charges": 0.0,
        "Other Special Charges": NaN,
        "Net Non Operating Interest Income Expense": NaN,
        "Interest Expense Non Operating": NaN,
        "Interest Income Non Operating": NaN,
        "Operating Income": NaN,
        "Operating Expense": NaN,
        "Research And Development": NaN,
        "Selling General And Administration": NaN,
        "Selling And Marketing Expense": NaN,
        "General And Administrative Expense": NaN,
        "Other Gand A": NaN,
        "Salaries And Wages": NaN,
        "Gross Profit": NaN,
        "Cost Of Revenue": NaN,
        "Total Revenue": NaN,
        "Operating Revenue": NaN
    },
    "2022-06-30": {
        "Tax Effect Of Unusual Items": 0.0,
        "Tax Rate For Calcs": 0.0,
        "Normalized EBITDA": -11805000.0,
        "Total Unusual Items": -4483000.0,
        "Total Unusual Items Excluding Goodwill": -4483000.0,
        "Net Income From Continuing Operation Net Minority Interest": -17234000.0,
        "Reconciled Depreciation": 423000.0,
        "Reconciled Cost Of Revenue": 5651000.0,
        "EBITDA": -16288000.0,
        "EBIT": -16288000.0,
        "Net Interest Income": -818000.0,
        "Interest Expense": 946000.0,
        "Interest Income": 128000.0,
        "Normalized Income": -12751000.0,
        "Net Income From Continuing And Discontinued Operation": -17234000.0,
        "Total Expenses": 41900000.0,
        "Total Operating Income As Reported": -11933000.0,
        "Diluted Average Shares": 55308273.0,
        "Basic Average Shares": 55308273.0,
        "Diluted EPS": -0.31,
        "Basic EPS": -0.31,
        "Diluted NI Availto Com Stockholders": -17234000.0,
        "Net Income Common Stockholders": -17234000.0,
        "Net Income": -17234000.0,
        "Net Income Including Noncontrolling Interests": -17234000.0,
        "Net Income Continuous Operations": -17234000.0,
        "Pretax Income": -17234000.0,
        "Other Income Expense": -4483000.0,
        "Other Non Operating Income Expenses": NaN,
        "Special Income Charges": -4483000.0,
        "Other Special Charges": 4483000.0,
        "Net Non Operating Interest Income Expense": -818000.0,
        "Interest Expense Non Operating": 946000.0,
        "Interest Income Non Operating": 128000.0,
        "Operating Income": -11933000.0,
        "Operating Expense": 36249000.0,
        "Research And Development": 2984000.0,
        "Selling General And Administration": 33265000.0,
        "Selling And Marketing Expense": 26250000.0,
        "General And Administrative Expense": 7015000.0,
        "Other Gand A": 7015000.0,
        "Salaries And Wages": NaN,
        "Gross Profit": 24316000.0,
        "Cost Of Revenue": 5651000.0,
        "Total Revenue": 29967000.0,
        "Operating Revenue": 29967000.0
    },
    "2022-03-31": {
        "Diluted EPS": -0.16,
        "Total Revenue": 29,
        "Gross Profit": 24,
        "Operating Income": -8,
        "EBIT": -8,
        "Net Income": -9
    },
    "2021-12-31": {
        "Diluted EPS": -0.14,
        "Total Revenue": 33,
        "Gross Profit": 27,
        "Operating Income": -6,
        "EBIT": -5,
        "Net Income": -7
    },
    "2021-09-30": {
        "Diluted EPS": -0.12,
        "Total Revenue": 22,
        "Gross Profit": 17,
        "Operating Income": -5,
        "EBIT": -5,
        "Net Income": -6
    },
    "2021-06-30": {
        "Diluted EPS": -0.1,
        "Total Revenue": 21,
        "Gross Profit": 17,
        "Operating Income": -4,
        "EBIT": -4,
        "Net Income": -5
    },
    "2021-03-31": {
        "Diluted EPS": -0.07,
        "Total Revenue": 19,
        "Gross Profit": 15,
        "Operating Income": -1,
        "EBIT": -1,
        "Net Income": -3
    },
    "2020-12-31": {
        "Diluted EPS": 0.07,
        "Total Revenue": 24,
        "Gross Profit": 19,
        "Operating Income": 4,
        "EBIT": 4,
        "Net Income": 3
    },
    "2020-09-30": {
        "Diluted EPS": -0.08,
        "Total Revenue": 14,
        "Gross Profit": 11,
        "Operating Income": 0,
        "EBIT": 0,
        "Net Income": -3
    },
    "2020-06-30": {
        "Diluted EPS": -0.06,
        "Total Revenue": 8,
        "Gross Profit": 6,
        "Operating Income": -2,
        "EBIT": -1,
        "Net Income": -2
    },
    "2020-03-31": {
        "Diluted EPS": -0.05,
        "Total Revenue": 11,
        "Gross Profit": 9,
        "Operating Income": -1,
        "EBIT": -1,
        "Net Income": -2
    },
    "2019-12-31": {
        "Diluted EPS": 0.0,
        "Total Revenue": NaN,
        "Gross Profit": NaN,
        "Operating Income": NaN,
        "EBIT": NaN,
        "Net Income": NaN
    },
    "2023-06-30": {
        "Tax Effect Of Unusual Items": NaN,
        "Tax Rate For Calcs": NaN,
        "Normalized EBITDA": NaN,
        "Total Unusual Items": 0.0,
        "Total Unusual Items Excluding Goodwill": 0.0,
        "Net Income From Continuing Operation Net Minority Interest": NaN,
        "Reconciled Depreciation": NaN,
        "Reconciled Cost Of Revenue": NaN,
        "EBITDA": NaN,
        "EBIT": NaN,
        "Net Interest Income": NaN,
        "Interest Expense": NaN,
        "Interest Income": NaN,
        "Normalized Income": NaN,
        "Net Income From Continuing And Discontinued Operation": NaN,
        "Total Expenses": NaN,
        "Total Operating Income As Reported": NaN,
        "Diluted Average Shares": NaN,
        "Basic Average Shares": NaN,
        "Diluted EPS": NaN,
        "Basic EPS": NaN,
        "Diluted NI Availto Com Stockholders": NaN,
        "Net Income Common Stockholders": NaN,
        "Net Income": NaN,
        "Net Income Including Noncontrolling Interests": NaN,
        "Net Income Continuous Operations": NaN,
        "Pretax Income": NaN,
        "Other Income Expense": NaN,
        "Other Non Operating Income Expenses": NaN,
        "Special Income Charges": 0.0,
        "Net Non Operating Interest Income Expense": NaN,
        "Interest Expense Non Operating": NaN,
        "Interest Income Non Operating": NaN,
        "Operating Income": NaN,
        "Operating Expense": NaN,
        "Research And Development": NaN,
        "Selling General And Administration": NaN,
        "Selling And Marketing Expense": NaN,
        "General And Administrative Expense": NaN,
        "Other Gand A": NaN,
        "Salaries And Wages": 3168000.0,
        "Gross Profit": NaN,
        "Cost Of Revenue": NaN,
        "Total Revenue": NaN,
        "Operating Revenue": NaN
    },
    "2023-09-30": {
        "Tax Effect Of Unusual Items": NaN,
        "Tax Rate For Calcs": NaN,
        "Normalized EBITDA": NaN,
        "Total Unusual Items": 0.0,
        "Total Unusual Items Excluding Goodwill": 0.0,
        "Net Income From Continuing Operation Net Minority Interest": NaN,
        "Reconciled Depreciation": NaN,
        "Reconciled Cost Of Revenue": NaN,
        "EBITDA": NaN,
        "EBIT": NaN,
        "Net Interest Income": NaN,
        "Interest Expense": NaN,
        "Interest Income": NaN,
        "Normalized Income": NaN,
        "Net Income From Continuing And Discontinued Operation": NaN,
        "Total Expenses": NaN,
        "Total Operating Income As Reported": NaN,
        "Diluted Average Shares": NaN,
        "Basic Average Shares": NaN,
        "Diluted EPS": NaN,
        "Basic EPS": NaN,
        "Diluted NI Availto Com Stockholders": NaN,
        "Net Income Common Stockholders": NaN,
        "Net Income": NaN,
        "Net Income Including Noncontrolling Interests": NaN,
        "Net Income Continuous Operations": NaN,
        "Pretax Income": NaN,
        "Other Income Expense": NaN,
        "Other Non Operating Income Expenses": NaN,
        "Special Income Charges": 0.0,
        "Net Non Operating Interest Income Expense": NaN,
        "Interest Expense Non Operating": NaN,
        "Interest Income Non Operating": NaN,
        "Operating Income": NaN,
        "Operating Expense": NaN,
        "Research And Development": NaN,
        "Selling General And Administration": NaN,
        "Selling And Marketing Expense": NaN,
        "General And Administrative Expense": NaN,
        "Other Gand A": NaN,
        "Gross Profit": NaN,
        "Cost Of Revenue": NaN,
        "Total Revenue": NaN,
        "Operating Revenue": NaN
    },
    "2023-12-31": {
        "Tax Effect Of Unusual Items": NaN,
        "Tax Rate For Calcs": NaN,
        "Normalized EBITDA": NaN,
        "Total Unusual Items": 0.0,
        "Total Unusual Items Excluding Goodwill": 0.0,
        "Net Income From Continuing Operation Net Minority Interest": NaN,
        "Reconciled Depreciation": NaN,
        "Reconciled Cost Of Revenue": NaN,
        "EBITDA": NaN,
        "EBIT": NaN,
        "Net Interest Income": NaN,
        "Interest Expense": NaN,
        "Interest Income": NaN,
        "Normalized Income": NaN,
        "Net Income From Continuing And Discontinued Operation": NaN,
        "Total Expenses": NaN,
        "Total Operating Income As Reported": NaN,
        "Diluted Average Shares": NaN,
        "Basic Average Shares": NaN,
        "Diluted EPS": NaN,
        "Basic EPS": NaN,
        "Diluted NI Availto Com Stockholders": NaN,
        "Net Income Common Stockholders": NaN,
        "Net Income": NaN,
        "Net Income Including Noncontrolling Interests": NaN,
        "Net Income Continuous Operations": NaN,
        "Pretax Income": NaN,
        "Other Income Expense": NaN,
        "Other Non Operating Income Expenses": NaN,
        "Special Income Charges": 0.0,
        "Net Non Operating Interest Income Expense": NaN,
        "Interest Expense Non Operating": NaN,
        "Interest Income Non Operating": NaN,
        "Operating Income": NaN,
        "Operating Expense": NaN,
        "Research And Development": NaN,
        "Selling General And Administration": NaN,
        "Selling And Marketing Expense": NaN,
        "General And Administrative Expense": NaN,
        "Other Gand A": NaN,
        "Gross Profit": NaN,
        "Cost Of Revenue": NaN,
        "Total Revenue": NaN,
        "Operating Revenue": NaN
    },
    "2024-03-31": {
        "Tax Effect Of Unusual Items": 0.0,
        "Tax Rate For Calcs": 0.0,
        "Normalized EBITDA": -15450000.0,
        "Total Unusual Items": NaN,
        "Total Unusual Items Excluding Goodwill": NaN,
        "Net Income From Continuing Operation Net Minority Interest": -18676000.0,
        "Reconciled Depreciation": 1909000.0,
        "Reconciled Cost Of Revenue": 10127000.0,
        "EBITDA": -15450000.0,
        "EBIT": -17359000.0,
        "Net Interest Income": 218000.0,
        "Interest Expense": 1317000.0,
        "Interest Income": 1535000.0,
        "Normalized Income": -18676000.0,
        "Net Income From Continuing And Discontinued Operation": -18676000.0,
        "Total Expenses": 70076000.0,
        "Total Operating Income As Reported": -18968000.0,
        "Diluted Average Shares": 61792788.0,
        "Basic Average Shares": 61792788.0,
        "Diluted EPS": -0.3,
        "Basic EPS": -0.3,
        "Diluted NI Availto Com Stockholders": -18676000.0,
        "Net Income Common Stockholders": -18676000.0,
        "Net Income": -18676000.0,
        "Net Income Including Noncontrolling Interests": -18676000.0,
        "Net Income Continuous Operations": -18676000.0,
        "Pretax Income": -18676000.0,
        "Other Income Expense": 74000.0,
        "Other Non Operating Income Expenses": 74000.0,
        "Special Income Charges": NaN,
        "Net Non Operating Interest Income Expense": 218000.0,
        "Interest Expense Non Operating": 1317000.0,
        "Interest Income Non Operating": 1535000.0,
        "Operating Income": -18968000.0,
        "Operating Expense": 59949000.0,
        "Research And Development": 5259000.0,
        "Selling General And Administration": 54690000.0,
        "Selling And Marketing Expense": 40328000.0,
        "General And Administrative Expense": 14362000.0,
        "Other Gand A": 14362000.0,
        "Gross Profit": 40981000.0,
        "Cost Of Revenue": 10127000.0,
        "Total Revenue": 51108000.0,
        "Operating Revenue": 51108000.0
    },
    "2024-06-30": {
        "Tax Effect Of Unusual Items": 0.0,
        "Tax Rate For Calcs": 0.0,
        "Normalized EBITDA": -17778000.0,
        "Total Unusual Items": NaN,
        "Total Unusual Items Excluding Goodwill": NaN,
        "Net Income From Continuing Operation Net Minority Interest": -21206000.0,
        "Reconciled Depreciation": 2116000.0,
        "Reconciled Cost Of Revenue": 8781000.0,
        "EBITDA": -17778000.0,
        "EBIT": -19894000.0,
        "Net Interest Income": 64000.0,
        "Interest Expense": 1312000.0,
        "Interest Income": 1376000.0,
        "Normalized Income": -21206000.0,
        "Net Income From Continuing And Discontinued Operation": -21206000.0,
        "Total Expenses": 65837000.0,
        "Total Operating Income As Reported": -21382000.0,
        "Diluted Average Shares": 62081494.0,
        "Basic Average Shares": 62081494.0,
        "Diluted EPS": -0.34,
        "Basic EPS": -0.34,
        "Diluted NI Availto Com Stockholders": -21206000.0,
        "Net Income Common Stockholders": -21206000.0,
        "Net Income": -21206000.0,
        "Net Income Including Noncontrolling Interests": -21206000.0,
        "Net Income Continuous Operations": -21206000.0,
        "Pretax Income": -21206000.0,
        "Other Income Expense": 112000.0,
        "Other Non Operating Income Expenses": 112000.0,
        "Special Income Charges": NaN,
        "Net Non Operating Interest Income Expense": 64000.0,
        "Interest Expense Non Operating": 1312000.0,
        "Interest Income Non Operating": 1376000.0,
        "Operating Income": -21382000.0,
        "Operating Expense": 57056000.0,
        "Research And Development": 5157000.0,
        "Selling General And Administration": 51899000.0,
        "Selling And Marketing Expense": 37681000.0,
        "General And Administrative Expense": 14218000.0,
        "Other Gand A": 14218000.0,
        "Gross Profit": 35674000.0,
        "Cost Of Revenue": 8781000.0,
        "Total Revenue": 44455000.0,
        "Operating Revenue": 44455000.0
    },
    "2024-09-30": {
        "Tax Effect Of Unusual Items": 0.0,
        "Tax Rate For Calcs": 0.0,
        "Normalized EBITDA": -11890000.0,
        "Total Unusual Items": NaN,
        "Total Unusual Items Excluding Goodwill": NaN,
        "Net Income From Continuing Operation Net Minority Interest": -15360000.0,
        "Reconciled Depreciation": 2157000.0,
        "Reconciled Cost Of Revenue": 8954000.0,
        "EBITDA": -11890000.0,
        "EBIT": -14047000.0,
        "Net Interest Income": -246000.0,
        "Interest Expense": 1313000.0,
        "Interest Income": 1067000.0,
        "Normalized Income": -15360000.0,
        "Net Income From Continuing And Discontinued Operation": -15360000.0,
        "Total Expenses": 60220000.0,
        "Total Operating Income As Reported": -15134000.0,
        "Diluted Average Shares": 62229463.0,
        "Basic Average Shares": 62229463.0,
        "Diluted EPS": -0.25,
        "Basic EPS": -0.25,
        "Diluted NI Availto Com Stockholders": -15360000.0,
        "Net Income Common Stockholders": -15360000.0,
        "Net Income": -15360000.0,
        "Net Income Including Noncontrolling Interests": -15360000.0,
        "Net Income Continuous Operations": -15360000.0,
        "Pretax Income": -15360000.0,
        "Other Income Expense": 20000.0,
        "Other Non Operating Income Expenses": 20000.0,
        "Special Income Charges": NaN,
        "Net Non Operating Interest Income Expense": -246000.0,
        "Interest Expense Non Operating": 1313000.0,
        "Interest Income Non Operating": 1067000.0,
        "Operating Income": -15134000.0,
        "Operating Expense": 51266000.0,
        "Research And Development": 4963000.0,
        "Selling General And Administration": 46303000.0,
        "Selling And Marketing Expense": 32775000.0,
        "General And Administrative Expense": 13528000.0,
        "Other Gand A": 13528000.0,
        "Gross Profit": 36132000.0,
        "Cost Of Revenue": 8954000.0,
        "Total Revenue": 45086000.0,
        "Operating Revenue": 45086000.0
    },
    "2024-12-31": {
        "Tax Effect Of Unusual Items": 0.0,
        "Tax Rate For Calcs": 0.0,
        "Normalized EBITDA": 3050000.0,
        "Total Unusual Items": NaN,
        "Total Unusual Items Excluding Goodwill": NaN,
        "Net Income From Continuing Operation Net Minority Interest": -501000.0,
        "Reconciled Depreciation": 2237000.0,
        "Reconciled Cost Of Revenue": 13231000.0,
        "EBITDA": 3050000.0,
        "EBIT": 813000.0,
        "Net Interest Income": -415000.0,
        "Interest Expense": 1314000.0,
        "Interest Income": 899000.0,
        "Normalized Income": -501000.0,
        "Net Income From Continuing And Discontinued Operation": -501000.0,
        "Total Expenses": 68912000.0,
        "Total Operating Income As Reported": -204000.0,
        "Diluted Average Shares": 62340603.0,
        "Basic Average Shares": 62340603.0,
        "Diluted EPS": -0.01,
        "Basic EPS": -0.01,
        "Diluted NI Availto Com Stockholders": -501000.0,
        "Net Income Common Stockholders": -501000.0,
        "Net Income": -501000.0,
        "Net Income Including Noncontrolling Interests": -501000.0,
        "Net Income Continuous Operations": -501000.0,
        "Pretax Income": -501000.0,
        "Other Income Expense": 118000.0,
        "Other Non Operating Income Expenses": 118000.0,
        "Special Income Charges": NaN,
        "Net Non Operating Interest Income Expense": -415000.0,
        "Interest Expense Non Operating": 1314000.0,
        "Interest Income Non Operating": 899000.0,
        "Operating Income": -204000.0,
        "Operating Expense": 55681000.0,
        "Research And Development": 5210000.0,
        "Selling General And Administration": 50471000.0,
        "Selling And Marketing Expense": 36859000.0,
        "General And Administrative Expense": 13612000.0,
        "Other Gand A": 13612000.0,
        "Gross Profit": 55477000.0,
        "Cost Of Revenue": 13231000.0,
        "Total Revenue": 68708000.0,
        "Operating Revenue": 68708000.0
    },
    "2025-03-31": {
        "Tax Effect Of Unusual Items": 0.0,
        "Tax Rate For Calcs": 0.0,
        "Normalized EBITDA": -12150000.0,
        "Total Unusual Items": NaN,
        "Total Unusual Items Excluding Goodwill": NaN,
        "Net Income From Continuing Operation Net Minority Interest": -15922000.0,
        "Reconciled Depreciation": 2461000.0,
        "Reconciled Cost Of Revenue": 10677000.0,
        "EBITDA": -12150000.0,
        "EBIT": -14611000.0,
        "Net Interest Income": -470000.0,
        "Interest Expense": 1311000.0,
        "Interest Income": 841000.0,
        "Normalized Income": -15922000.0,
        "Net Income From Continuing And Discontinued Operation": -15922000.0,
        "Total Expenses": 68152000.0,
        "Total Operating Income As Reported": -15582000.0,
        "Diluted Average Shares": 62661447.0,
        "Basic Average Shares": 62661447.0,
        "Diluted EPS": -0.25,
        "Basic EPS": -0.25,
        "Diluted NI Availto Com Stockholders": -15922000.0,
        "Net Income Common Stockholders": -15922000.0,
        "Net Income": -15922000.0,
        "Net Income Including Noncontrolling Interests": -15922000.0,
        "Net Income Continuous Operations": -15922000.0,
        "Pretax Income": -15922000.0,
        "Other Income Expense": 130000.0,
        "Other Non Operating Income Expenses": 130000.0,
        "Special Income Charges": NaN,
        "Net Non Operating Interest Income Expense": -470000.0,
        "Interest Expense Non Operating": 1311000.0,
        "Interest Income Non Operating": 841000.0,
        "Operating Income": -15582000.0,
        "Operating Expense": 57475000.0,
        "Research And Development": 5562000.0,
        "Selling General And Administration": 51913000.0,
        "Selling And Marketing Expense": 36122000.0,
        "General And Administrative Expense": 15791000.0,
        "Other Gand A": 15791000.0,
        "Gross Profit": 41893000.0,
        "Cost Of Revenue": 10677000.0,
        "Total Revenue": 52570000.0,
        "Operating Revenue": 52570000.0
    },
    "2025-06-30": {
        "Tax Effect Of Unusual Items": 0.0,
        "Tax Rate For Calcs": 0.0,
        "Normalized EBITDA": -13501000.0,
        "Total Unusual Items": NaN,
        "Total Unusual Items Excluding Goodwill": NaN,
        "Net Income From Continuing Operation Net Minority Interest": -17398000.0,
        "Reconciled Depreciation": 2576000.0,
        "Reconciled Cost Of Revenue": 9635000.0,
        "EBITDA": -13501000.0,
        "EBIT": -16077000.0,
        "Net Interest Income": -546000.0,
        "Interest Expense": 1321000.0,
        "Interest Income": 775000.0,
        "Normalized Income": -17398000.0,
        "Net Income From Continuing And Discontinued Operation": -17398000.0,
        "Total Expenses": 64361000.0,
        "Total Operating Income As Reported": -16974000.0,
        "Diluted Average Shares": 63006891.0,
        "Basic Average Shares": 63006891.0,
        "Diluted EPS": -0.28,
        "Basic EPS": -0.28,
        "Diluted NI Availto Com Stockholders": -17398000.0,
        "Net Income Common Stockholders": -17398000.0,
        "Net Income": -17398000.0,
        "Net Income Including Noncontrolling Interests": -17398000.0,
        "Net Income Continuous Operations": -17398000.0,
        "Pretax Income": -17398000.0,
        "Other Income Expense": 122000.0,
        "Other Non Operating Income Expenses": 122000.0,
        "Special Income Charges": NaN,
        "Net Non Operating Interest Income Expense": -546000.0,
        "Interest Expense Non Operating": 1321000.0,
        "Interest Income Non Operating": 775000.0,
        "Operating Income": -16974000.0,
        "Operating Expense": 54726000.0,
        "Research And Development": 5498000.0,
        "Selling General And Administration": 49228000.0,
        "Selling And Marketing Expense": 33084000.0,
        "General And Administrative Expense": 16144000.0,
        "Other Gand A": 16144000.0,
        "Gross Profit": 37752000.0,
        "Cost Of Revenue": 9635000.0,
        "Total Revenue": 47387000.0,
        "Operating Revenue": 47387000.0
    }
}