{
    "2023-03-31": {
        "Tax Effect Of Unusual Items": 0.0,
        "Tax Rate For Calcs": 0.199,
        "Normalized EBITDA": 1401000000.0,
        "Net Income From Continuing Operation Net Minority Interest": 1148000000.0,
        "Reconciled Cost Of Revenue": 4689000000.0,
        "EBITDA": 1401000000.0,
        "EBIT": 1401000000.0,
        "Net Interest Income": 203000000.0,
        "Interest Expense": 34000000.0,
        "Interest Income": 237000000.0,
        "Normalized Income": 1148000000.0,
        "Net Income From Continuing And Discontinued Operation": 1148000000.0,
        "Total Expenses": 5918000000.0,
        "Total Operating Income As Reported": 1381000000.0,
        "Diluted Average Shares": 1582648934.0,
        "Basic Average Shares": 1560345369.0,
        "Diluted EPS": 0.72,
        "Basic EPS": 0.74,
        "Diluted NI Availto Com Stockholders": 1148000000.0,
        "Net Income Common Stockholders": 1148000000.0,
        "Net Income": 1148000000.0,
        "Minority Interests": -52000000.0,
        "Net Income Including Noncontrolling Interests": 1200000000.0,
        "Net Income Continuous Operations": 1200000000.0,
        "Tax Provision": 167000000.0,
        "Pretax Income": 1367000000.0,
        "Other Income Expense": 78000000.0,
        "Other Non Operating Income Expenses": 58000000.0,
        "Earnings From Equity Interest": 20000000.0,
        "Net Non Operating Interest Income Expense": 203000000.0,
        "Interest Expense Non Operating": 34000000.0,
        "Interest Income Non Operating": 237000000.0,
        "Operating Income": 1086000000.0,
        "Operating Expense": 1229000000.0,
        "Selling General And Administration": 1229000000.0,
        "Selling And Marketing Expense": 212000000.0,
        "General And Administrative Expense": 1017000000.0,
        "Other Gand A": 1017000000.0,
        "Gross Profit": 2315000000.0,
        "Cost Of Revenue": 4689000000.0,
        "Total Revenue": 7004000000.0,
        "Operating Revenue": 7004000000.0
    },
    "2022-12-31": {
        "Tax Effect Of Unusual Items": 0.0,
        "Tax Rate For Calcs": 0.12236,
        "Normalized EBITDA": 1411000000.0,
        "Net Income From Continuing Operation Net Minority Interest": 1151000000.0,
        "Reconciled Cost Of Revenue": 4978000000.0,
        "EBITDA": 1411000000.0,
        "EBIT": 1411000000.0,
        "Net Interest Income": 186000000.0,
        "Interest Expense": 38000000.0,
        "Interest Income": 224000000.0,
        "Normalized Income": 1151000000.0,
        "Net Income From Continuing And Discontinued Operation": 1151000000.0,
        "Total Expenses": 6023000000.0,
        "Total Operating Income As Reported": 1388000000.0,
        "Diluted Average Shares": 1587707675.0,
        "Basic Average Shares": 1571486752.0,
        "Diluted EPS": 0.72,
        "Basic EPS": 0.74,
        "Diluted NI Availto Com Stockholders": 1151000000.0,
        "Net Income Common Stockholders": 1151000000.0,
        "Net Income": 1151000000.0,
        "Minority Interests": -54000000.0,
        "Net Income Including Noncontrolling Interests": 1205000000.0,
        "Net Income Continuous Operations": 1205000000.0,
        "Tax Provision": 168000000.0,
        "Pretax Income": 1373000000.0,
        "Other Income Expense": -215000000.0,
        "Other Non Operating Income Expenses": -420000000.0,
        "Earnings From Equity Interest": 16000000.0,
        "Net Non Operating Interest Income Expense": 186000000.0,
        "Interest Expense Non Operating": 38000000.0,
        "Interest Income Non Operating": 224000000.0,
        "Operating Income": 1402000000.0,
        "Operating Expense": 1045000000.0,
        "Selling General And Administration": 1361000000.0,
        "Selling And Marketing Expense": 266000000.0,
        "General And Administrative Expense": 1095000000.0,
        "Other Gand A": 1095000000.0,
        "Gross Profit": 2447000000.0,
        "Cost Of Revenue": 4978000000.0,
        "Total Revenue": 7425000000.0,
        "Operating Revenue": 7425000000.0
    },
    "2022-09-30": {
        "Tax Effect Of Unusual Items": 0.0,
        "Tax Rate For Calcs": 0.122088,
        "Normalized EBITDA": 1269000000.0,
        "Net Income From Continuing Operation Net Minority Interest": 1061000000.0,
        "Reconciled Cost Of Revenue": 4962000000.0,
        "EBITDA": 1269000000.0,
        "EBIT": 1269000000.0,
        "Net Interest Income": 162000000.0,
        "Interest Expense": 24000000.0,
        "Interest Income": 186000000.0,
        "Normalized Income": 1061000000.0,
        "Net Income From Continuing And Discontinued Operation": 1061000000.0,
        "Total Expenses": 6399000000.0,
        "Total Operating Income As Reported": 1261000000.0,
        "Diluted Average Shares": 1603399790.0,
        "Basic Average Shares": 1588055118.0,
        "Diluted EPS": 0.66,
        "Basic EPS": 0.66,
        "Diluted NI Availto Com Stockholders": 1061000000.0,
        "Net Income Common Stockholders": 1061000000.0,
        "Net Income": 1061000000.0,
        "Minority Interests": -32000000.0,
        "Net Income Including Noncontrolling Interests": 1093000000.0,
        "Net Income Continuous Operations": 1093000000.0,
        "Tax Provision": 152000000.0,
        "Pretax Income": 1245000000.0,
        "Other Income Expense": 117000000.0,
        "Other Non Operating Income Expenses": 109000000.0,
        "Earnings From Equity Interest": 8000000.0,
        "Net Non Operating Interest Income Expense": 162000000.0,
        "Interest Expense Non Operating": 24000000.0,
        "Interest Income Non Operating": 186000000.0,
        "Operating Income": 966000000.0,
        "Operating Expense": 1437000000.0,
        "Selling General And Administration": 1437000000.0,
        "Selling And Marketing Expense": 245000000.0,
        "General And Administrative Expense": 1192000000.0,
        "Other Gand A": 1192000000.0,
        "Gross Profit": 2403000000.0,
        "Cost Of Revenue": 4962000000.0,
        "Total Revenue": 7365000000.0,
        "Operating Revenue": 7365000000.0
    },
    "2022-06-30": {
        "Tax Effect Of Unusual Items": 19398000.0,
        "Tax Rate For Calcs": 0.122,
        "Normalized EBITDA": 887000000.0,
        "Total Unusual Items": 159000000.0,
        "Total Unusual Items Excluding Goodwill": 159000000.0,
        "Net Income From Continuing Operation Net Minority Interest": 856000000.0,
        "Reconciled Cost Of Revenue": 4842000000.0,
        "EBITDA": 1046000000.0,
        "EBIT": 1046000000.0,
        "Net Interest Income": 121000000.0,
        "Interest Expense": 30000000.0,
        "Interest Income": 151000000.0,
        "Normalized Income": 716398000.0,
        "Net Income From Continuing And Discontinued Operation": 856000000.0,
        "Total Expenses": 6183000000.0,
        "Total Operating Income As Reported": 1045000000.0,
        "Diluted Average Shares": 1624292064.0,
        "Basic Average Shares": 1613151506.0,
        "Diluted EPS": 0.52,
        "Basic EPS": 0.54,
        "Diluted NI Availto Com Stockholders": 856000000.0,
        "Net Income Common Stockholders": 856000000.0,
        "Net Income": 856000000.0,
        "Minority Interests": -36000000.0,
        "Net Income Including Noncontrolling Interests": 892000000.0,
        "Net Income Continuous Operations": 892000000.0,
        "Tax Provision": 124000000.0,
        "Pretax Income": 1016000000.0,
        "Other Income Expense": 173000000.0,
        "Other Non Operating Income Expenses": 20000000.0,
        "Special Income Charges": 139000000.0,
        "Gain On Sale Of Business": 0.0,
        "Restructuring And Mergern Acquisition": -139000000.0,
        "Earnings From Equity Interest": -6000000.0,
        "Gain On Sale Of Security": 20000000.0,
        "Net Non Operating Interest Income Expense": 121000000.0,
        "Interest Expense Non Operating": 30000000.0,
        "Interest Income Non Operating": 151000000.0,
        "Operating Income": 722000000.0,
        "Operating Expense": 1341000000.0,
        "Other Operating Expenses": -76000000.0,
        "Selling General And Administration": 1417000000.0,
        "Selling And Marketing Expense": 303000000.0,
        "General And Administrative Expense": 1114000000.0,
        "Other Gand A": 1114000000.0,
        "Gross Profit": 2063000000.0,
        "Cost Of Revenue": 4842000000.0,
        "Total Revenue": 6905000000.0,
        "Operating Revenue": 6905000000.0
    },
    "2022-03-31": {
        "Diluted EPS": 0.06,
        "Total Revenue": NaN,
        "Gross Profit": 293,
        "Operating Income": 81,
        "EBIT": 81,
        "Net Income": 96
    },
    "2021-12-31": {
        "Diluted EPS": 0.05,
        "Total Revenue": NaN,
        "Gross Profit": 347,
        "Operating Income": 62,
        "EBIT": 62,
        "Net Income": 85
    },
    "2021-09-30": {
        "Diluted EPS": 0.07,
        "Total Revenue": NaN,
        "Gross Profit": 358,
        "Operating Income": 104,
        "EBIT": 104,
        "Net Income": 115
    },
    "2021-06-30": {
        "Diluted EPS": 0.08,
        "Total Revenue": NaN,
        "Gross Profit": 377,
        "Operating Income": 117,
        "EBIT": 117,
        "Net Income": 128
    },
    "2021-03-31": {
        "Diluted EPS": 0.08,
        "Total Revenue": NaN,
        "Gross Profit": 376,
        "Operating Income": 138,
        "EBIT": 138,
        "Net Income": 141
    },
    "2020-12-31": {
        "Diluted EPS": 0.11,
        "Total Revenue": NaN,
        "Gross Profit": 400,
        "Operating Income": 151,
        "EBIT": 151,
        "Net Income": 178
    },
    "2020-09-30": {
        "Diluted EPS": 0.1,
        "Total Revenue": NaN,
        "Gross Profit": 362,
        "Operating Income": 151,
        "EBIT": 151,
        "Net Income": 167
    },
    "2020-06-30": {
        "Diluted EPS": 0.08,
        "Total Revenue": 981,
        "Gross Profit": 307,
        "Operating Income": 123,
        "EBIT": 123,
        "Net Income": 132
    },
    "2020-03-31": {
        "Diluted EPS": 0.07,
        "Total Revenue": 891,
        "Gross Profit": 279,
        "Operating Income": 115,
        "EBIT": 115,
        "Net Income": 125
    },
    "2019-12-31": {
        "Diluted EPS": 0.08,
        "Total Revenue": NaN,
        "Gross Profit": 360,
        "Operating Income": 155,
        "EBIT": 155,
        "Net Income": 150
    },
    "2019-09-30": {
        "Diluted EPS": 0.09,
        "Total Revenue": 910,
        "Gross Profit": 309,
        "Operating Income": 136,
        "EBIT": 136,
        "Net Income": 144
    },
    "2019-06-30": {
        "Diluted EPS": 0.08,
        "Total Revenue": 859,
        "Gross Profit": 283,
        "Operating Income": 130,
        "EBIT": 130,
        "Net Income": 135
    },
    "2019-03-31": {
        "Diluted EPS": 0.09,
        "Total Revenue": 855,
        "Gross Profit": 303,
        "Operating Income": 148,
        "EBIT": 148,
        "Net Income": 147
    },
    "2018-12-31": {
        "Diluted EPS": -0.08,
        "Total Revenue": 785,
        "Gross Profit": 785,
        "Operating Income": 785,
        "EBIT": 785,
        "Net Income": -127
    },
    "2018-09-30": {
        "Diluted EPS": 0.0,
        "Total Revenue": NaN,
        "Gross Profit": NaN,
        "Operating Income": NaN,
        "Net Income": NaN
    },
    "2017-12-31": {
        "Diluted EPS": 0.0,
        "Total Revenue": NaN,
        "Gross Profit": NaN,
        "Operating Income": NaN,
        "EBIT": NaN,
        "Net Income": NaN
    },
    "2023-06-30": {
        "Tax Effect Of Unusual Items": 0.0,
        "Tax Rate For Calcs": 0.122,
        "Normalized EBITDA": 1577000000.0,
        "Net Income From Continuing Operation Net Minority Interest": 1298000000.0,
        "Reconciled Cost Of Revenue": 4789000000.0,
        "EBITDA": 1577000000.0,
        "EBIT": 1577000000.0,
        "Net Interest Income": 223000000.0,
        "Interest Expense": 42000000.0,
        "Interest Income": 265000000.0,
        "Normalized Income": 1298000000.0,
        "Net Income From Continuing And Discontinued Operation": 1298000000.0,
        "Total Expenses": 6044000000.0,
        "Total Operating Income As Reported": 1539000000.0,
        "Diluted Average Shares": 1584413300.0,
        "Basic Average Shares": 1563805466.0,
        "Diluted EPS": 0.82,
        "Basic EPS": 0.84,
        "Diluted NI Availto Com Stockholders": 1298000000.0,
        "Net Income Common Stockholders": 1298000000.0,
        "Net Income": 1298000000.0,
        "Minority Interests": -50000000.0,
        "Net Income Including Noncontrolling Interests": 1348000000.0,
        "Net Income Continuous Operations": 1348000000.0,
        "Tax Provision": 187000000.0,
        "Pretax Income": 1535000000.0,
        "Other Income Expense": 70000000.0,
        "Other Non Operating Income Expenses": 32000000.0,
        "Earnings From Equity Interest": 38000000.0,
        "Net Non Operating Interest Income Expense": 223000000.0,
        "Interest Expense Non Operating": 42000000.0,
        "Interest Income Non Operating": 265000000.0,
        "Operating Income": 1242000000.0,
        "Operating Expense": 1255000000.0,
        "Selling General And Administration": 1255000000.0,
        "Selling And Marketing Expense": 211000000.0,
        "General And Administrative Expense": 1044000000.0,
        "Other Gand A": 1044000000.0,
        "Gross Profit": 2497000000.0,
        "Cost Of Revenue": 4789000000.0,
        "Total Revenue": 7286000000.0,
        "Operating Revenue": 7286000000.0
    },
    "2023-09-30": {
        "Tax Effect Of Unusual Items": NaN,
        "Tax Rate For Calcs": NaN,
        "Normalized EBITDA": NaN,
        "Net Income From Continuing Operation Net Minority Interest": NaN,
        "Reconciled Cost Of Revenue": NaN,
        "EBITDA": NaN,
        "EBIT": NaN,
        "Net Interest Income": NaN,
        "Interest Expense": NaN,
        "Interest Income": NaN,
        "Normalized Income": NaN,
        "Net Income From Continuing And Discontinued Operation": NaN,
        "Total Expenses": NaN,
        "Total Operating Income As Reported": NaN,
        "Diluted Average Shares": 1586685736.0,
        "Basic Average Shares": 1567487749.0,
        "Diluted EPS": 0.74,
        "Basic EPS": 0.74,
        "Diluted NI Availto Com Stockholders": NaN,
        "Net Income Common Stockholders": NaN,
        "Net Income": NaN,
        "Minority Interests": NaN,
        "Net Income Including Noncontrolling Interests": NaN,
        "Net Income Continuous Operations": NaN,
        "Tax Provision": NaN,
        "Pretax Income": NaN,
        "Other Income Expense": NaN,
        "Other Non Operating Income Expenses": NaN,
        "Earnings From Equity Interest": NaN,
        "Net Non Operating Interest Income Expense": NaN,
        "Interest Expense Non Operating": NaN,
        "Interest Income Non Operating": NaN,
        "Operating Income": NaN,
        "Operating Expense": NaN,
        "Selling General And Administration": NaN,
        "Selling And Marketing Expense": NaN,
        "General And Administrative Expense": NaN,
        "Other Gand A": NaN,
        "Gross Profit": NaN,
        "Cost Of Revenue": NaN,
        "Total Revenue": NaN,
        "Operating Revenue": NaN
    },
    "2023-12-31": {
        "Tax Effect Of Unusual Items": 0.0,
        "Tax Rate For Calcs": 0.173122,
        "Normalized EBITDA": 1717000000.0,
        "Net Income From Continuing Operation Net Minority Interest": 1306000000.0,
        "Reconciled Cost Of Revenue": 4252000000.0,
        "EBITDA": 1717000000.0,
        "EBIT": 1717000000.0,
        "Net Interest Income": 264000000.0,
        "Interest Expense": 13000000.0,
        "Interest Income": 277000000.0,
        "Normalized Income": 1306000000.0,
        "Net Income From Continuing And Discontinued Operation": 1306000000.0,
        "Total Expenses": 5323000000.0,
        "Total Operating Income As Reported": 1714000000.0,
        "Diluted Average Shares": 1572742527.0,
        "Basic Average Shares": 1551693140.0,
        "Diluted EPS": 0.84,
        "Basic EPS": 0.84,
        "Diluted NI Availto Com Stockholders": 1306000000.0,
        "Net Income Common Stockholders": 1306000000.0,
        "Net Income": 1306000000.0,
        "Minority Interests": -103000000.0,
        "Net Income Including Noncontrolling Interests": 1409000000.0,
        "Net Income Continuous Operations": 1409000000.0,
        "Tax Provision": 295000000.0,
        "Pretax Income": 1704000000.0,
        "Other Income Expense": -130000000.0,
        "Other Non Operating Income Expenses": -141000000.0,
        "Earnings From Equity Interest": 20000000.0,
        "Net Non Operating Interest Income Expense": 264000000.0,
        "Interest Expense Non Operating": 13000000.0,
        "Interest Income Non Operating": 277000000.0,
        "Operating Income": 1570000000.0,
        "Operating Expense": 1071000000.0,
        "Selling General And Administration": 1266000000.0,
        "Selling And Marketing Expense": 255000000.0,
        "General And Administrative Expense": 1011000000.0,
        "Other Gand A": 1011000000.0,
        "Gross Profit": 2641000000.0,
        "Cost Of Revenue": 4252000000.0,
        "Total Revenue": 6893000000.0,
        "Operating Revenue": 6893000000.0
    },
    "2024-03-31": {
        "Tax Effect Of Unusual Items": 0.0,
        "Tax Rate For Calcs": 0.199372,
        "Normalized EBITDA": 1941000000.0,
        "Net Income From Continuing Operation Net Minority Interest": 1422000000.0,
        "Reconciled Cost Of Revenue": 3997000000.0,
        "EBITDA": 1941000000.0,
        "EBIT": 1941000000.0,
        "Net Interest Income": 248000000.0,
        "Interest Expense": 30000000.0,
        "Interest Income": 278000000.0,
        "Normalized Income": 1422000000.0,
        "Net Income From Continuing And Discontinued Operation": 1422000000.0,
        "Total Expenses": 5133000000.0,
        "Total Operating Income As Reported": 1959000000.0,
        "Diluted Average Shares": 1561621328.0,
        "Basic Average Shares": 1540996182.0,
        "Diluted EPS": 0.92,
        "Basic EPS": 0.92,
        "Diluted NI Availto Com Stockholders": 1422000000.0,
        "Net Income Common Stockholders": 1422000000.0,
        "Net Income": 1422000000.0,
        "Minority Interests": -108000000.0,
        "Net Income Including Noncontrolling Interests": 1530000000.0,
        "Net Income Continuous Operations": 1530000000.0,
        "Tax Provision": 381000000.0,
        "Pretax Income": 1911000000.0,
        "Other Income Expense": 28000000.0,
        "Other Non Operating Income Expenses": 46000000.0,
        "Earnings From Equity Interest": -18000000.0,
        "Net Non Operating Interest Income Expense": 248000000.0,
        "Interest Expense Non Operating": 30000000.0,
        "Interest Income Non Operating": 278000000.0,
        "Operating Income": 1635000000.0,
        "Operating Expense": 1136000000.0,
        "Selling General And Administration": 1136000000.0,
        "Selling And Marketing Expense": 187000000.0,
        "General And Administrative Expense": 949000000.0,
        "Other Gand A": 949000000.0,
        "Gross Profit": 2771000000.0,
        "Cost Of Revenue": 3997000000.0,
        "Total Revenue": 6768000000.0,
        "Operating Revenue": 6768000000.0
    },
    "2024-06-30": {
        "Tax Effect Of Unusual Items": 0.0,
        "Tax Rate For Calcs": 0.19407,
        "Normalized EBITDA": 2252000000.0,
        "Net Income From Continuing Operation Net Minority Interest": 1682000000.0,
        "Reconciled Cost Of Revenue": 4150000000.0,
        "EBITDA": 2252000000.0,
        "EBIT": 2252000000.0,
        "Net Interest Income": 278000000.0,
        "Interest Expense": 26000000.0,
        "Interest Income": 304000000.0,
        "Normalized Income": 1682000000.0,
        "Net Income From Continuing And Discontinued Operation": 1682000000.0,
        "Total Expenses": 5298000000.0,
        "Total Operating Income As Reported": 2198000000.0,
        "Diluted Average Shares": 1569416908.0,
        "Basic Average Shares": 1543804399.0,
        "Diluted EPS": 1.08,
        "Basic EPS": 1.08,
        "Diluted NI Availto Com Stockholders": 1682000000.0,
        "Net Income Common Stockholders": 1682000000.0,
        "Net Income": 1682000000.0,
        "Minority Interests": -112000000.0,
        "Net Income Including Noncontrolling Interests": 1794000000.0,
        "Net Income Continuous Operations": 1794000000.0,
        "Tax Provision": 432000000.0,
        "Pretax Income": 2226000000.0,
        "Other Income Expense": 86000000.0,
        "Other Non Operating Income Expenses": 32000000.0,
        "Earnings From Equity Interest": 54000000.0,
        "Net Non Operating Interest Income Expense": 278000000.0,
        "Interest Expense Non Operating": 26000000.0,
        "Interest Income Non Operating": 304000000.0,
        "Operating Income": 1862000000.0,
        "Operating Expense": 1148000000.0,
        "Selling General And Administration": 1148000000.0,
        "Selling And Marketing Expense": 210000000.0,
        "General And Administrative Expense": 938000000.0,
        "Other Gand A": 938000000.0,
        "Gross Profit": 3010000000.0,
        "Cost Of Revenue": 4150000000.0,
        "Total Revenue": 7160000000.0,
        "Operating Revenue": 7160000000.0
    },
    "2024-09-30": {
        "Tax Effect Of Unusual Items": 0.0,
        "Tax Rate For Calcs": 0.177,
        "Normalized EBITDA": 2173000000.0,
        "Net Income From Continuing Operation Net Minority Interest": 1583000000.0,
        "Reconciled Cost Of Revenue": 4024000000.0,
        "EBITDA": 2173000000.0,
        "EBIT": 2173000000.0,
        "Net Interest Income": 202000000.0,
        "Interest Expense": 97000000.0,
        "Interest Income": 299000000.0,
        "Normalized Income": 1583000000.0,
        "Net Income From Continuing And Discontinued Operation": 1583000000.0,
        "Total Expenses": 5242000000.0,
        "Total Operating Income As Reported": 2144000000.0,
        "Diluted Average Shares": 1567356600.0,
        "Basic Average Shares": 1546150295.0,
        "Diluted EPS": 1.0,
        "Basic EPS": 1.02,
        "Diluted NI Availto Com Stockholders": 1583000000.0,
        "Net Income Common Stockholders": 1583000000.0,
        "Net Income": 1583000000.0,
        "Minority Interests": -126000000.0,
        "Net Income Including Noncontrolling Interests": 1709000000.0,
        "Net Income Continuous Operations": 1709000000.0,
        "Tax Provision": 367000000.0,
        "Pretax Income": 2076000000.0,
        "Other Income Expense": 101000000.0,
        "Other Non Operating Income Expenses": 72000000.0,
        "Earnings From Equity Interest": 29000000.0,
        "Net Non Operating Interest Income Expense": 202000000.0,
        "Interest Expense Non Operating": 97000000.0,
        "Interest Income Non Operating": 299000000.0,
        "Operating Income": 1773000000.0,
        "Operating Expense": 1218000000.0,
        "Selling General And Administration": 1218000000.0,
        "Selling And Marketing Expense": 220000000.0,
        "General And Administrative Expense": 998000000.0,
        "Other Gand A": 998000000.0,
        "Gross Profit": 2991000000.0,
        "Cost Of Revenue": 4024000000.0,
        "Total Revenue": 7015000000.0,
        "Operating Revenue": 7015000000.0
    },
    "2024-12-31": {
        "Tax Effect Of Unusual Items": 0.0,
        "Tax Rate For Calcs": 0.169268,
        "Normalized EBITDA": 2470000000.0,
        "Net Income From Continuing Operation Net Minority Interest": 1957000000.0,
        "Reconciled Cost Of Revenue": 4205000000.0,
        "EBITDA": 2470000000.0,
        "EBIT": 2470000000.0,
        "Net Interest Income": 344000000.0,
        "Interest Expense": -29000000.0,
        "Interest Income": 315000000.0,
        "Normalized Income": 1957000000.0,
        "Net Income From Continuing And Discontinued Operation": 1957000000.0,
        "Total Expenses": 5289000000.0,
        "Total Operating Income As Reported": 2409000000.0,
        "Diluted Average Shares": 1556171427.0,
        "Basic Average Shares": 1537594516.0,
        "Diluted EPS": 1.26,
        "Basic EPS": 1.28,
        "Diluted NI Availto Com Stockholders": 1957000000.0,
        "Net Income Common Stockholders": 1957000000.0,
        "Net Income": 1957000000.0,
        "Minority Interests": -119000000.0,
        "Net Income Including Noncontrolling Interests": 2076000000.0,
        "Net Income Continuous Operations": 2076000000.0,
        "Tax Provision": 423000000.0,
        "Pretax Income": 2499000000.0,
        "Other Income Expense": -14000000.0,
        "Other Non Operating Income Expenses": -19000000.0,
        "Earnings From Equity Interest": 31000000.0,
        "Net Non Operating Interest Income Expense": 344000000.0,
        "Interest Expense Non Operating": -29000000.0,
        "Interest Income Non Operating": 315000000.0,
        "Operating Income": 2169000000.0,
        "Operating Expense": 1084000000.0,
        "Selling General And Administration": 1174000000.0,
        "Selling And Marketing Expense": 248000000.0,
        "General And Administrative Expense": 926000000.0,
        "Other Gand A": 926000000.0,
        "Gross Profit": 3253000000.0,
        "Cost Of Revenue": 4205000000.0,
        "Total Revenue": 7458000000.0,
        "Operating Revenue": 7458000000.0
    },
    "2025-03-31": {
        "Tax Effect Of Unusual Items": 0.0,
        "Tax Rate For Calcs": 0.092263,
        "Normalized EBITDA": 4859000000.0,
        "Net Income From Continuing Operation Net Minority Interest": 4291000000.0,
        "Reconciled Cost Of Revenue": 4114000000.0,
        "EBITDA": 4859000000.0,
        "EBIT": 4859000000.0,
        "Net Interest Income": 272000000.0,
        "Interest Expense": 25000000.0,
        "Interest Income": 297000000.0,
        "Normalized Income": 4291000000.0,
        "Net Income From Continuing And Discontinued Operation": 4291000000.0,
        "Total Expenses": 5257000000.0,
        "Total Operating Income As Reported": 4836000000.0,
        "Diluted Average Shares": 1546504271.0,
        "Basic Average Shares": 1527261086.0,
        "Diluted EPS": 2.78,
        "Basic EPS": 2.8,
        "Diluted NI Availto Com Stockholders": 4291000000.0,
        "Net Income Common Stockholders": 4291000000.0,
        "Net Income": 4291000000.0,
        "Minority Interests": -97000000.0,
        "Net Income Including Noncontrolling Interests": 4388000000.0,
        "Net Income Continuous Operations": 4388000000.0,
        "Tax Provision": 446000000.0,
        "Pretax Income": 4834000000.0,
        "Other Income Expense": 2463000000.0,
        "Other Non Operating Income Expenses": 2440000000.0,
        "Earnings From Equity Interest": 23000000.0,
        "Net Non Operating Interest Income Expense": 272000000.0,
        "Interest Expense Non Operating": 25000000.0,
        "Interest Income Non Operating": 297000000.0,
        "Operating Income": 2099000000.0,
        "Operating Expense": 1143000000.0,
        "Selling General And Administration": 1143000000.0,
        "Selling And Marketing Expense": 199000000.0,
        "General And Administrative Expense": 944000000.0,
        "Other Gand A": 944000000.0,
        "Gross Profit": 3242000000.0,
        "Cost Of Revenue": 4114000000.0,
        "Total Revenue": 7356000000.0,
        "Operating Revenue": 7356000000.0
    },
    "2025-06-30": {
        "Tax Effect Of Unusual Items": 0.0,
        "Tax Rate For Calcs": 0.172703,
        "Normalized EBITDA": 2994000000.0,
        "Net Income From Continuing Operation Net Minority Interest": 2409000000.0,
        "Reconciled Cost Of Revenue": 4693000000.0,
        "EBITDA": 2994000000.0,
        "EBIT": 2994000000.0,
        "Net Interest Income": 242000000.0,
        "Interest Expense": 12000000.0,
        "Interest Income": 254000000.0,
        "Normalized Income": 2409000000.0,
        "Net Income From Continuing And Discontinued Operation": 2409000000.0,
        "Total Expenses": 5849000000.0,
        "Total Operating Income As Reported": 2978000000.0,
        "Diluted Average Shares": 1551468774.0,
        "Basic Average Shares": 1529891536.0,
        "Diluted EPS": 1.56,
        "Basic EPS": 1.58,
        "Diluted NI Availto Com Stockholders": 2409000000.0,
        "Net Income Common Stockholders": 2409000000.0,
        "Net Income": 2409000000.0,
        "Minority Interests": -58000000.0,
        "Net Income Including Noncontrolling Interests": 2467000000.0,
        "Net Income Continuous Operations": 2467000000.0,
        "Tax Provision": 515000000.0,
        "Pretax Income": 2982000000.0,
        "Other Income Expense": 147000000.0,
        "Other Non Operating Income Expenses": 131000000.0,
        "Earnings From Equity Interest": 16000000.0,
        "Net Non Operating Interest Income Expense": 242000000.0,
        "Interest Expense Non Operating": 12000000.0,
        "Interest Income Non Operating": 254000000.0,
        "Operating Income": 2593000000.0,
        "Operating Expense": 1156000000.0,
        "Selling General And Administration": 1156000000.0,
        "Selling And Marketing Expense": 216000000.0,
        "General And Administrative Expense": 940000000.0,
        "Other Gand A": 940000000.0,
        "Gross Profit": 3749000000.0,
        "Cost Of Revenue": 4693000000.0,
        "Total Revenue": 8442000000.0,
        "Operating Revenue": 8442000000.0
    }
}