{
    "2023-06-30": {
        "Tax Effect Of Unusual Items": NaN,
        "Tax Rate For Calcs": NaN,
        "Normalized EBITDA": NaN,
        "Total Unusual Items": 0.0,
        "Total Unusual Items Excluding Goodwill": 0.0,
        "Net Income From Continuing Operation Net Minority Interest": NaN,
        "Reconciled Depreciation": NaN,
        "Reconciled Cost Of Revenue": NaN,
        "EBITDA": NaN,
        "EBIT": NaN,
        "Net Interest Income": NaN,
        "Interest Income": NaN,
        "Normalized Income": NaN,
        "Net Income From Continuing And Discontinued Operation": NaN,
        "Total Expenses": NaN,
        "Diluted Average Shares": NaN,
        "Basic Average Shares": NaN,
        "Diluted EPS": NaN,
        "Basic EPS": NaN,
        "Diluted NI Availto Com Stockholders": NaN,
        "Net Income Common Stockholders": NaN,
        "Net Income": NaN,
        "Minority Interests": NaN,
        "Net Income Including Noncontrolling Interests": NaN,
        "Net Income Continuous Operations": NaN,
        "Tax Provision": NaN,
        "Pretax Income": NaN,
        "Other Income Expense": NaN,
        "Other Non Operating Income Expenses": NaN,
        "Special Income Charges": 0.0,
        "Other Special Charges": NaN,
        "Earnings From Equity Interest": NaN,
        "Net Non Operating Interest Income Expense": NaN,
        "Total Other Finance Cost": NaN,
        "Interest Income Non Operating": NaN,
        "Operating Income": NaN,
        "Operating Expense": NaN,
        "Selling General And Administration": NaN,
        "Selling And Marketing Expense": NaN,
        "General And Administrative Expense": NaN,
        "Other Gand A": NaN,
        "Gross Profit": NaN,
        "Cost Of Revenue": NaN,
        "Total Revenue": NaN,
        "Operating Revenue": NaN
    },
    "2023-03-31": {
        "Tax Effect Of Unusual Items": NaN,
        "Tax Rate For Calcs": NaN,
        "Normalized EBITDA": NaN,
        "Total Unusual Items": NaN,
        "Total Unusual Items Excluding Goodwill": NaN,
        "Net Income From Continuing Operation Net Minority Interest": NaN,
        "Reconciled Depreciation": NaN,
        "Reconciled Cost Of Revenue": NaN,
        "EBITDA": NaN,
        "EBIT": NaN,
        "Net Interest Income": NaN,
        "Interest Income": 1111000.0,
        "Normalized Income": NaN,
        "Net Income From Continuing And Discontinued Operation": NaN,
        "Total Expenses": NaN,
        "Diluted Average Shares": NaN,
        "Basic Average Shares": NaN,
        "Diluted EPS": NaN,
        "Basic EPS": NaN,
        "Diluted NI Availto Com Stockholders": NaN,
        "Net Income Common Stockholders": NaN,
        "Net Income": NaN,
        "Minority Interests": NaN,
        "Net Income Including Noncontrolling Interests": NaN,
        "Net Income Continuous Operations": NaN,
        "Tax Provision": NaN,
        "Pretax Income": NaN,
        "Other Income Expense": NaN,
        "Other Non Operating Income Expenses": NaN,
        "Special Income Charges": NaN,
        "Other Special Charges": NaN,
        "Earnings From Equity Interest": NaN,
        "Net Non Operating Interest Income Expense": NaN,
        "Total Other Finance Cost": NaN,
        "Interest Income Non Operating": 1111000.0,
        "Operating Income": NaN,
        "Operating Expense": NaN,
        "Selling General And Administration": NaN,
        "Selling And Marketing Expense": NaN,
        "General And Administrative Expense": NaN,
        "Other Gand A": NaN,
        "Gross Profit": NaN,
        "Cost Of Revenue": NaN,
        "Total Revenue": NaN,
        "Operating Revenue": NaN
    },
    "2022-12-31": {
        "Tax Effect Of Unusual Items": NaN,
        "Tax Rate For Calcs": NaN,
        "Normalized EBITDA": NaN,
        "Total Unusual Items": 334000.0,
        "Total Unusual Items Excluding Goodwill": 334000.0,
        "Net Income From Continuing Operation Net Minority Interest": NaN,
        "Reconciled Depreciation": NaN,
        "Reconciled Cost Of Revenue": NaN,
        "EBITDA": NaN,
        "EBIT": NaN,
        "Net Interest Income": NaN,
        "Interest Income": NaN,
        "Normalized Income": NaN,
        "Net Income From Continuing And Discontinued Operation": NaN,
        "Total Expenses": NaN,
        "Diluted Average Shares": NaN,
        "Basic Average Shares": NaN,
        "Diluted EPS": NaN,
        "Basic EPS": NaN,
        "Diluted NI Availto Com Stockholders": NaN,
        "Net Income Common Stockholders": NaN,
        "Net Income": NaN,
        "Minority Interests": NaN,
        "Net Income Including Noncontrolling Interests": NaN,
        "Net Income Continuous Operations": NaN,
        "Tax Provision": NaN,
        "Pretax Income": NaN,
        "Other Income Expense": NaN,
        "Other Non Operating Income Expenses": NaN,
        "Special Income Charges": 334000.0,
        "Other Special Charges": -334000.0,
        "Earnings From Equity Interest": NaN,
        "Net Non Operating Interest Income Expense": NaN,
        "Total Other Finance Cost": NaN,
        "Interest Income Non Operating": NaN,
        "Operating Income": NaN,
        "Operating Expense": NaN,
        "Selling General And Administration": NaN,
        "Selling And Marketing Expense": NaN,
        "General And Administrative Expense": NaN,
        "Other Gand A": NaN,
        "Gross Profit": NaN,
        "Cost Of Revenue": NaN,
        "Total Revenue": NaN,
        "Operating Revenue": NaN
    },
    "2022-09-30": {
        "Tax Effect Of Unusual Items": NaN,
        "Tax Rate For Calcs": NaN,
        "Normalized EBITDA": NaN,
        "Total Unusual Items": 71000.0,
        "Total Unusual Items Excluding Goodwill": 71000.0,
        "Net Income From Continuing Operation Net Minority Interest": NaN,
        "Reconciled Depreciation": NaN,
        "Reconciled Cost Of Revenue": NaN,
        "EBITDA": NaN,
        "EBIT": NaN,
        "Net Interest Income": NaN,
        "Interest Income": NaN,
        "Normalized Income": NaN,
        "Net Income From Continuing And Discontinued Operation": NaN,
        "Total Expenses": NaN,
        "Diluted Average Shares": NaN,
        "Basic Average Shares": NaN,
        "Diluted EPS": NaN,
        "Basic EPS": NaN,
        "Diluted NI Availto Com Stockholders": NaN,
        "Net Income Common Stockholders": NaN,
        "Net Income": NaN,
        "Minority Interests": NaN,
        "Net Income Including Noncontrolling Interests": NaN,
        "Net Income Continuous Operations": NaN,
        "Tax Provision": NaN,
        "Pretax Income": NaN,
        "Other Income Expense": NaN,
        "Other Non Operating Income Expenses": NaN,
        "Special Income Charges": 71000.0,
        "Other Special Charges": -71000.0,
        "Earnings From Equity Interest": NaN,
        "Net Non Operating Interest Income Expense": NaN,
        "Total Other Finance Cost": NaN,
        "Interest Income Non Operating": NaN,
        "Operating Income": NaN,
        "Operating Expense": NaN,
        "Selling General And Administration": NaN,
        "Selling And Marketing Expense": NaN,
        "General And Administrative Expense": NaN,
        "Other Gand A": NaN,
        "Gross Profit": NaN,
        "Cost Of Revenue": NaN,
        "Total Revenue": NaN,
        "Operating Revenue": NaN
    },
    "2022-06-30": {
        "Tax Effect Of Unusual Items": 3386455.087756,
        "Tax Rate For Calcs": 0.251389,
        "Normalized EBITDA": 362467000.0,
        "Total Unusual Items": 13471000.0,
        "Total Unusual Items Excluding Goodwill": 13471000.0,
        "Net Income From Continuing Operation Net Minority Interest": 290987000.0,
        "Reconciled Depreciation": 8917000.0,
        "Reconciled Cost Of Revenue": 1453543000.0,
        "EBITDA": 375938000.0,
        "EBIT": 375938000.0,
        "Net Interest Income": -5189000.0,
        "Interest Expense": NaN,
        "Normalized Income": 280902455.087756,
        "Net Income From Continuing And Discontinued Operation": 290987000.0,
        "Total Expenses": 1619085000.0,
        "Diluted Average Shares": 118931000.0,
        "Basic Average Shares": 117932000.0,
        "Diluted EPS": 2.45,
        "Basic EPS": 2.47,
        "Diluted NI Availto Com Stockholders": 290987000.0,
        "Net Income Common Stockholders": 290987000.0,
        "Net Income": 290987000.0,
        "Minority Interests": -2167000.0,
        "Net Income Including Noncontrolling Interests": 293154000.0,
        "Net Income Continuous Operations": 293154000.0,
        "Tax Provision": 98443000.0,
        "Pretax Income": 391597000.0,
        "Other Income Expense": 20848000.0,
        "Other Non Operating Income Expenses": 11014000.0,
        "Special Income Charges": 13471000.0,
        "Other Special Charges": -13471000.0,
        "Earnings From Equity Interest": -3637000.0,
        "Net Non Operating Interest Income Expense": -5189000.0,
        "Total Other Finance Cost": 5189000.0,
        "Interest Expense Non Operating": NaN,
        "Operating Income": 375938000.0,
        "Operating Expense": 165542000.0,
        "Selling General And Administration": 165542000.0,
        "Selling And Marketing Expense": 96135000.0,
        "General And Administrative Expense": 69407000.0,
        "Other Gand A": 69407000.0,
        "Gross Profit": 541480000.0,
        "Cost Of Revenue": 1453543000.0,
        "Total Revenue": 1995023000.0,
        "Operating Revenue": 1995023000.0
    },
    "2022-03-31": {
        "Diluted EPS": 1.44,
        "Total Revenue": NaN,
        "Gross Profit": 393,
        "Operating Income": 236,
        "EBIT": 245,
        "Net Income": 177
    },
    "2021-12-31": {
        "Diluted EPS": 2.14,
        "Total Revenue": NaN,
        "Gross Profit": 552,
        "Operating Income": 367,
        "EBIT": 377,
        "Net Income": 273
    },
    "2021-09-30": {
        "Diluted EPS": 1.34,
        "Total Revenue": NaN,
        "Gross Profit": 392,
        "Operating Income": 225,
        "EBIT": 235,
        "Net Income": 168
    },
    "2021-06-30": {
        "Diluted EPS": 0.95,
        "Total Revenue": NaN,
        "Gross Profit": 329,
        "Operating Income": 161,
        "EBIT": 171,
        "Net Income": 124
    },
    "2021-03-31": {
        "Diluted EPS": 0.75,
        "Total Revenue": NaN,
        "Gross Profit": 274,
        "Operating Income": 127,
        "EBIT": 137,
        "Net Income": 98
    },
    "2020-12-31": {
        "Diluted EPS": 0.77,
        "Total Revenue": NaN,
        "Gross Profit": 293,
        "Operating Income": 149,
        "EBIT": 160,
        "Net Income": 94
    },
    "2020-09-30": {
        "Diluted EPS": 0.87,
        "Total Revenue": NaN,
        "Gross Profit": 310,
        "Operating Income": 163,
        "EBIT": 172,
        "Net Income": 115
    },
    "2020-06-30": {
        "Diluted EPS": 0.5,
        "Total Revenue": NaN,
        "Gross Profit": 244,
        "Operating Income": 99,
        "EBIT": 107,
        "Net Income": 66
    },
    "2020-03-31": {
        "Diluted EPS": -0.26,
        "Total Revenue": NaN,
        "Gross Profit": 198,
        "Operating Income": 61,
        "EBIT": 69,
        "Net Income": -31
    },
    "2019-12-31": {
        "Diluted EPS": 0.5,
        "Total Revenue": NaN,
        "Gross Profit": 207,
        "Operating Income": 65,
        "EBIT": 75,
        "Net Income": 55
    },
    "2019-09-30": {
        "Diluted EPS": 0.63,
        "Total Revenue": NaN,
        "Gross Profit": 211,
        "Operating Income": 92,
        "EBIT": 100,
        "Net Income": 67
    },
    "2019-06-30": {
        "Diluted EPS": 0.76,
        "Total Revenue": NaN,
        "Gross Profit": 234,
        "Operating Income": 109,
        "EBIT": 115,
        "Net Income": 82
    },
    "2019-03-31": {
        "Diluted EPS": 0.46,
        "Total Revenue": 925,
        "Gross Profit": 172,
        "Operating Income": 68,
        "EBIT": 76,
        "Net Income": 51
    },
    "2018-12-31": {
        "Diluted EPS": 0.07,
        "Total Revenue": NaN,
        "Gross Profit": 217,
        "Operating Income": 88,
        "EBIT": 97,
        "Net Income": 9
    },
    "2018-09-30": {
        "Diluted EPS": 0.83,
        "Total Revenue": NaN,
        "Gross Profit": 199,
        "Operating Income": 98,
        "EBIT": 106,
        "Net Income": 94
    },
    "2018-06-30": {
        "Diluted EPS": 0.52,
        "Total Revenue": 981,
        "Gross Profit": 179,
        "Operating Income": 79,
        "EBIT": 86,
        "Net Income": 59
    },
    "2018-03-31": {
        "Diluted EPS": 0.41,
        "Total Revenue": 752,
        "Gross Profit": 143,
        "Operating Income": 56,
        "EBIT": 62,
        "Net Income": 45
    },
    "2017-12-31": {
        "Diluted EPS": 0.26,
        "Total Revenue": NaN,
        "Gross Profit": 254,
        "Operating Income": 143,
        "EBIT": 145,
        "Net Income": 19
    },
    "2017-09-30": {
        "Diluted EPS": 0.45,
        "Total Revenue": 908,
        "Gross Profit": 171,
        "Operating Income": 76,
        "EBIT": 78,
        "Net Income": 33
    },
    "2017-06-30": {
        "Diluted EPS": 0.46,
        "Total Revenue": 908,
        "Gross Profit": 171,
        "Operating Income": 76,
        "EBIT": 78,
        "Net Income": 27
    },
    "2017-03-31": {
        "Diluted EPS": 0.3,
        "Total Revenue": 769,
        "Gross Profit": 142,
        "Operating Income": 53,
        "EBIT": 55,
        "Net Income": 11
    },
    "2016-12-31": {
        "Diluted EPS": 0.62,
        "Total Revenue": NaN,
        "Gross Profit": 223,
        "Operating Income": 118,
        "EBIT": 120,
        "Net Income": 19
    },
    "2016-09-30": {
        "Diluted EPS": 0.49,
        "Total Revenue": 853,
        "Gross Profit": 179,
        "Operating Income": 91,
        "EBIT": 93,
        "Net Income": 15
    },
    "2016-06-30": {
        "Diluted EPS": 0.37,
        "Total Revenue": 854,
        "Gross Profit": 160,
        "Operating Income": 69,
        "EBIT": 71,
        "Net Income": 12
    },
    "2016-03-31": {
        "Diluted EPS": 0.21,
        "Total Revenue": 645,
        "Gross Profit": 119,
        "Operating Income": 41,
        "EBIT": 43,
        "Net Income": 7
    },
    "2015-12-31": {
        "Diluted EPS": 0.54,
        "Total Revenue": 970,
        "Gross Profit": 187,
        "Operating Income": 100,
        "EBIT": 102,
        "Net Income": 18
    },
    "2015-09-30": {
        "Diluted EPS": 0.37,
        "Total Revenue": 796,
        "Gross Profit": 149,
        "Operating Income": 71,
        "EBIT": 73,
        "Net Income": 12
    },
    "2015-06-30": {
        "Diluted EPS": 0.15,
        "Total Revenue": 701,
        "Gross Profit": 137,
        "Operating Income": 65,
        "EBIT": 69,
        "Net Income": 5
    },
    "2015-03-31": {
        "Diluted EPS": 0.79,
        "Total Revenue": 509,
        "Gross Profit": 95,
        "Operating Income": 38,
        "EBIT": 39,
        "Net Income": 26
    },
    "2014-12-31": {
        "Diluted EPS": 0.85,
        "Total Revenue": NaN,
        "Gross Profit": 204,
        "Operating Income": 125,
        "EBIT": 131,
        "Net Income": 28
    },
    "2014-09-30": {
        "Diluted EPS": 0.54,
        "Total Revenue": 629,
        "Gross Profit": 132,
        "Operating Income": 71,
        "EBIT": 73,
        "Net Income": 18
    },
    "2014-06-30": {
        "Diluted EPS": 0.45,
        "Total Revenue": 597,
        "Gross Profit": 127,
        "Operating Income": 69,
        "EBIT": 72,
        "Net Income": 15
    },
    "2014-03-31": {
        "Diluted EPS": 0.33,
        "Total Revenue": 470,
        "Gross Profit": 103,
        "Operating Income": 51,
        "EBIT": 50,
        "Net Income": 11
    },
    "2013-12-31": {
        "Diluted EPS": 0.79,
        "Total Revenue": 391,
        "Gross Profit": 95,
        "Operating Income": 56,
        "EBIT": 57,
        "Net Income": 26
    },
    "2013-09-30": {
        "Diluted EPS": 0.43,
        "Total Revenue": 634,
        "Gross Profit": 134,
        "Operating Income": 75,
        "EBIT": 75,
        "Net Income": 14
    },
    "2013-06-30": {
        "Diluted EPS": 0.16,
        "Total Revenue": 509,
        "Gross Profit": 105,
        "Operating Income": 45,
        "EBIT": 46,
        "Net Income": 5
    },
    "2013-03-31": {
        "Diluted EPS": 0.0,
        "Total Revenue": 382,
        "Gross Profit": 82,
        "Operating Income": 35,
        "EBIT": 37,
        "Net Income": NaN
    },
    "2012-12-31": {
        "Diluted EPS": 0.6,
        "Total Revenue": NaN,
        "Gross Profit": NaN,
        "Operating Income": NaN,
        "EBIT": NaN,
        "Net Income": 431
    },
    "2012-09-30": {
        "Diluted EPS": 0.0,
        "Total Revenue": 321,
        "Gross Profit": 74,
        "Operating Income": 42,
        "EBIT": 44,
        "Net Income": 43
    },
    "2012-06-30": {
        "Diluted EPS": 0.0,
        "Total Revenue": 318,
        "Gross Profit": 62,
        "Operating Income": 33,
        "EBIT": 33,
        "Net Income": 29
    },
    "2012-03-31": {
        "Diluted EPS": 0.02,
        "Total Revenue": 239,
        "Gross Profit": 239,
        "Operating Income": 239,
        "EBIT": 239,
        "Net Income": 10
    },
    "2011-12-31": {
        "Diluted EPS": 0.0,
        "Total Revenue": NaN,
        "Gross Profit": NaN,
        "Operating Income": NaN,
        "EBIT": NaN,
        "Net Income": NaN
    },
    "2023-09-30": {
        "Tax Effect Of Unusual Items": NaN,
        "Tax Rate For Calcs": NaN,
        "Normalized EBITDA": NaN,
        "Total Unusual Items": -269000.0,
        "Total Unusual Items Excluding Goodwill": -269000.0,
        "Net Income From Continuing Operation Net Minority Interest": NaN,
        "Reconciled Depreciation": NaN,
        "Reconciled Cost Of Revenue": NaN,
        "EBITDA": NaN,
        "EBIT": NaN,
        "Net Interest Income": NaN,
        "Interest Income": NaN,
        "Normalized Income": NaN,
        "Net Income From Continuing And Discontinued Operation": NaN,
        "Total Expenses": NaN,
        "Diluted Average Shares": NaN,
        "Basic Average Shares": NaN,
        "Diluted EPS": NaN,
        "Basic EPS": NaN,
        "Diluted NI Availto Com Stockholders": NaN,
        "Net Income Common Stockholders": NaN,
        "Net Income": NaN,
        "Minority Interests": NaN,
        "Net Income Including Noncontrolling Interests": NaN,
        "Net Income Continuous Operations": NaN,
        "Tax Provision": NaN,
        "Pretax Income": NaN,
        "Other Income Expense": NaN,
        "Other Non Operating Income Expenses": NaN,
        "Special Income Charges": -269000.0,
        "Other Special Charges": 269000.0,
        "Earnings From Equity Interest": NaN,
        "Net Non Operating Interest Income Expense": NaN,
        "Total Other Finance Cost": NaN,
        "Interest Income Non Operating": NaN,
        "Operating Income": NaN,
        "Operating Expense": NaN,
        "Selling General And Administration": NaN,
        "Selling And Marketing Expense": NaN,
        "General And Administrative Expense": NaN,
        "Other Gand A": NaN,
        "Gross Profit": NaN,
        "Cost Of Revenue": NaN,
        "Total Revenue": NaN,
        "Operating Revenue": NaN
    },
    "2023-12-31": {
        "Tax Effect Of Unusual Items": NaN,
        "Tax Rate For Calcs": NaN,
        "Normalized EBITDA": NaN,
        "Total Unusual Items": -26000.0,
        "Total Unusual Items Excluding Goodwill": -26000.0,
        "Net Income From Continuing Operation Net Minority Interest": NaN,
        "Reconciled Depreciation": NaN,
        "Reconciled Cost Of Revenue": NaN,
        "EBITDA": NaN,
        "EBIT": NaN,
        "Net Interest Income": NaN,
        "Interest Income": NaN,
        "Normalized Income": NaN,
        "Net Income From Continuing And Discontinued Operation": NaN,
        "Total Expenses": NaN,
        "Diluted Average Shares": NaN,
        "Basic Average Shares": NaN,
        "Diluted EPS": NaN,
        "Basic EPS": NaN,
        "Diluted NI Availto Com Stockholders": NaN,
        "Net Income Common Stockholders": NaN,
        "Net Income": NaN,
        "Minority Interests": NaN,
        "Net Income Including Noncontrolling Interests": NaN,
        "Net Income Continuous Operations": NaN,
        "Tax Provision": NaN,
        "Pretax Income": NaN,
        "Other Income Expense": NaN,
        "Other Non Operating Income Expenses": NaN,
        "Special Income Charges": -26000.0,
        "Other Special Charges": 26000.0,
        "Earnings From Equity Interest": NaN,
        "Net Non Operating Interest Income Expense": NaN,
        "Total Other Finance Cost": NaN,
        "Interest Income Non Operating": NaN,
        "Operating Income": NaN,
        "Operating Expense": NaN,
        "Selling General And Administration": NaN,
        "Selling And Marketing Expense": NaN,
        "General And Administrative Expense": NaN,
        "Other Gand A": NaN,
        "Gross Profit": NaN,
        "Cost Of Revenue": NaN,
        "Total Revenue": NaN,
        "Operating Revenue": NaN
    },
    "2024-03-31": {
        "Tax Effect Of Unusual Items": NaN,
        "Tax Rate For Calcs": NaN,
        "Normalized EBITDA": NaN,
        "Total Unusual Items": NaN,
        "Total Unusual Items Excluding Goodwill": NaN,
        "Net Income From Continuing Operation Net Minority Interest": NaN,
        "Reconciled Depreciation": NaN,
        "Reconciled Cost Of Revenue": NaN,
        "EBITDA": NaN,
        "EBIT": NaN,
        "Net Interest Income": NaN,
        "Interest Income": 43000.0,
        "Normalized Income": NaN,
        "Net Income From Continuing And Discontinued Operation": NaN,
        "Total Expenses": NaN,
        "Diluted Average Shares": NaN,
        "Basic Average Shares": NaN,
        "Diluted EPS": NaN,
        "Basic EPS": NaN,
        "Diluted NI Availto Com Stockholders": NaN,
        "Net Income Common Stockholders": NaN,
        "Net Income": NaN,
        "Minority Interests": NaN,
        "Net Income Including Noncontrolling Interests": NaN,
        "Net Income Continuous Operations": NaN,
        "Tax Provision": NaN,
        "Pretax Income": NaN,
        "Other Income Expense": NaN,
        "Other Non Operating Income Expenses": NaN,
        "Special Income Charges": NaN,
        "Earnings From Equity Interest": NaN,
        "Net Non Operating Interest Income Expense": NaN,
        "Total Other Finance Cost": NaN,
        "Interest Income Non Operating": 43000.0,
        "Operating Income": NaN,
        "Operating Expense": NaN,
        "Selling General And Administration": NaN,
        "Selling And Marketing Expense": NaN,
        "General And Administrative Expense": NaN,
        "Other Gand A": NaN,
        "Gross Profit": NaN,
        "Cost Of Revenue": NaN,
        "Total Revenue": NaN,
        "Operating Revenue": NaN
    },
    "2024-06-30": {
        "Tax Effect Of Unusual Items": 0.0,
        "Tax Rate For Calcs": 0.251866,
        "Normalized EBITDA": 286884000.0,
        "Total Unusual Items": NaN,
        "Total Unusual Items Excluding Goodwill": NaN,
        "Net Income From Continuing Operation Net Minority Interest": 199460000.0,
        "Reconciled Depreciation": 11331000.0,
        "Reconciled Cost Of Revenue": 1518765000.0,
        "EBITDA": 286884000.0,
        "EBIT": 275553000.0,
        "Net Interest Income": -4087000.0,
        "Interest Income": NaN,
        "Normalized Income": 199460000.0,
        "Net Income From Continuing And Discontinued Operation": 199460000.0,
        "Total Expenses": 1715500000.0,
        "Diluted Average Shares": 107249000.0,
        "Basic Average Shares": 105500000.0,
        "Diluted EPS": 1.86,
        "Basic EPS": 1.89,
        "Diluted NI Availto Com Stockholders": 199460000.0,
        "Net Income Common Stockholders": 199460000.0,
        "Net Income": 199460000.0,
        "Minority Interests": -454000.0,
        "Net Income Including Noncontrolling Interests": 199914000.0,
        "Net Income Continuous Operations": 199914000.0,
        "Tax Provision": 67303000.0,
        "Pretax Income": 267217000.0,
        "Other Income Expense": -4249000.0,
        "Other Non Operating Income Expenses": -6877000.0,
        "Special Income Charges": NaN,
        "Earnings From Equity Interest": 2628000.0,
        "Net Non Operating Interest Income Expense": -4087000.0,
        "Total Other Finance Cost": 4087000.0,
        "Interest Income Non Operating": NaN,
        "Operating Income": 275553000.0,
        "Operating Expense": 196735000.0,
        "Selling General And Administration": 196735000.0,
        "Selling And Marketing Expense": 113956000.0,
        "General And Administrative Expense": 82779000.0,
        "Other Gand A": 82779000.0,
        "Gross Profit": 472288000.0,
        "Cost Of Revenue": 1518765000.0,
        "Total Revenue": 1991053000.0,
        "Operating Revenue": 1991053000.0
    },
    "2024-09-30": {
        "Tax Effect Of Unusual Items": 0.0,
        "Tax Rate For Calcs": 0.244,
        "Normalized EBITDA": 341641000.0,
        "Total Unusual Items": 0.0,
        "Total Unusual Items Excluding Goodwill": 0.0,
        "Net Income From Continuing Operation Net Minority Interest": 251126000.0,
        "Reconciled Depreciation": 9913000.0,
        "Reconciled Cost Of Revenue": 1589773000.0,
        "EBITDA": 341641000.0,
        "EBIT": 331728000.0,
        "Net Interest Income": -3379000.0,
        "Interest Income": NaN,
        "Normalized Income": 251126000.0,
        "Net Income From Continuing And Discontinued Operation": 251126000.0,
        "Total Expenses": 1789114000.0,
        "Diluted Average Shares": 106089000.0,
        "Basic Average Shares": 104132000.0,
        "Diluted EPS": 2.37,
        "Basic EPS": 2.41,
        "Diluted NI Availto Com Stockholders": 251126000.0,
        "Net Income Common Stockholders": 251126000.0,
        "Net Income": 251126000.0,
        "Minority Interests": -346000.0,
        "Net Income Including Noncontrolling Interests": 251472000.0,
        "Net Income Continuous Operations": 251472000.0,
        "Tax Provision": 81219000.0,
        "Pretax Income": 332691000.0,
        "Other Income Expense": 4342000.0,
        "Other Non Operating Income Expenses": 3635000.0,
        "Special Income Charges": 0.0,
        "Earnings From Equity Interest": 707000.0,
        "Net Non Operating Interest Income Expense": -3379000.0,
        "Total Other Finance Cost": 3379000.0,
        "Interest Income Non Operating": NaN,
        "Operating Income": 331728000.0,
        "Operating Expense": 199341000.0,
        "Selling General And Administration": 199341000.0,
        "Selling And Marketing Expense": 117714000.0,
        "General And Administrative Expense": 81627000.0,
        "Other Gand A": 81627000.0,
        "Gross Profit": 531069000.0,
        "Cost Of Revenue": 1589773000.0,
        "Total Revenue": 2120842000.0,
        "Operating Revenue": 2120842000.0
    },
    "2024-12-31": {
        "Tax Effect Of Unusual Items": 0.0,
        "Tax Rate For Calcs": 0.20599,
        "Normalized EBITDA": 369448000.0,
        "Total Unusual Items": 0.0,
        "Total Unusual Items Excluding Goodwill": 0.0,
        "Net Income From Continuing Operation Net Minority Interest": 242453000.0,
        "Reconciled Depreciation": 9696000.0,
        "Reconciled Cost Of Revenue": 1792479000.0,
        "EBITDA": 369448000.0,
        "EBIT": 359752000.0,
        "Net Interest Income": -5893000.0,
        "Interest Income": NaN,
        "Normalized Income": 242453000.0,
        "Net Income From Continuing And Discontinued Operation": 242453000.0,
        "Total Expenses": 1996737000.0,
        "Diluted Average Shares": 105218000.0,
        "Basic Average Shares": 103189000.0,
        "Diluted EPS": 2.3,
        "Basic EPS": 2.35,
        "Diluted NI Availto Com Stockholders": 242453000.0,
        "Net Income Common Stockholders": 242453000.0,
        "Net Income": 242453000.0,
        "Minority Interests": -1570000.0,
        "Net Income Including Noncontrolling Interests": 244023000.0,
        "Net Income Continuous Operations": 244023000.0,
        "Tax Provision": 63307000.0,
        "Pretax Income": 307330000.0,
        "Other Income Expense": -46529000.0,
        "Other Non Operating Income Expenses": -46790000.0,
        "Special Income Charges": 0.0,
        "Earnings From Equity Interest": 261000.0,
        "Net Non Operating Interest Income Expense": -5893000.0,
        "Total Other Finance Cost": 5893000.0,
        "Interest Income Non Operating": NaN,
        "Operating Income": 359752000.0,
        "Operating Expense": 204258000.0,
        "Selling General And Administration": 204258000.0,
        "Selling And Marketing Expense": 121822000.0,
        "General And Administrative Expense": 82436000.0,
        "Other Gand A": 82436000.0,
        "Gross Profit": 564010000.0,
        "Cost Of Revenue": 1792479000.0,
        "Total Revenue": 2356489000.0,
        "Operating Revenue": 2356489000.0
    },
    "2025-03-31": {
        "Tax Effect Of Unusual Items": 0.0,
        "Tax Rate For Calcs": 0.233,
        "Normalized EBITDA": 295671000.0,
        "Total Unusual Items": NaN,
        "Total Unusual Items Excluding Goodwill": NaN,
        "Net Income From Continuing Operation Net Minority Interest": 213466000.0,
        "Reconciled Depreciation": 9021000.0,
        "Reconciled Cost Of Revenue": 1432745000.0,
        "EBITDA": 295671000.0,
        "EBIT": 286650000.0,
        "Net Interest Income": -8499000.0,
        "Interest Income": NaN,
        "Normalized Income": 213466000.0,
        "Net Income From Continuing And Discontinued Operation": 213466000.0,
        "Total Expenses": 1609369000.0,
        "Diluted Average Shares": 103017000.0,
        "Basic Average Shares": 101245000.0,
        "Diluted EPS": 2.07,
        "Basic EPS": 2.11,
        "Diluted NI Availto Com Stockholders": 213466000.0,
        "Net Income Common Stockholders": 213466000.0,
        "Net Income": 213466000.0,
        "Minority Interests": -265000.0,
        "Net Income Including Noncontrolling Interests": 213731000.0,
        "Net Income Continuous Operations": 213731000.0,
        "Tax Provision": 64838000.0,
        "Pretax Income": 278569000.0,
        "Other Income Expense": 418000.0,
        "Other Non Operating Income Expenses": -1557000.0,
        "Special Income Charges": NaN,
        "Earnings From Equity Interest": 1975000.0,
        "Net Non Operating Interest Income Expense": -8499000.0,
        "Total Other Finance Cost": 8499000.0,
        "Interest Income Non Operating": NaN,
        "Operating Income": 286650000.0,
        "Operating Expense": 176624000.0,
        "Selling General And Administration": 176624000.0,
        "Selling And Marketing Expense": 109076000.0,
        "General And Administrative Expense": 67548000.0,
        "Other Gand A": 67548000.0,
        "Gross Profit": 463274000.0,
        "Cost Of Revenue": 1432745000.0,
        "Total Revenue": 1896019000.0,
        "Operating Revenue": 1896019000.0
    },
    "2025-06-30": {
        "Tax Effect Of Unusual Items": 0.0,
        "Tax Rate For Calcs": 0.255554,
        "Normalized EBITDA": 294590000.0,
        "Total Unusual Items": NaN,
        "Total Unusual Items Excluding Goodwill": NaN,
        "Net Income From Continuing Operation Net Minority Interest": 193577000.0,
        "Reconciled Depreciation": 10146000.0,
        "Reconciled Cost Of Revenue": 1562582000.0,
        "EBITDA": 294590000.0,
        "EBIT": 284444000.0,
        "Net Interest Income": -13819000.0,
        "Interest Income": NaN,
        "Normalized Income": 193577000.0,
        "Net Income From Continuing And Discontinued Operation": 193577000.0,
        "Total Expenses": 1745626000.0,
        "Diluted Average Shares": 100923000.0,
        "Basic Average Shares": 99537000.0,
        "Diluted EPS": 1.92,
        "Basic EPS": 1.94,
        "Diluted NI Availto Com Stockholders": 193577000.0,
        "Net Income Common Stockholders": 193577000.0,
        "Net Income": 193577000.0,
        "Minority Interests": -2408000.0,
        "Net Income Including Noncontrolling Interests": 195985000.0,
        "Net Income Continuous Operations": 195985000.0,
        "Tax Provision": 67278000.0,
        "Pretax Income": 263263000.0,
        "Other Income Expense": -7362000.0,
        "Other Non Operating Income Expenses": -7688000.0,
        "Special Income Charges": NaN,
        "Earnings From Equity Interest": 326000.0,
        "Net Non Operating Interest Income Expense": -13819000.0,
        "Total Other Finance Cost": 13819000.0,
        "Interest Income Non Operating": NaN,
        "Operating Income": 284444000.0,
        "Operating Expense": 183044000.0,
        "Selling General And Administration": 183044000.0,
        "Selling And Marketing Expense": 116389000.0,
        "General And Administrative Expense": 66655000.0,
        "Other Gand A": 66655000.0,
        "Gross Profit": 467488000.0,
        "Cost Of Revenue": 1562582000.0,
        "Total Revenue": 2030070000.0,
        "Operating Revenue": 2030070000.0
    }
}