{
    "2024-03-31": {
        "Tax Effect Of Unusual Items": 0.0,
        "Tax Rate For Calcs": 0.235193,
        "Net Income From Continuing Operation Net Minority Interest": 16872000.0,
        "Reconciled Depreciation": 3082000.0,
        "Net Interest Income": 50675000.0,
        "Interest Expense": 32508000.0,
        "Interest Income": 83183000.0,
        "Normalized Income": 16872000.0,
        "Net Income From Continuing And Discontinued Operation": 16872000.0,
        "Diluted Average Shares": 14238357.0,
        "Basic Average Shares": 14211910.0,
        "Diluted EPS": 1.18,
        "Basic EPS": 1.19,
        "Diluted NI Availto Com Stockholders": 16872000.0,
        "Net Income Common Stockholders": 16872000.0,
        "Otherunder Preferred Stock Dividend": NaN,
        "Net Income": 16872000.0,
        "Minority Interests": -31000.0,
        "Net Income Including Noncontrolling Interests": 16903000.0,
        "Net Income Continuous Operations": 16903000.0,
        "Tax Provision": 5198000.0,
        "Pretax Income": 22101000.0,
        "Gain On Sale Of Security": -14000.0,
        "Depreciation Amortization Depletion Income Statement": 76000.0,
        "Depreciation And Amortization In Income Statement": 76000.0,
        "Amortization": 76000.0,
        "Amortization Of Intangibles Income Statement": 76000.0,
        "Selling General And Administration": 31108000.0,
        "Selling And Marketing Expense": 975000.0,
        "General And Administrative Expense": 31108000.0,
        "Insurance And Claims": 1409000.0,
        "Salaries And Wages": 31108000.0,
        "Total Revenue": 72812000.0,
        "Operating Revenue": 72812000.0,
        "Occupancy And Equipment": 5682000.0,
        "Professional Expense And Contract Services Expense": 1923000.0,
        "Other Non Interest Expense": 12991000.0
    },
    "2023-12-31": {
        "Tax Effect Of Unusual Items": NaN,
        "Tax Rate For Calcs": NaN,
        "Net Income From Continuing Operation Net Minority Interest": NaN,
        "Reconciled Depreciation": NaN,
        "Net Interest Income": NaN,
        "Interest Expense": NaN,
        "Interest Income": NaN,
        "Normalized Income": NaN,
        "Net Income From Continuing And Discontinued Operation": NaN,
        "Diluted Average Shares": NaN,
        "Basic Average Shares": NaN,
        "Diluted EPS": NaN,
        "Basic EPS": NaN,
        "Diluted NI Availto Com Stockholders": NaN,
        "Net Income Common Stockholders": NaN,
        "Otherunder Preferred Stock Dividend": 8000.0,
        "Net Income": NaN,
        "Minority Interests": NaN,
        "Net Income Including Noncontrolling Interests": NaN,
        "Net Income Continuous Operations": NaN,
        "Tax Provision": NaN,
        "Pretax Income": NaN,
        "Gain On Sale Of Security": NaN,
        "Depreciation Amortization Depletion Income Statement": NaN,
        "Depreciation And Amortization In Income Statement": NaN,
        "Amortization": NaN,
        "Amortization Of Intangibles Income Statement": NaN,
        "Selling General And Administration": NaN,
        "Selling And Marketing Expense": 1689000.0,
        "General And Administrative Expense": NaN,
        "Insurance And Claims": 1424000.0,
        "Salaries And Wages": NaN,
        "Total Revenue": NaN,
        "Operating Revenue": NaN,
        "Occupancy And Equipment": NaN,
        "Professional Expense And Contract Services Expense": 2208000.0,
        "Other Non Interest Expense": NaN
    },
    "2023-09-30": {
        "Tax Effect Of Unusual Items": NaN,
        "Tax Rate For Calcs": NaN,
        "Net Income From Continuing Operation Net Minority Interest": NaN,
        "Reconciled Depreciation": NaN,
        "Net Interest Income": NaN,
        "Interest Expense": NaN,
        "Interest Income": NaN,
        "Normalized Income": NaN,
        "Net Income From Continuing And Discontinued Operation": NaN,
        "Diluted Average Shares": NaN,
        "Basic Average Shares": NaN,
        "Diluted EPS": NaN,
        "Basic EPS": NaN,
        "Diluted NI Availto Com Stockholders": NaN,
        "Net Income Common Stockholders": NaN,
        "Otherunder Preferred Stock Dividend": 8000.0,
        "Net Income": NaN,
        "Minority Interests": NaN,
        "Net Income Including Noncontrolling Interests": NaN,
        "Net Income Continuous Operations": NaN,
        "Tax Provision": NaN,
        "Pretax Income": NaN,
        "Gain On Sale Of Security": NaN,
        "Depreciation Amortization Depletion Income Statement": NaN,
        "Depreciation And Amortization In Income Statement": NaN,
        "Amortization": NaN,
        "Amortization Of Intangibles Income Statement": NaN,
        "Selling General And Administration": NaN,
        "Selling And Marketing Expense": NaN,
        "General And Administrative Expense": NaN,
        "Insurance And Claims": NaN,
        "Salaries And Wages": NaN,
        "Total Revenue": NaN,
        "Operating Revenue": NaN,
        "Occupancy And Equipment": NaN,
        "Professional Expense And Contract Services Expense": NaN,
        "Other Non Interest Expense": NaN
    },
    "2023-06-30": {
        "Tax Effect Of Unusual Items": NaN,
        "Tax Rate For Calcs": NaN,
        "Net Income From Continuing Operation Net Minority Interest": NaN,
        "Reconciled Depreciation": NaN,
        "Net Interest Income": NaN,
        "Interest Expense": NaN,
        "Interest Income": NaN,
        "Normalized Income": NaN,
        "Net Income From Continuing And Discontinued Operation": NaN,
        "Diluted Average Shares": NaN,
        "Basic Average Shares": NaN,
        "Diluted EPS": NaN,
        "Basic EPS": NaN,
        "Diluted NI Availto Com Stockholders": NaN,
        "Net Income Common Stockholders": NaN,
        "Otherunder Preferred Stock Dividend": 8000.0,
        "Net Income": NaN,
        "Minority Interests": NaN,
        "Net Income Including Noncontrolling Interests": NaN,
        "Net Income Continuous Operations": NaN,
        "Tax Provision": NaN,
        "Pretax Income": NaN,
        "Gain On Sale Of Security": NaN,
        "Depreciation Amortization Depletion Income Statement": NaN,
        "Depreciation And Amortization In Income Statement": NaN,
        "Amortization": NaN,
        "Amortization Of Intangibles Income Statement": NaN,
        "Selling General And Administration": NaN,
        "Selling And Marketing Expense": NaN,
        "General And Administrative Expense": NaN,
        "Insurance And Claims": NaN,
        "Salaries And Wages": NaN,
        "Total Revenue": NaN,
        "Operating Revenue": NaN,
        "Occupancy And Equipment": NaN,
        "Professional Expense And Contract Services Expense": NaN,
        "Other Non Interest Expense": NaN
    },
    "2023-03-31": {
        "Tax Effect Of Unusual Items": NaN,
        "Tax Rate For Calcs": NaN,
        "Net Income From Continuing Operation Net Minority Interest": NaN,
        "Reconciled Depreciation": NaN,
        "Net Interest Income": NaN,
        "Interest Expense": NaN,
        "Interest Income": NaN,
        "Normalized Income": NaN,
        "Net Income From Continuing And Discontinued Operation": NaN,
        "Diluted Average Shares": NaN,
        "Basic Average Shares": NaN,
        "Diluted EPS": NaN,
        "Basic EPS": NaN,
        "Diluted NI Availto Com Stockholders": NaN,
        "Net Income Common Stockholders": NaN,
        "Otherunder Preferred Stock Dividend": 18000.0,
        "Net Income": NaN,
        "Minority Interests": NaN,
        "Net Income Including Noncontrolling Interests": NaN,
        "Net Income Continuous Operations": NaN,
        "Tax Provision": NaN,
        "Pretax Income": NaN,
        "Gain On Sale Of Security": NaN,
        "Depreciation Amortization Depletion Income Statement": NaN,
        "Depreciation And Amortization In Income Statement": NaN,
        "Amortization": NaN,
        "Amortization Of Intangibles Income Statement": NaN,
        "Selling General And Administration": NaN,
        "Selling And Marketing Expense": NaN,
        "General And Administrative Expense": NaN,
        "Insurance And Claims": NaN,
        "Salaries And Wages": NaN,
        "Total Revenue": NaN,
        "Operating Revenue": NaN,
        "Occupancy And Equipment": NaN,
        "Professional Expense And Contract Services Expense": NaN,
        "Other Non Interest Expense": NaN
    },
    "2022-12-31": {
        "Tax Effect Of Unusual Items": NaN,
        "Tax Rate For Calcs": NaN,
        "Net Income From Continuing Operation Net Minority Interest": NaN,
        "Reconciled Depreciation": NaN,
        "Net Interest Income": NaN,
        "Interest Expense": NaN,
        "Interest Income": NaN,
        "Normalized Income": NaN,
        "Net Income From Continuing And Discontinued Operation": NaN,
        "Diluted Average Shares": NaN,
        "Basic Average Shares": NaN,
        "Diluted EPS": NaN,
        "Basic EPS": NaN,
        "Diluted NI Availto Com Stockholders": NaN,
        "Net Income Common Stockholders": NaN,
        "Otherunder Preferred Stock Dividend": 41000.0,
        "Net Income": NaN,
        "Minority Interests": NaN,
        "Net Income Including Noncontrolling Interests": NaN,
        "Net Income Continuous Operations": NaN,
        "Tax Provision": NaN,
        "Pretax Income": NaN,
        "Gain On Sale Of Security": NaN,
        "Depreciation Amortization Depletion Income Statement": NaN,
        "Depreciation And Amortization In Income Statement": NaN,
        "Amortization": NaN,
        "Amortization Of Intangibles Income Statement": NaN,
        "Selling General And Administration": NaN,
        "Selling And Marketing Expense": NaN,
        "General And Administrative Expense": NaN,
        "Insurance And Claims": NaN,
        "Salaries And Wages": NaN,
        "Total Revenue": NaN,
        "Operating Revenue": NaN,
        "Occupancy And Equipment": NaN,
        "Professional Expense And Contract Services Expense": NaN,
        "Other Non Interest Expense": NaN
    },
    "2024-06-30": {
        "Tax Effect Of Unusual Items": 0.0,
        "Tax Rate For Calcs": 0.238,
        "Net Income From Continuing Operation Net Minority Interest": 15682000.0,
        "Reconciled Depreciation": 2684000.0,
        "Net Interest Income": 50953000.0,
        "Interest Expense": 34287000.0,
        "Interest Income": 85240000.0,
        "Normalized Income": 15682000.0,
        "Net Income From Continuing And Discontinued Operation": 15682000.0,
        "Diluted Average Shares": 14239626.0,
        "Basic Average Shares": 14214574.0,
        "Diluted EPS": 1.1,
        "Basic EPS": 1.1,
        "Diluted NI Availto Com Stockholders": 15682000.0,
        "Net Income Common Stockholders": 15682000.0,
        "Otherunder Preferred Stock Dividend": NaN,
        "Net Income": 15682000.0,
        "Minority Interests": -31000.0,
        "Net Income Including Noncontrolling Interests": 15713000.0,
        "Net Income Continuous Operations": 15713000.0,
        "Tax Provision": 4902000.0,
        "Pretax Income": 20615000.0,
        "Gain On Sale Of Security": -6000.0,
        "Depreciation Amortization Depletion Income Statement": 80000.0,
        "Depreciation And Amortization In Income Statement": 80000.0,
        "Amortization": 80000.0,
        "Amortization Of Intangibles Income Statement": 80000.0,
        "Selling General And Administration": 34053000.0,
        "Selling And Marketing Expense": 1094000.0,
        "General And Administrative Expense": 32959000.0,
        "Insurance And Claims": 1495000.0,
        "Salaries And Wages": 31464000.0,
        "Total Revenue": 71691000.0,
        "Operating Revenue": 71691000.0,
        "Occupancy And Equipment": 5049000.0,
        "Professional Expense And Contract Services Expense": 1994000.0,
        "Other Non Interest Expense": 7728000.0
    },
    "2024-09-30": {
        "Tax Effect Of Unusual Items": 0.0,
        "Tax Rate For Calcs": 0.239,
        "Net Income From Continuing Operation Net Minority Interest": 18638000.0,
        "Reconciled Depreciation": 2310000.0,
        "Net Interest Income": 53193000.0,
        "Interest Expense": 35936000.0,
        "Interest Income": 89129000.0,
        "Normalized Income": 18638000.0,
        "Net Income From Continuing And Discontinued Operation": 18638000.0,
        "Diluted Average Shares": 14283255.0,
        "Basic Average Shares": 14215607.0,
        "Diluted EPS": 1.3,
        "Basic EPS": 1.31,
        "Diluted NI Availto Com Stockholders": 18638000.0,
        "Net Income Common Stockholders": 18638000.0,
        "Otherunder Preferred Stock Dividend": NaN,
        "Net Income": 18638000.0,
        "Minority Interests": -31000.0,
        "Net Income Including Noncontrolling Interests": 18669000.0,
        "Net Income Continuous Operations": 18669000.0,
        "Tax Provision": 5858000.0,
        "Pretax Income": 24527000.0,
        "Gain On Sale Of Security": 85000.0,
        "Depreciation Amortization Depletion Income Statement": 86000.0,
        "Depreciation And Amortization In Income Statement": 86000.0,
        "Amortization": 86000.0,
        "Amortization Of Intangibles Income Statement": 86000.0,
        "Selling General And Administration": 34322000.0,
        "Selling And Marketing Expense": 982000.0,
        "General And Administrative Expense": 33340000.0,
        "Insurance And Claims": 1400000.0,
        "Salaries And Wages": 31940000.0,
        "Total Revenue": 75571000.0,
        "Operating Revenue": 75571000.0,
        "Occupancy And Equipment": 4862000.0,
        "Professional Expense And Contract Services Expense": 1857000.0,
        "Other Non Interest Expense": 7743000.0
    },
    "2024-12-31": {
        "Tax Effect Of Unusual Items": 0.0,
        "Tax Rate For Calcs": 0.234912,
        "Net Income From Continuing Operation Net Minority Interest": 19658000.0,
        "Reconciled Depreciation": 2399000.0,
        "Net Interest Income": 56281000.0,
        "Interest Expense": 33741000.0,
        "Interest Income": 90022000.0,
        "Normalized Income": 19658000.0,
        "Net Income From Continuing And Discontinued Operation": 19658000.0,
        "Diluted Average Shares": 14312497.0,
        "Basic Average Shares": 14230297.0,
        "Diluted EPS": 1.37,
        "Basic EPS": 1.38,
        "Diluted NI Availto Com Stockholders": 19658000.0,
        "Net Income Common Stockholders": 19658000.0,
        "Otherunder Preferred Stock Dividend": NaN,
        "Net Income": 19658000.0,
        "Minority Interests": -30000.0,
        "Net Income Including Noncontrolling Interests": 19688000.0,
        "Net Income Continuous Operations": 19688000.0,
        "Tax Provision": 6045000.0,
        "Pretax Income": 25733000.0,
        "Gain On Sale Of Security": -33000.0,
        "Depreciation Amortization Depletion Income Statement": 90000.0,
        "Depreciation And Amortization In Income Statement": 90000.0,
        "Amortization": 90000.0,
        "Amortization Of Intangibles Income Statement": 90000.0,
        "Selling General And Administration": 35716000.0,
        "Selling And Marketing Expense": 1025000.0,
        "General And Administrative Expense": 34691000.0,
        "Insurance And Claims": 1392000.0,
        "Salaries And Wages": 33299000.0,
        "Total Revenue": 76162000.0,
        "Operating Revenue": 76162000.0,
        "Occupancy And Equipment": 4707000.0,
        "Professional Expense And Contract Services Expense": 1926000.0,
        "Other Non Interest Expense": 6579000.0
    },
    "2025-03-31": {
        "Tax Effect Of Unusual Items": 0.0,
        "Tax Rate For Calcs": 0.237248,
        "Net Income From Continuing Operation Net Minority Interest": 19679000.0,
        "Reconciled Depreciation": 2279000.0,
        "Net Interest Income": 56662000.0,
        "Interest Expense": 32800000.0,
        "Interest Income": 89462000.0,
        "Normalized Income": 19679000.0,
        "Net Income From Continuing And Discontinued Operation": 19679000.0,
        "Diluted Average Shares": 14319440.0,
        "Basic Average Shares": 14246140.0,
        "Diluted EPS": 1.37,
        "Basic EPS": 1.38,
        "Diluted NI Availto Com Stockholders": 19679000.0,
        "Net Income Common Stockholders": 19679000.0,
        "Otherunder Preferred Stock Dividend": NaN,
        "Net Income": 19679000.0,
        "Minority Interests": 0.0,
        "Net Income Including Noncontrolling Interests": 19679000.0,
        "Net Income Continuous Operations": 19679000.0,
        "Tax Provision": 6121000.0,
        "Pretax Income": 25800000.0,
        "Gain On Sale Of Security": 14000.0,
        "Depreciation Amortization Depletion Income Statement": 84000.0,
        "Depreciation And Amortization In Income Statement": 84000.0,
        "Amortization": 84000.0,
        "Amortization Of Intangibles Income Statement": 84000.0,
        "Selling General And Administration": 32077000.0,
        "Selling And Marketing Expense": NaN,
        "General And Administrative Expense": 32077000.0,
        "Insurance And Claims": NaN,
        "Salaries And Wages": 32077000.0,
        "Total Revenue": 81694000.0,
        "Operating Revenue": 81694000.0,
        "Occupancy And Equipment": 5357000.0,
        "Professional Expense And Contract Services Expense": NaN,
        "Other Non Interest Expense": 13089000.0
    }
}