{
    "2023-03-31": {
        "Tax Effect Of Unusual Items": NaN,
        "Tax Rate For Calcs": NaN,
        "Normalized EBITDA": NaN,
        "Total Unusual Items": NaN,
        "Total Unusual Items Excluding Goodwill": NaN,
        "Net Income From Continuing Operation Net Minority Interest": NaN,
        "Reconciled Depreciation": NaN,
        "Reconciled Cost Of Revenue": NaN,
        "EBITDA": NaN,
        "EBIT": NaN,
        "Net Interest Income": NaN,
        "Interest Expense": NaN,
        "Normalized Income": NaN,
        "Net Income From Continuing And Discontinued Operation": NaN,
        "Total Expenses": NaN,
        "Total Operating Income As Reported": NaN,
        "Diluted Average Shares": 18682268.0,
        "Basic Average Shares": 18449430.0,
        "Diluted EPS": 1.3,
        "Basic EPS": 1.32,
        "Diluted NI Availto Com Stockholders": NaN,
        "Net Income Common Stockholders": NaN,
        "Net Income": NaN,
        "Net Income Including Noncontrolling Interests": NaN,
        "Net Income Continuous Operations": NaN,
        "Tax Provision": NaN,
        "Pretax Income": NaN,
        "Other Income Expense": NaN,
        "Other Non Operating Income Expenses": NaN,
        "Special Income Charges": NaN,
        "Gain On Sale Of Ppe": NaN,
        "Gain On Sale Of Security": NaN,
        "Net Non Operating Interest Income Expense": NaN,
        "Interest Expense Non Operating": NaN,
        "Operating Income": NaN,
        "Operating Expense": NaN,
        "Research And Development": NaN,
        "Selling General And Administration": NaN,
        "Gross Profit": NaN,
        "Cost Of Revenue": NaN,
        "Total Revenue": NaN,
        "Operating Revenue": NaN
    },
    "2022-12-31": {
        "Tax Effect Of Unusual Items": NaN,
        "Tax Rate For Calcs": NaN,
        "Normalized EBITDA": NaN,
        "Total Unusual Items": NaN,
        "Total Unusual Items Excluding Goodwill": NaN,
        "Net Income From Continuing Operation Net Minority Interest": NaN,
        "Reconciled Depreciation": NaN,
        "Reconciled Cost Of Revenue": NaN,
        "EBITDA": NaN,
        "EBIT": NaN,
        "Net Interest Income": NaN,
        "Interest Expense": NaN,
        "Normalized Income": NaN,
        "Net Income From Continuing And Discontinued Operation": NaN,
        "Total Expenses": NaN,
        "Total Operating Income As Reported": NaN,
        "Diluted Average Shares": NaN,
        "Basic Average Shares": NaN,
        "Diluted EPS": NaN,
        "Basic EPS": NaN,
        "Diluted NI Availto Com Stockholders": NaN,
        "Net Income Common Stockholders": NaN,
        "Net Income": NaN,
        "Net Income Including Noncontrolling Interests": NaN,
        "Net Income Continuous Operations": NaN,
        "Tax Provision": NaN,
        "Pretax Income": NaN,
        "Other Income Expense": NaN,
        "Other Non Operating Income Expenses": NaN,
        "Special Income Charges": 0.0,
        "Gain On Sale Of Ppe": 0.0,
        "Gain On Sale Of Security": NaN,
        "Net Non Operating Interest Income Expense": NaN,
        "Interest Expense Non Operating": NaN,
        "Operating Income": NaN,
        "Operating Expense": NaN,
        "Research And Development": NaN,
        "Selling General And Administration": NaN,
        "Gross Profit": NaN,
        "Cost Of Revenue": NaN,
        "Total Revenue": NaN,
        "Operating Revenue": NaN
    },
    "2022-09-30": {
        "Tax Effect Of Unusual Items": NaN,
        "Tax Rate For Calcs": NaN,
        "Normalized EBITDA": NaN,
        "Total Unusual Items": NaN,
        "Total Unusual Items Excluding Goodwill": NaN,
        "Net Income From Continuing Operation Net Minority Interest": NaN,
        "Reconciled Depreciation": NaN,
        "Reconciled Cost Of Revenue": NaN,
        "EBITDA": NaN,
        "EBIT": NaN,
        "Net Interest Income": NaN,
        "Interest Expense": NaN,
        "Normalized Income": NaN,
        "Net Income From Continuing And Discontinued Operation": NaN,
        "Total Expenses": NaN,
        "Total Operating Income As Reported": NaN,
        "Diluted Average Shares": NaN,
        "Basic Average Shares": NaN,
        "Diluted EPS": NaN,
        "Basic EPS": NaN,
        "Diluted NI Availto Com Stockholders": NaN,
        "Net Income Common Stockholders": NaN,
        "Net Income": NaN,
        "Net Income Including Noncontrolling Interests": NaN,
        "Net Income Continuous Operations": NaN,
        "Tax Provision": NaN,
        "Pretax Income": NaN,
        "Other Income Expense": NaN,
        "Other Non Operating Income Expenses": NaN,
        "Special Income Charges": 0.0,
        "Gain On Sale Of Ppe": 0.0,
        "Gain On Sale Of Security": NaN,
        "Net Non Operating Interest Income Expense": NaN,
        "Interest Expense Non Operating": NaN,
        "Operating Income": NaN,
        "Operating Expense": NaN,
        "Research And Development": NaN,
        "Selling General And Administration": NaN,
        "Gross Profit": NaN,
        "Cost Of Revenue": NaN,
        "Total Revenue": NaN,
        "Operating Revenue": NaN
    },
    "2022-06-30": {
        "Tax Effect Of Unusual Items": 491400.0,
        "Tax Rate For Calcs": 0.182,
        "Normalized EBITDA": 30900000.0,
        "Total Unusual Items": 2700000.0,
        "Total Unusual Items Excluding Goodwill": 2700000.0,
        "Net Income From Continuing Operation Net Minority Interest": 16600000.0,
        "Reconciled Depreciation": 12100000.0,
        "Reconciled Cost Of Revenue": 174100000.0,
        "EBITDA": 33600000.0,
        "EBIT": 21500000.0,
        "Net Interest Income": -1200000.0,
        "Interest Expense": 1200000.0,
        "Interest Income": 0.0,
        "Normalized Income": 14391400.0,
        "Net Income From Continuing And Discontinued Operation": 16600000.0,
        "Total Expenses": 261100000.0,
        "Total Operating Income As Reported": 22800000.0,
        "Diluted Average Shares": 18683798.0,
        "Basic Average Shares": 18507073.0,
        "Diluted EPS": 0.89,
        "Basic EPS": 0.9,
        "Diluted NI Availto Com Stockholders": 16600000.0,
        "Net Income Common Stockholders": 16600000.0,
        "Net Income": 16600000.0,
        "Net Income Including Noncontrolling Interests": 16600000.0,
        "Net Income Continuous Operations": 16600000.0,
        "Tax Provision": 3700000.0,
        "Pretax Income": 20300000.0,
        "Other Income Expense": 2400000.0,
        "Other Non Operating Income Expenses": -300000.0,
        "Special Income Charges": 3700000.0,
        "Gain On Sale Of Ppe": 3700000.0,
        "Gain On Sale Of Security": -1000000.0,
        "Net Non Operating Interest Income Expense": -1200000.0,
        "Interest Expense Non Operating": 1200000.0,
        "Interest Income Non Operating": 0.0,
        "Operating Income": 19100000.0,
        "Operating Expense": 87000000.0,
        "Research And Development": 7900000.0,
        "Selling General And Administration": 79100000.0,
        "Gross Profit": 106100000.0,
        "Cost Of Revenue": 174100000.0,
        "Total Revenue": 280200000.0,
        "Operating Revenue": 280200000.0
    },
    "2022-03-31": {
        "Diluted EPS": 0.55,
        "Total Revenue": 258,
        "Gross Profit": 99,
        "Operating Income": 15,
        "EBIT": 27,
        "Net Income": 10
    },
    "2021-12-31": {
        "Diluted EPS": 0.42,
        "Total Revenue": 276,
        "Gross Profit": 101,
        "Operating Income": 13,
        "EBIT": 27,
        "Net Income": 8
    },
    "2021-09-30": {
        "Diluted EPS": 1.14,
        "Total Revenue": 272,
        "Gross Profit": 109,
        "Operating Income": 24,
        "EBIT": 37,
        "Net Income": 22
    },
    "2021-06-30": {
        "Diluted EPS": 0.51,
        "Total Revenue": 279,
        "Gross Profit": 115,
        "Operating Income": 20,
        "EBIT": 33,
        "Net Income": 10
    },
    "2021-03-31": {
        "Diluted EPS": 1.37,
        "Total Revenue": 263,
        "Gross Profit": 113,
        "Operating Income": 36,
        "EBIT": 50,
        "Net Income": 26
    },
    "2020-12-31": {
        "Diluted EPS": 0.13,
        "Total Revenue": 273,
        "Gross Profit": 112,
        "Operating Income": 8,
        "EBIT": 22,
        "Net Income": 3
    },
    "2020-09-30": {
        "Diluted EPS": 0.63,
        "Total Revenue": 262,
        "Gross Profit": 104,
        "Operating Income": 18,
        "EBIT": 32,
        "Net Income": 12
    },
    "2020-06-30": {
        "Diluted EPS": 0.77,
        "Total Revenue": 214,
        "Gross Profit": 90,
        "Operating Income": 23,
        "EBIT": 36,
        "Net Income": 14
    },
    "2020-03-31": {
        "Diluted EPS": 0.28,
        "Total Revenue": 252,
        "Gross Profit": 103,
        "Operating Income": 14,
        "EBIT": 28,
        "Net Income": 5
    },
    "2019-12-31": {
        "Diluted EPS": 0.59,
        "Total Revenue": 295,
        "Gross Profit": 119,
        "Operating Income": 20,
        "EBIT": 32,
        "Net Income": 11
    },
    "2019-09-30": {
        "Diluted EPS": 0.79,
        "Total Revenue": 281,
        "Gross Profit": 114,
        "Operating Income": 22,
        "EBIT": 35,
        "Net Income": 15
    },
    "2019-06-30": {
        "Diluted EPS": 0.81,
        "Total Revenue": 300,
        "Gross Profit": 121,
        "Operating Income": 20,
        "EBIT": 34,
        "Net Income": 15
    },
    "2019-03-31": {
        "Diluted EPS": 0.29,
        "Total Revenue": 263,
        "Gross Profit": 108,
        "Operating Income": 11,
        "EBIT": 25,
        "Net Income": 5
    },
    "2018-12-31": {
        "Diluted EPS": 0.43,
        "Total Revenue": 285,
        "Gross Profit": 112,
        "Operating Income": 13,
        "EBIT": 27,
        "Net Income": 8
    },
    "2018-09-30": {
        "Diluted EPS": 0.52,
        "Total Revenue": 273,
        "Gross Profit": 107,
        "Operating Income": 15,
        "EBIT": 30,
        "Net Income": 10
    },
    "2018-06-30": {
        "Diluted EPS": 0.69,
        "Total Revenue": 292,
        "Gross Profit": 117,
        "Operating Income": 19,
        "EBIT": 34,
        "Net Income": 13
    },
    "2018-03-31": {
        "Diluted EPS": 0.18,
        "Total Revenue": 273,
        "Gross Profit": 109,
        "Operating Income": 10,
        "EBIT": 25,
        "Net Income": 3
    },
    "2017-12-31": {
        "Diluted EPS": -0.18,
        "Total Revenue": 279,
        "Gross Profit": 111,
        "Operating Income": 15,
        "EBIT": 30,
        "Net Income": -3
    },
    "2017-09-30": {
        "Diluted EPS": 0.2,
        "Total Revenue": 262,
        "Gross Profit": 105,
        "Operating Income": 11,
        "EBIT": 27,
        "Net Income": 4
    },
    "2017-06-30": {
        "Diluted EPS": -0.15,
        "Total Revenue": 271,
        "Gross Profit": 105,
        "Operating Income": 9,
        "EBIT": 20,
        "Net Income": -3
    },
    "2017-03-31": {
        "Diluted EPS": -0.22,
        "Total Revenue": 191,
        "Gross Profit": 80,
        "Operating Income": -3,
        "EBIT": 2,
        "Net Income": -4
    },
    "2016-12-31": {
        "Diluted EPS": 0.85,
        "Total Revenue": 212,
        "Gross Profit": 94,
        "Operating Income": 22,
        "EBIT": 27,
        "Net Income": 15
    },
    "2016-09-30": {
        "Diluted EPS": 0.64,
        "Total Revenue": 200,
        "Gross Profit": 85,
        "Operating Income": 16,
        "EBIT": 21,
        "Net Income": 11
    },
    "2016-06-30": {
        "Diluted EPS": 0.85,
        "Total Revenue": 217,
        "Gross Profit": 95,
        "Operating Income": 23,
        "EBIT": 27,
        "Net Income": 15
    },
    "2016-03-31": {
        "Diluted EPS": 0.25,
        "Total Revenue": 180,
        "Gross Profit": 78,
        "Operating Income": 7,
        "EBIT": 11,
        "Net Income": 4
    },
    "2015-12-31": {
        "Diluted EPS": 0.73,
        "Total Revenue": 206,
        "Gross Profit": 87,
        "Operating Income": 18,
        "EBIT": 22,
        "Net Income": 13
    },
    "2015-09-30": {
        "Diluted EPS": -0.05,
        "Total Revenue": 205,
        "Gross Profit": 89,
        "Operating Income": 5,
        "EBIT": 9,
        "Net Income": -1
    },
    "2015-06-30": {
        "Diluted EPS": 0.79,
        "Total Revenue": 215,
        "Gross Profit": 95,
        "Operating Income": 23,
        "EBIT": 27,
        "Net Income": 15
    },
    "2015-03-31": {
        "Diluted EPS": 0.27,
        "Total Revenue": 186,
        "Gross Profit": 78,
        "Operating Income": 8,
        "EBIT": 13,
        "Net Income": 5
    },
    "2014-12-31": {
        "Diluted EPS": 0.93,
        "Total Revenue": 216,
        "Gross Profit": 93,
        "Operating Income": 23,
        "EBIT": 28,
        "Net Income": 18
    },
    "2014-09-30": {
        "Diluted EPS": 0.63,
        "Total Revenue": 203,
        "Gross Profit": 87,
        "Operating Income": 17,
        "EBIT": 22,
        "Net Income": 12
    },
    "2014-06-30": {
        "Diluted EPS": 0.83,
        "Total Revenue": 219,
        "Gross Profit": 95,
        "Operating Income": 23,
        "EBIT": 28,
        "Net Income": 16
    },
    "2014-03-31": {
        "Diluted EPS": 0.31,
        "Total Revenue": 184,
        "Gross Profit": 77,
        "Operating Income": 9,
        "EBIT": 14,
        "Net Income": 6
    },
    "2013-12-31": {
        "Diluted EPS": 0.55,
        "Total Revenue": 195,
        "Gross Profit": 84,
        "Operating Income": 18,
        "EBIT": 23,
        "Net Income": 10
    },
    "2013-09-30": {
        "Diluted EPS": 0.56,
        "Total Revenue": 189,
        "Gross Profit": 82,
        "Operating Income": 16,
        "EBIT": 21,
        "Net Income": 11
    },
    "2013-06-30": {
        "Diluted EPS": 0.76,
        "Total Revenue": 200,
        "Gross Profit": 88,
        "Operating Income": 22,
        "EBIT": 27,
        "Net Income": 14
    },
    "2013-03-31": {
        "Diluted EPS": 0.27,
        "Total Revenue": 168,
        "Gross Profit": 73,
        "Operating Income": 7,
        "EBIT": 12,
        "Net Income": 5
    },
    "2012-12-31": {
        "Diluted EPS": 0.73,
        "Total Revenue": 188,
        "Gross Profit": 83,
        "Operating Income": 19,
        "EBIT": 25,
        "Net Income": 14
    },
    "2012-09-30": {
        "Diluted EPS": 0.46,
        "Total Revenue": 178,
        "Gross Profit": 78,
        "Operating Income": 14,
        "EBIT": 19,
        "Net Income": 9
    },
    "2012-06-30": {
        "Diluted EPS": 0.71,
        "Total Revenue": 199,
        "Gross Profit": 89,
        "Operating Income": 22,
        "EBIT": 27,
        "Net Income": 14
    },
    "2012-03-31": {
        "Diluted EPS": 0.28,
        "Total Revenue": 174,
        "Gross Profit": 75,
        "Operating Income": 8,
        "EBIT": 14,
        "Net Income": 5
    },
    "2011-12-31": {
        "Diluted EPS": 0.59,
        "Total Revenue": 193,
        "Gross Profit": 84,
        "Operating Income": 15,
        "EBIT": 22,
        "Net Income": 11
    },
    "2011-09-30": {
        "Diluted EPS": 0.5,
        "Total Revenue": 187,
        "Gross Profit": 80,
        "Operating Income": 16,
        "EBIT": 21,
        "Net Income": 10
    },
    "2011-06-30": {
        "Diluted EPS": 0.3,
        "Total Revenue": 201,
        "Gross Profit": 83,
        "Operating Income": 10,
        "EBIT": 15,
        "Net Income": 6
    },
    "2011-03-31": {
        "Diluted EPS": 0.3,
        "Total Revenue": 173,
        "Gross Profit": 72,
        "Operating Income": 8,
        "EBIT": 13,
        "Net Income": 6
    },
    "2010-12-31": {
        "Diluted EPS": 0.88,
        "Total Revenue": 183,
        "Gross Profit": 77,
        "Operating Income": 9,
        "EBIT": 15,
        "Net Income": 17
    },
    "2010-09-30": {
        "Diluted EPS": 0.39,
        "Total Revenue": 169,
        "Gross Profit": 72,
        "Operating Income": 11,
        "EBIT": 16,
        "Net Income": 8
    },
    "2010-06-30": {
        "Diluted EPS": 0.32,
        "Total Revenue": 166,
        "Gross Profit": 72,
        "Operating Income": 11,
        "EBIT": 16,
        "Net Income": 6
    },
    "2010-03-31": {
        "Diluted EPS": 0.21,
        "Total Revenue": 150,
        "Gross Profit": 64,
        "Operating Income": 6,
        "EBIT": 12,
        "Net Income": 4
    },
    "2009-12-31": {
        "Diluted EPS": 0.4,
        "Total Revenue": 164,
        "Gross Profit": 68,
        "Operating Income": 6,
        "EBIT": 12,
        "Net Income": 7
    },
    "2009-09-30": {
        "Diluted EPS": 0.31,
        "Total Revenue": 154,
        "Gross Profit": 65,
        "Operating Income": 8,
        "EBIT": 13,
        "Net Income": 6
    },
    "2009-06-30": {
        "Diluted EPS": 0.16,
        "Total Revenue": 149,
        "Gross Profit": 60,
        "Operating Income": 5,
        "EBIT": 11,
        "Net Income": 3
    },
    "2009-03-31": {
        "Diluted EPS": -2.29,
        "Total Revenue": 129,
        "Gross Profit": 53,
        "Operating Income": -42,
        "EBIT": 8,
        "Net Income": -42
    },
    "2023-06-30": {
        "Tax Effect Of Unusual Items": NaN,
        "Tax Rate For Calcs": NaN,
        "Normalized EBITDA": NaN,
        "Total Unusual Items": NaN,
        "Total Unusual Items Excluding Goodwill": NaN,
        "Net Income From Continuing Operation Net Minority Interest": NaN,
        "Reconciled Depreciation": NaN,
        "Reconciled Cost Of Revenue": NaN,
        "EBITDA": NaN,
        "EBIT": NaN,
        "Net Interest Income": NaN,
        "Interest Expense": NaN,
        "Normalized Income": NaN,
        "Net Income From Continuing And Discontinued Operation": NaN,
        "Total Expenses": NaN,
        "Total Operating Income As Reported": NaN,
        "Diluted Average Shares": 18713455.0,
        "Basic Average Shares": 18436367.0,
        "Diluted EPS": 1.68,
        "Basic EPS": 1.7,
        "Diluted NI Availto Com Stockholders": NaN,
        "Net Income Common Stockholders": NaN,
        "Net Income": NaN,
        "Net Income Including Noncontrolling Interests": NaN,
        "Net Income Continuous Operations": NaN,
        "Tax Provision": NaN,
        "Pretax Income": NaN,
        "Other Income Expense": NaN,
        "Other Non Operating Income Expenses": NaN,
        "Special Income Charges": 0.0,
        "Gain On Sale Of Ppe": 0.0,
        "Gain On Sale Of Security": NaN,
        "Net Non Operating Interest Income Expense": NaN,
        "Interest Expense Non Operating": NaN,
        "Operating Income": NaN,
        "Operating Expense": NaN,
        "Research And Development": NaN,
        "Selling General And Administration": NaN,
        "Gross Profit": NaN,
        "Cost Of Revenue": NaN,
        "Total Revenue": NaN,
        "Operating Revenue": NaN
    },
    "2023-09-30": {
        "Tax Effect Of Unusual Items": NaN,
        "Tax Rate For Calcs": NaN,
        "Normalized EBITDA": NaN,
        "Total Unusual Items": NaN,
        "Total Unusual Items Excluding Goodwill": NaN,
        "Net Income From Continuing Operation Net Minority Interest": NaN,
        "Reconciled Depreciation": NaN,
        "Reconciled Cost Of Revenue": NaN,
        "EBITDA": NaN,
        "EBIT": NaN,
        "Net Interest Income": NaN,
        "Interest Expense": NaN,
        "Normalized Income": NaN,
        "Net Income From Continuing And Discontinued Operation": NaN,
        "Total Expenses": NaN,
        "Total Operating Income As Reported": NaN,
        "Diluted Average Shares": NaN,
        "Basic Average Shares": NaN,
        "Diluted EPS": NaN,
        "Basic EPS": NaN,
        "Diluted NI Availto Com Stockholders": NaN,
        "Net Income Common Stockholders": NaN,
        "Net Income": NaN,
        "Net Income Including Noncontrolling Interests": NaN,
        "Net Income Continuous Operations": NaN,
        "Tax Provision": NaN,
        "Pretax Income": NaN,
        "Other Income Expense": NaN,
        "Other Non Operating Income Expenses": NaN,
        "Special Income Charges": 0.0,
        "Gain On Sale Of Ppe": 0.0,
        "Gain On Sale Of Security": NaN,
        "Net Non Operating Interest Income Expense": NaN,
        "Interest Expense Non Operating": NaN,
        "Operating Income": NaN,
        "Operating Expense": NaN,
        "Research And Development": NaN,
        "Selling General And Administration": NaN,
        "Gross Profit": NaN,
        "Cost Of Revenue": NaN,
        "Total Revenue": NaN,
        "Operating Revenue": NaN
    },
    "2023-12-31": {
        "Tax Effect Of Unusual Items": NaN,
        "Tax Rate For Calcs": NaN,
        "Normalized EBITDA": NaN,
        "Total Unusual Items": NaN,
        "Total Unusual Items Excluding Goodwill": NaN,
        "Net Income From Continuing Operation Net Minority Interest": NaN,
        "Reconciled Depreciation": NaN,
        "Reconciled Cost Of Revenue": NaN,
        "EBITDA": NaN,
        "EBIT": NaN,
        "Net Interest Income": NaN,
        "Interest Expense": NaN,
        "Normalized Income": NaN,
        "Net Income From Continuing And Discontinued Operation": NaN,
        "Total Expenses": NaN,
        "Total Operating Income As Reported": NaN,
        "Diluted Average Shares": NaN,
        "Basic Average Shares": NaN,
        "Diluted EPS": NaN,
        "Basic EPS": NaN,
        "Diluted NI Availto Com Stockholders": NaN,
        "Net Income Common Stockholders": NaN,
        "Net Income": NaN,
        "Net Income Including Noncontrolling Interests": NaN,
        "Net Income Continuous Operations": NaN,
        "Tax Provision": NaN,
        "Pretax Income": NaN,
        "Other Income Expense": NaN,
        "Other Non Operating Income Expenses": NaN,
        "Special Income Charges": 0.0,
        "Gain On Sale Of Ppe": 0.0,
        "Gain On Sale Of Security": NaN,
        "Net Non Operating Interest Income Expense": NaN,
        "Interest Expense Non Operating": NaN,
        "Operating Income": NaN,
        "Operating Expense": NaN,
        "Research And Development": NaN,
        "Selling General And Administration": NaN,
        "Gross Profit": NaN,
        "Cost Of Revenue": NaN,
        "Total Revenue": NaN,
        "Operating Revenue": NaN
    },
    "2024-03-31": {
        "Tax Effect Of Unusual Items": NaN,
        "Tax Rate For Calcs": NaN,
        "Normalized EBITDA": NaN,
        "Total Unusual Items": NaN,
        "Total Unusual Items Excluding Goodwill": NaN,
        "Net Income From Continuing Operation Net Minority Interest": NaN,
        "Reconciled Depreciation": NaN,
        "Reconciled Cost Of Revenue": NaN,
        "EBITDA": NaN,
        "EBIT": NaN,
        "Net Interest Income": NaN,
        "Interest Expense": NaN,
        "Normalized Income": NaN,
        "Net Income From Continuing And Discontinued Operation": NaN,
        "Total Expenses": NaN,
        "Total Operating Income As Reported": NaN,
        "Diluted Average Shares": NaN,
        "Basic Average Shares": NaN,
        "Diluted EPS": NaN,
        "Basic EPS": NaN,
        "Diluted NI Availto Com Stockholders": NaN,
        "Net Income Common Stockholders": NaN,
        "Net Income": NaN,
        "Net Income Including Noncontrolling Interests": NaN,
        "Net Income Continuous Operations": NaN,
        "Tax Provision": NaN,
        "Pretax Income": NaN,
        "Other Income Expense": NaN,
        "Other Non Operating Income Expenses": 100000.0,
        "Gain On Sale Of Security": NaN,
        "Net Non Operating Interest Income Expense": NaN,
        "Interest Expense Non Operating": NaN,
        "Operating Income": NaN,
        "Operating Expense": NaN,
        "Research And Development": NaN,
        "Selling General And Administration": NaN,
        "Gross Profit": NaN,
        "Cost Of Revenue": NaN,
        "Total Revenue": NaN,
        "Operating Revenue": NaN
    },
    "2024-06-30": {
        "Tax Effect Of Unusual Items": NaN,
        "Tax Rate For Calcs": NaN,
        "Normalized EBITDA": NaN,
        "Total Unusual Items": 700000.0,
        "Total Unusual Items Excluding Goodwill": 700000.0,
        "Net Income From Continuing Operation Net Minority Interest": NaN,
        "Reconciled Depreciation": NaN,
        "Reconciled Cost Of Revenue": NaN,
        "EBITDA": NaN,
        "EBIT": NaN,
        "Net Interest Income": NaN,
        "Interest Expense": NaN,
        "Normalized Income": NaN,
        "Net Income From Continuing And Discontinued Operation": NaN,
        "Total Expenses": NaN,
        "Total Operating Income As Reported": NaN,
        "Diluted Average Shares": NaN,
        "Basic Average Shares": NaN,
        "Diluted EPS": NaN,
        "Basic EPS": NaN,
        "Diluted NI Availto Com Stockholders": NaN,
        "Net Income Common Stockholders": NaN,
        "Net Income": NaN,
        "Net Income Including Noncontrolling Interests": NaN,
        "Net Income Continuous Operations": NaN,
        "Tax Provision": NaN,
        "Pretax Income": NaN,
        "Other Income Expense": NaN,
        "Other Non Operating Income Expenses": 100000.0,
        "Gain On Sale Of Security": 700000.0,
        "Net Non Operating Interest Income Expense": NaN,
        "Interest Expense Non Operating": NaN,
        "Operating Income": NaN,
        "Operating Expense": NaN,
        "Research And Development": NaN,
        "Selling General And Administration": NaN,
        "Gross Profit": NaN,
        "Cost Of Revenue": NaN,
        "Total Revenue": NaN,
        "Operating Revenue": NaN
    },
    "2024-12-31": {
        "Tax Effect Of Unusual Items": 0.0,
        "Tax Rate For Calcs": 0.21,
        "Normalized EBITDA": 21000000.0,
        "Total Unusual Items": 0.0,
        "Total Unusual Items Excluding Goodwill": 0.0,
        "Net Income From Continuing Operation Net Minority Interest": 6600000.0,
        "Reconciled Depreciation": 14100000.0,
        "Reconciled Cost Of Revenue": 192900000.0,
        "EBITDA": 21000000.0,
        "EBIT": 6900000.0,
        "Net Interest Income": -1600000.0,
        "Interest Expense": 1600000.0,
        "Normalized Income": 6600000.0,
        "Net Income From Continuing And Discontinued Operation": 6600000.0,
        "Total Expenses": 321300000.0,
        "Total Operating Income As Reported": 7600000.0,
        "Diluted Average Shares": 19044968.0,
        "Basic Average Shares": 18775004.0,
        "Diluted EPS": 0.35,
        "Basic EPS": 0.36,
        "Diluted NI Availto Com Stockholders": 6600000.0,
        "Net Income Common Stockholders": 6600000.0,
        "Net Income": 6600000.0,
        "Net Income Including Noncontrolling Interests": 6600000.0,
        "Net Income Continuous Operations": 6600000.0,
        "Tax Provision": -1300000.0,
        "Pretax Income": 5300000.0,
        "Other Income Expense": -700000.0,
        "Other Non Operating Income Expenses": -700000.0,
        "Gain On Sale Of Security": 0.0,
        "Net Non Operating Interest Income Expense": -1600000.0,
        "Interest Expense Non Operating": 1600000.0,
        "Operating Income": 7600000.0,
        "Operating Expense": 128400000.0,
        "Research And Development": 12000000.0,
        "Selling General And Administration": 116400000.0,
        "Gross Profit": 136000000.0,
        "Cost Of Revenue": 192900000.0,
        "Total Revenue": 328900000.0,
        "Operating Revenue": 328900000.0
    },
    "2024-09-30": {
        "Tax Effect Of Unusual Items": -97600.0,
        "Tax Rate For Calcs": 0.244,
        "Normalized EBITDA": 44300000.0,
        "Total Unusual Items": -400000.0,
        "Total Unusual Items Excluding Goodwill": -400000.0,
        "Net Income From Continuing Operation Net Minority Interest": 20800000.0,
        "Reconciled Depreciation": 13700000.0,
        "Reconciled Cost Of Revenue": 182000000.0,
        "EBITDA": 43900000.0,
        "EBIT": 30200000.0,
        "Net Interest Income": -2700000.0,
        "Interest Expense": 2700000.0,
        "Normalized Income": 21102400.0,
        "Net Income From Continuing And Discontinued Operation": 20800000.0,
        "Total Expenses": 285200000.0,
        "Total Operating Income As Reported": 30600000.0,
        "Diluted Average Shares": 19093873.0,
        "Basic Average Shares": 18810267.0,
        "Diluted EPS": 1.09,
        "Basic EPS": 1.11,
        "Diluted NI Availto Com Stockholders": 20800000.0,
        "Net Income Common Stockholders": 20800000.0,
        "Net Income": 20800000.0,
        "Net Income Including Noncontrolling Interests": 20800000.0,
        "Net Income Continuous Operations": 20800000.0,
        "Tax Provision": 6700000.0,
        "Pretax Income": 27500000.0,
        "Other Income Expense": -400000.0,
        "Other Non Operating Income Expenses": NaN,
        "Gain On Sale Of Security": -400000.0,
        "Net Non Operating Interest Income Expense": -2700000.0,
        "Interest Expense Non Operating": 2700000.0,
        "Operating Income": 30600000.0,
        "Operating Expense": 103200000.0,
        "Research And Development": 10500000.0,
        "Selling General And Administration": 92700000.0,
        "Gross Profit": 133800000.0,
        "Cost Of Revenue": 182000000.0,
        "Total Revenue": 315800000.0,
        "Operating Revenue": 315800000.0
    },
    "2025-03-31": {
        "Tax Effect Of Unusual Items": -47600.0,
        "Tax Rate For Calcs": 0.238,
        "Normalized EBITDA": 33700000.0,
        "Total Unusual Items": -200000.0,
        "Total Unusual Items Excluding Goodwill": -200000.0,
        "Net Income From Continuing Operation Net Minority Interest": 13100000.0,
        "Reconciled Depreciation": 14000000.0,
        "Reconciled Cost Of Revenue": 170000000.0,
        "EBITDA": 33500000.0,
        "EBIT": 19500000.0,
        "Net Interest Income": -2300000.0,
        "Interest Expense": 2300000.0,
        "Normalized Income": 13252400.0,
        "Net Income From Continuing And Discontinued Operation": 13100000.0,
        "Total Expenses": 270400000.0,
        "Total Operating Income As Reported": 19600000.0,
        "Diluted Average Shares": 18960007.0,
        "Basic Average Shares": 18702438.0,
        "Diluted EPS": 0.69,
        "Basic EPS": 0.7,
        "Diluted NI Availto Com Stockholders": 13100000.0,
        "Net Income Common Stockholders": 13100000.0,
        "Net Income": 13100000.0,
        "Net Income Including Noncontrolling Interests": 13100000.0,
        "Net Income Continuous Operations": 13100000.0,
        "Tax Provision": 4100000.0,
        "Pretax Income": 17200000.0,
        "Other Income Expense": -100000.0,
        "Other Non Operating Income Expenses": 100000.0,
        "Gain On Sale Of Security": -200000.0,
        "Net Non Operating Interest Income Expense": -2300000.0,
        "Interest Expense Non Operating": 2300000.0,
        "Operating Income": 19600000.0,
        "Operating Expense": 100400000.0,
        "Research And Development": 9700000.0,
        "Selling General And Administration": 90700000.0,
        "Gross Profit": 120000000.0,
        "Cost Of Revenue": 170000000.0,
        "Total Revenue": 290000000.0,
        "Operating Revenue": 290000000.0
    },
    "2025-06-30": {
        "Tax Effect Of Unusual Items": -208058.608059,
        "Tax Rate For Calcs": 0.260073,
        "Normalized EBITDA": 45000000.0,
        "Total Unusual Items": -800000.0,
        "Total Unusual Items Excluding Goodwill": -800000.0,
        "Net Income From Continuing Operation Net Minority Interest": 20200000.0,
        "Reconciled Depreciation": 14700000.0,
        "Reconciled Cost Of Revenue": 184500000.0,
        "EBITDA": 44200000.0,
        "EBIT": 29500000.0,
        "Net Interest Income": -2200000.0,
        "Interest Expense": 2200000.0,
        "Normalized Income": 20791941.391941,
        "Net Income From Continuing And Discontinued Operation": 20200000.0,
        "Total Expenses": 288000000.0,
        "Total Operating Income As Reported": 30600000.0,
        "Diluted Average Shares": 18687918.0,
        "Basic Average Shares": 18508758.0,
        "Diluted EPS": 1.08,
        "Basic EPS": 1.1,
        "Diluted NI Availto Com Stockholders": 20200000.0,
        "Net Income Common Stockholders": 20200000.0,
        "Net Income": 20200000.0,
        "Net Income Including Noncontrolling Interests": 20200000.0,
        "Net Income Continuous Operations": 20200000.0,
        "Tax Provision": 7100000.0,
        "Pretax Income": 27300000.0,
        "Other Income Expense": -1100000.0,
        "Other Non Operating Income Expenses": -300000.0,
        "Gain On Sale Of Security": -800000.0,
        "Net Non Operating Interest Income Expense": -2200000.0,
        "Interest Expense Non Operating": 2200000.0,
        "Operating Income": 30600000.0,
        "Operating Expense": 103500000.0,
        "Research And Development": 9800000.0,
        "Selling General And Administration": 93700000.0,
        "Gross Profit": 134100000.0,
        "Cost Of Revenue": 184500000.0,
        "Total Revenue": 318600000.0,
        "Operating Revenue": 318600000.0
    },
    "2025-09-30": {
        "Tax Effect Of Unusual Items": 0.0,
        "Tax Rate For Calcs": 0.231959,
        "Normalized EBITDA": 36500000.0,
        "Total Unusual Items": NaN,
        "Total Unusual Items Excluding Goodwill": NaN,
        "Net Income From Continuing Operation Net Minority Interest": 14900000.0,
        "Reconciled Depreciation": 14700000.0,
        "Reconciled Cost Of Revenue": 173900000.0,
        "EBITDA": 36500000.0,
        "EBIT": 21800000.0,
        "Net Interest Income": -2400000.0,
        "Interest Expense": 2400000.0,
        "Normalized Income": 14900000.0,
        "Net Income From Continuing And Discontinued Operation": 14900000.0,
        "Total Expenses": 281000000.0,
        "Total Operating Income As Reported": 22300000.0,
        "Diluted Average Shares": 18547724.0,
        "Basic Average Shares": 18314488.0,
        "Diluted EPS": 0.8,
        "Basic EPS": 0.81,
        "Diluted NI Availto Com Stockholders": 14900000.0,
        "Net Income Common Stockholders": 14900000.0,
        "Net Income": 14900000.0,
        "Net Income Including Noncontrolling Interests": 14900000.0,
        "Net Income Continuous Operations": 14900000.0,
        "Tax Provision": 4500000.0,
        "Pretax Income": 19400000.0,
        "Other Income Expense": -500000.0,
        "Other Non Operating Income Expenses": -500000.0,
        "Gain On Sale Of Security": NaN,
        "Net Non Operating Interest Income Expense": -2400000.0,
        "Interest Expense Non Operating": 2400000.0,
        "Operating Income": 22300000.0,
        "Operating Expense": 107100000.0,
        "Research And Development": 10500000.0,
        "Selling General And Administration": 96600000.0,
        "Gross Profit": 129400000.0,
        "Cost Of Revenue": 173900000.0,
        "Total Revenue": 303300000.0,
        "Operating Revenue": 303300000.0
    }
}