{
    "2023-03-31": {
        "Tax Effect Of Unusual Items": NaN,
        "Tax Rate For Calcs": NaN,
        "Normalized EBITDA": NaN,
        "Total Unusual Items": NaN,
        "Total Unusual Items Excluding Goodwill": NaN,
        "Net Income From Continuing Operation Net Minority Interest": NaN,
        "Reconciled Depreciation": NaN,
        "Reconciled Cost Of Revenue": NaN,
        "EBITDA": NaN,
        "EBIT": NaN,
        "Net Interest Income": NaN,
        "Interest Expense": NaN,
        "Interest Income": NaN,
        "Normalized Income": NaN,
        "Net Income From Continuing And Discontinued Operation": NaN,
        "Total Expenses": NaN,
        "Total Operating Income As Reported": NaN,
        "Diluted Average Shares": NaN,
        "Basic Average Shares": NaN,
        "Diluted EPS": NaN,
        "Basic EPS": NaN,
        "Diluted NI Availto Com Stockholders": NaN,
        "Net Income Common Stockholders": NaN,
        "Net Income": NaN,
        "Net Income Including Noncontrolling Interests": NaN,
        "Net Income Continuous Operations": NaN,
        "Tax Provision": NaN,
        "Pretax Income": NaN,
        "Other Income Expense": NaN,
        "Special Income Charges": NaN,
        "Other Special Charges": NaN,
        "Restructuring And Mergern Acquisition": NaN,
        "Net Non Operating Interest Income Expense": NaN,
        "Total Other Finance Cost": 556000.0,
        "Interest Expense Non Operating": NaN,
        "Interest Income Non Operating": NaN,
        "Operating Income": NaN,
        "Operating Expense": NaN,
        "Research And Development": NaN,
        "Selling General And Administration": NaN,
        "Gross Profit": NaN,
        "Cost Of Revenue": NaN,
        "Total Revenue": NaN,
        "Operating Revenue": NaN
    },
    "2022-12-31": {
        "Tax Effect Of Unusual Items": NaN,
        "Tax Rate For Calcs": NaN,
        "Normalized EBITDA": NaN,
        "Total Unusual Items": NaN,
        "Total Unusual Items Excluding Goodwill": NaN,
        "Net Income From Continuing Operation Net Minority Interest": NaN,
        "Reconciled Depreciation": NaN,
        "Reconciled Cost Of Revenue": NaN,
        "EBITDA": NaN,
        "EBIT": NaN,
        "Net Interest Income": NaN,
        "Interest Expense": NaN,
        "Interest Income": NaN,
        "Normalized Income": NaN,
        "Net Income From Continuing And Discontinued Operation": NaN,
        "Total Expenses": NaN,
        "Total Operating Income As Reported": NaN,
        "Diluted Average Shares": NaN,
        "Basic Average Shares": NaN,
        "Diluted EPS": NaN,
        "Basic EPS": NaN,
        "Diluted NI Availto Com Stockholders": NaN,
        "Net Income Common Stockholders": NaN,
        "Net Income": NaN,
        "Net Income Including Noncontrolling Interests": NaN,
        "Net Income Continuous Operations": NaN,
        "Tax Provision": NaN,
        "Pretax Income": NaN,
        "Other Income Expense": 44000.0,
        "Special Income Charges": NaN,
        "Other Special Charges": NaN,
        "Restructuring And Mergern Acquisition": NaN,
        "Gain On Sale Of Security": 44000.0,
        "Net Non Operating Interest Income Expense": NaN,
        "Total Other Finance Cost": 501000.0,
        "Interest Expense Non Operating": NaN,
        "Interest Income Non Operating": NaN,
        "Operating Income": NaN,
        "Operating Expense": NaN,
        "Research And Development": NaN,
        "Selling General And Administration": NaN,
        "Gross Profit": NaN,
        "Cost Of Revenue": NaN,
        "Total Revenue": NaN,
        "Operating Revenue": NaN
    },
    "2022-09-30": {
        "Tax Effect Of Unusual Items": NaN,
        "Tax Rate For Calcs": NaN,
        "Normalized EBITDA": NaN,
        "Total Unusual Items": NaN,
        "Total Unusual Items Excluding Goodwill": NaN,
        "Net Income From Continuing Operation Net Minority Interest": NaN,
        "Reconciled Depreciation": NaN,
        "Reconciled Cost Of Revenue": NaN,
        "EBITDA": NaN,
        "EBIT": NaN,
        "Net Interest Income": NaN,
        "Interest Expense": NaN,
        "Interest Income": NaN,
        "Normalized Income": NaN,
        "Net Income From Continuing And Discontinued Operation": NaN,
        "Total Expenses": NaN,
        "Total Operating Income As Reported": NaN,
        "Diluted Average Shares": NaN,
        "Basic Average Shares": NaN,
        "Diluted EPS": NaN,
        "Basic EPS": NaN,
        "Diluted NI Availto Com Stockholders": NaN,
        "Net Income Common Stockholders": NaN,
        "Net Income": NaN,
        "Net Income Including Noncontrolling Interests": NaN,
        "Net Income Continuous Operations": NaN,
        "Tax Provision": NaN,
        "Pretax Income": NaN,
        "Other Income Expense": -31016000.0,
        "Special Income Charges": NaN,
        "Other Special Charges": 31016000.0,
        "Restructuring And Mergern Acquisition": NaN,
        "Gain On Sale Of Security": 12000.0,
        "Net Non Operating Interest Income Expense": NaN,
        "Total Other Finance Cost": NaN,
        "Interest Expense Non Operating": NaN,
        "Interest Income Non Operating": NaN,
        "Operating Income": NaN,
        "Operating Expense": NaN,
        "Research And Development": NaN,
        "Selling General And Administration": NaN,
        "Gross Profit": NaN,
        "Cost Of Revenue": NaN,
        "Total Revenue": NaN,
        "Operating Revenue": NaN
    },
    "2022-06-30": {
        "Tax Effect Of Unusual Items": 22800.0,
        "Tax Rate For Calcs": 0.4,
        "Normalized EBITDA": -8376000.0,
        "Total Unusual Items": 57000.0,
        "Total Unusual Items Excluding Goodwill": 57000.0,
        "Net Income From Continuing Operation Net Minority Interest": -15056000.0,
        "Reconciled Depreciation": 3553000.0,
        "Reconciled Cost Of Revenue": 98316000.0,
        "EBITDA": -8319000.0,
        "EBIT": -11872000.0,
        "Net Interest Income": -767000.0,
        "Interest Expense": 1078000.0,
        "Interest Income": 769000.0,
        "Normalized Income": -15090200.0,
        "Net Income From Continuing And Discontinued Operation": -15056000.0,
        "Total Expenses": 212501000.0,
        "Total Operating Income As Reported": -12239000.0,
        "Diluted Average Shares": 64078000.0,
        "Basic Average Shares": 64077000.0,
        "Diluted EPS": -0.24,
        "Basic EPS": -0.23,
        "Diluted NI Availto Com Stockholders": -15056000.0,
        "Net Income Common Stockholders": -15056000.0,
        "Net Income": -15056000.0,
        "Net Income Including Noncontrolling Interests": -15056000.0,
        "Net Income Continuous Operations": -15056000.0,
        "Tax Provision": 2106000.0,
        "Pretax Income": -12950000.0,
        "Other Income Expense": 57000.0,
        "Other Non Operating Income Expenses": NaN,
        "Special Income Charges": NaN,
        "Other Special Charges": NaN,
        "Restructuring And Mergern Acquisition": NaN,
        "Gain On Sale Of Security": 57000.0,
        "Net Non Operating Interest Income Expense": -767000.0,
        "Total Other Finance Cost": 458000.0,
        "Interest Expense Non Operating": 1078000.0,
        "Interest Income Non Operating": 769000.0,
        "Operating Income": -12239000.0,
        "Operating Expense": 114185000.0,
        "Research And Development": 33571000.0,
        "Selling General And Administration": 80614000.0,
        "Gross Profit": 101946000.0,
        "Cost Of Revenue": 98316000.0,
        "Total Revenue": 200262000.0,
        "Operating Revenue": 200262000.0
    },
    "2023-06-30": {
        "Tax Effect Of Unusual Items": NaN,
        "Tax Rate For Calcs": NaN,
        "Normalized EBITDA": NaN,
        "Total Unusual Items": NaN,
        "Total Unusual Items Excluding Goodwill": NaN,
        "Net Income From Continuing Operation Net Minority Interest": NaN,
        "Reconciled Depreciation": NaN,
        "Reconciled Cost Of Revenue": NaN,
        "EBITDA": NaN,
        "EBIT": NaN,
        "Net Interest Income": NaN,
        "Interest Expense": NaN,
        "Interest Income": NaN,
        "Normalized Income": NaN,
        "Net Income From Continuing And Discontinued Operation": NaN,
        "Total Expenses": NaN,
        "Total Operating Income As Reported": NaN,
        "Diluted Average Shares": NaN,
        "Basic Average Shares": NaN,
        "Diluted EPS": NaN,
        "Basic EPS": NaN,
        "Diluted NI Availto Com Stockholders": NaN,
        "Net Income Common Stockholders": NaN,
        "Net Income": NaN,
        "Net Income Including Noncontrolling Interests": NaN,
        "Net Income Continuous Operations": NaN,
        "Tax Provision": NaN,
        "Pretax Income": NaN,
        "Other Income Expense": NaN,
        "Special Income Charges": NaN,
        "Other Special Charges": NaN,
        "Restructuring And Mergern Acquisition": 0.0,
        "Net Non Operating Interest Income Expense": NaN,
        "Total Other Finance Cost": NaN,
        "Interest Expense Non Operating": NaN,
        "Interest Income Non Operating": NaN,
        "Operating Income": NaN,
        "Operating Expense": NaN,
        "Research And Development": NaN,
        "Selling General And Administration": NaN,
        "Gross Profit": NaN,
        "Cost Of Revenue": NaN,
        "Total Revenue": NaN,
        "Operating Revenue": NaN
    },
    "2022-03-31": {
        "Diluted EPS": -0.23,
        "Total Revenue": 176,
        "Gross Profit": 91,
        "Operating Income": -15,
        "EBIT": -11,
        "Net Income": -15
    },
    "2021-12-31": {
        "Diluted EPS": 0.17,
        "Total Revenue": 210,
        "Gross Profit": 114,
        "Operating Income": 13,
        "EBIT": 17,
        "Net Income": 11
    },
    "2021-09-30": {
        "Diluted EPS": 0.09,
        "Total Revenue": 180,
        "Gross Profit": 97,
        "Operating Income": 8,
        "EBIT": 12,
        "Net Income": 6
    },
    "2021-06-30": {
        "Diluted EPS": 0.06,
        "Total Revenue": 172,
        "Gross Profit": 92,
        "Operating Income": 5,
        "EBIT": 9,
        "Net Income": 4
    },
    "2021-03-31": {
        "Diluted EPS": -0.08,
        "Total Revenue": 141,
        "Gross Profit": 73,
        "Operating Income": -3,
        "EBIT": 1,
        "Net Income": -5
    },
    "2020-12-31": {
        "Diluted EPS": 0.29,
        "Total Revenue": 168,
        "Gross Profit": 91,
        "Operating Income": 19,
        "EBIT": 26,
        "Net Income": 17
    },
    "2020-09-30": {
        "Diluted EPS": -0.15,
        "Total Revenue": 124,
        "Gross Profit": 65,
        "Operating Income": -1,
        "EBIT": 5,
        "Net Income": -9
    },
    "2020-06-30": {
        "Diluted EPS": -0.45,
        "Total Revenue": 109,
        "Gross Profit": 54,
        "Operating Income": -12,
        "EBIT": -8,
        "Net Income": -27
    },
    "2020-03-31": {
        "Diluted EPS": -0.25,
        "Total Revenue": 98,
        "Gross Profit": 50,
        "Operating Income": -14,
        "EBIT": -12,
        "Net Income": -15
    },
    "2019-12-31": {
        "Diluted EPS": 0.1,
        "Total Revenue": 108,
        "Gross Profit": 60,
        "Operating Income": 2,
        "EBIT": 4,
        "Net Income": 3
    },
    "2019-09-30": {
        "Diluted EPS": -0.09,
        "Total Revenue": 95,
        "Gross Profit": 51,
        "Operating Income": -6,
        "EBIT": -5,
        "Net Income": -3
    },
    "2019-06-30": {
        "Diluted EPS": -0.03,
        "Total Revenue": 93,
        "Gross Profit": 50,
        "Operating Income": -2,
        "EBIT": 0,
        "Net Income": -2
    },
    "2019-03-31": {
        "Diluted EPS": -0.4,
        "Total Revenue": 66,
        "Gross Profit": 33,
        "Operating Income": -11,
        "EBIT": -10,
        "Net Income": -23
    },
    "2018-12-31": {
        "Diluted EPS": 1.06,
        "Total Revenue": 76,
        "Gross Profit": 42,
        "Operating Income": 1,
        "EBIT": 4,
        "Net Income": 4
    },
    "2018-09-30": {
        "Diluted EPS": -0.62,
        "Total Revenue": 46,
        "Gross Profit": 22,
        "Operating Income": -16,
        "EBIT": -14,
        "Net Income": -34
    },
    "2018-06-30": {
        "Diluted EPS": -1.17,
        "Total Revenue": 34,
        "Gross Profit": 15,
        "Operating Income": -14,
        "EBIT": -12,
        "Net Income": -59
    },
    "2018-03-31": {
        "Diluted EPS": -1.82,
        "Total Revenue": 27,
        "Gross Profit": 11,
        "Operating Income": -15,
        "EBIT": -14,
        "Net Income": -33
    },
    "2017-12-31": {
        "Diluted EPS": 2.04,
        "Total Revenue": 40,
        "Gross Profit": 17,
        "Operating Income": -10,
        "EBIT": -7,
        "Net Income": -11
    },
    "2017-09-30": {
        "Diluted EPS": -3.09,
        "Total Revenue": 27,
        "Gross Profit": 12,
        "Operating Income": -13,
        "EBIT": -11,
        "Net Income": -16
    },
    "2017-06-30": {
        "Diluted EPS": -4.36,
        "Total Revenue": 21,
        "Gross Profit": 8,
        "Operating Income": -19,
        "EBIT": -17,
        "Net Income": -22
    },
    "2017-03-31": {
        "Diluted EPS": -7.46,
        "Total Revenue": 19,
        "Gross Profit": 7,
        "Operating Income": -21,
        "EBIT": -20,
        "Net Income": -24
    },
    "2016-12-31": {
        "Diluted EPS": -4.77,
        "Total Revenue": 29,
        "Gross Profit": 10,
        "Operating Income": -13,
        "EBIT": -12,
        "Net Income": -15
    },
    "2016-09-30": {
        "Diluted EPS": -9.73,
        "Total Revenue": 12,
        "Gross Profit": -2,
        "Operating Income": -28,
        "EBIT": -27,
        "Net Income": -30
    },
    "2016-06-30": {
        "Diluted EPS": -6.0,
        "Total Revenue": 23,
        "Gross Profit": 8,
        "Operating Income": -17,
        "EBIT": -16,
        "Net Income": -18
    },
    "2016-03-31": {
        "Diluted EPS": -6.8,
        "Total Revenue": 20,
        "Gross Profit": 7,
        "Operating Income": -19,
        "EBIT": -18,
        "Net Income": -20
    },
    "2015-12-31": {
        "Diluted EPS": -3.74,
        "Total Revenue": 29,
        "Gross Profit": 13,
        "Operating Income": -11,
        "EBIT": -10,
        "Net Income": -12
    },
    "2015-09-30": {
        "Diluted EPS": -6.5,
        "Total Revenue": 16,
        "Gross Profit": 6,
        "Operating Income": -19,
        "EBIT": -17,
        "Net Income": -20
    },
    "2015-06-30": {
        "Diluted EPS": -6.5,
        "Total Revenue": 16,
        "Gross Profit": 5,
        "Operating Income": -19,
        "EBIT": -17,
        "Net Income": -20
    },
    "2015-03-31": {
        "Diluted EPS": -8.3,
        "Total Revenue": 12,
        "Gross Profit": 3,
        "Operating Income": -20,
        "EBIT": -19,
        "Net Income": -21
    },
    "2014-12-31": {
        "Diluted EPS": -7.8,
        "Total Revenue": 18,
        "Gross Profit": 7,
        "Operating Income": -18,
        "EBIT": -16,
        "Net Income": -18
    },
    "2014-09-30": {
        "Diluted EPS": -8.5,
        "Total Revenue": 14,
        "Gross Profit": 4,
        "Operating Income": -19,
        "EBIT": -18,
        "Net Income": -20
    },
    "2014-06-30": {
        "Diluted EPS": -8.3,
        "Total Revenue": 10,
        "Gross Profit": 3,
        "Operating Income": -18,
        "EBIT": -17,
        "Net Income": -19
    },
    "2014-03-31": {
        "Diluted EPS": -9.6,
        "Total Revenue": 8,
        "Gross Profit": 1,
        "Operating Income": -21,
        "EBIT": -20,
        "Net Income": -22
    },
    "2013-12-31": {
        "Diluted EPS": NaN,
        "Total Revenue": 10,
        "Gross Profit": 1,
        "Operating Income": -16,
        "EBIT": -16,
        "Net Income": -24
    },
    "2013-09-30": {
        "Diluted EPS": -609.6,
        "Total Revenue": 8,
        "Gross Profit": 3,
        "Operating Income": -12,
        "EBIT": -11,
        "Net Income": -13
    },
    "2013-06-30": {
        "Diluted EPS": -725.0,
        "Total Revenue": 6,
        "Gross Profit": 0,
        "Operating Income": -14,
        "EBIT": -13,
        "Net Income": -15
    },
    "2013-03-31": {
        "Diluted EPS": -537.7,
        "Total Revenue": 5,
        "Gross Profit": 2,
        "Operating Income": -7,
        "EBIT": -6,
        "Net Income": -11
    },
    "2012-12-31": {
        "Diluted EPS": 0.0,
        "Total Revenue": NaN,
        "Gross Profit": NaN,
        "Operating Income": NaN,
        "EBIT": NaN,
        "Net Income": NaN
    },
    "2012-09-30": {
        "Diluted EPS": 0.0,
        "Total Revenue": NaN,
        "Gross Profit": NaN,
        "Operating Income": NaN,
        "EBIT": 1,
        "Net Income": NaN
    },
    "2012-06-30": {
        "Diluted EPS": 0.0,
        "Total Revenue": NaN,
        "Gross Profit": NaN,
        "Operating Income": NaN,
        "EBIT": NaN,
        "Net Income": NaN
    },
    "2011-12-31": {
        "Diluted EPS": 0.0,
        "Total Revenue": NaN,
        "Gross Profit": NaN,
        "Operating Income": NaN,
        "EBIT": NaN,
        "Net Income": NaN
    },
    "2023-09-30": {
        "Tax Effect Of Unusual Items": NaN,
        "Tax Rate For Calcs": NaN,
        "Normalized EBITDA": NaN,
        "Total Unusual Items": NaN,
        "Total Unusual Items Excluding Goodwill": NaN,
        "Net Income From Continuing Operation Net Minority Interest": NaN,
        "Reconciled Depreciation": NaN,
        "Reconciled Cost Of Revenue": NaN,
        "EBITDA": NaN,
        "EBIT": NaN,
        "Net Interest Income": NaN,
        "Interest Expense": NaN,
        "Interest Income": NaN,
        "Normalized Income": NaN,
        "Net Income From Continuing And Discontinued Operation": NaN,
        "Total Expenses": NaN,
        "Total Operating Income As Reported": NaN,
        "Diluted Average Shares": NaN,
        "Basic Average Shares": NaN,
        "Diluted EPS": NaN,
        "Basic EPS": NaN,
        "Diluted NI Availto Com Stockholders": NaN,
        "Net Income Common Stockholders": NaN,
        "Net Income": NaN,
        "Net Income Including Noncontrolling Interests": NaN,
        "Net Income Continuous Operations": NaN,
        "Tax Provision": NaN,
        "Pretax Income": NaN,
        "Other Income Expense": NaN,
        "Special Income Charges": NaN,
        "Other Special Charges": NaN,
        "Earnings From Equity Interest": NaN,
        "Net Non Operating Interest Income Expense": NaN,
        "Total Other Finance Cost": 702000.0,
        "Interest Expense Non Operating": NaN,
        "Interest Income Non Operating": NaN,
        "Operating Income": NaN,
        "Operating Expense": NaN,
        "Research And Development": NaN,
        "Selling General And Administration": NaN,
        "Gross Profit": NaN,
        "Cost Of Revenue": NaN,
        "Total Revenue": NaN,
        "Operating Revenue": NaN
    },
    "2023-12-31": {
        "Tax Effect Of Unusual Items": NaN,
        "Tax Rate For Calcs": NaN,
        "Normalized EBITDA": NaN,
        "Total Unusual Items": NaN,
        "Total Unusual Items Excluding Goodwill": NaN,
        "Net Income From Continuing Operation Net Minority Interest": NaN,
        "Reconciled Depreciation": NaN,
        "Reconciled Cost Of Revenue": NaN,
        "EBITDA": NaN,
        "EBIT": NaN,
        "Net Interest Income": NaN,
        "Interest Expense": NaN,
        "Interest Income": NaN,
        "Normalized Income": NaN,
        "Net Income From Continuing And Discontinued Operation": NaN,
        "Total Expenses": NaN,
        "Total Operating Income As Reported": NaN,
        "Diluted Average Shares": NaN,
        "Basic Average Shares": NaN,
        "Diluted EPS": NaN,
        "Basic EPS": NaN,
        "Diluted NI Availto Com Stockholders": NaN,
        "Net Income Common Stockholders": NaN,
        "Net Income": NaN,
        "Net Income Including Noncontrolling Interests": NaN,
        "Net Income Continuous Operations": NaN,
        "Tax Provision": NaN,
        "Pretax Income": NaN,
        "Other Income Expense": 0.0,
        "Special Income Charges": NaN,
        "Other Special Charges": 0.0,
        "Earnings From Equity Interest": NaN,
        "Net Non Operating Interest Income Expense": NaN,
        "Total Other Finance Cost": 92000.0,
        "Interest Expense Non Operating": NaN,
        "Interest Income Non Operating": NaN,
        "Operating Income": NaN,
        "Operating Expense": NaN,
        "Research And Development": NaN,
        "Selling General And Administration": NaN,
        "Gross Profit": NaN,
        "Cost Of Revenue": NaN,
        "Total Revenue": NaN,
        "Operating Revenue": NaN
    },
    "2024-03-31": {
        "Tax Effect Of Unusual Items": -266280.0,
        "Tax Rate For Calcs": 0.21,
        "Normalized EBITDA": -32788000.0,
        "Total Unusual Items": -1268000.0,
        "Total Unusual Items Excluding Goodwill": -1268000.0,
        "Net Income From Continuing Operation Net Minority Interest": -42715000.0,
        "Reconciled Depreciation": 4043000.0,
        "Reconciled Cost Of Revenue": 97002000.0,
        "EBITDA": -34056000.0,
        "EBIT": -38099000.0,
        "Net Interest Income": 3417000.0,
        "Interest Expense": 1430000.0,
        "Interest Income": 5314000.0,
        "Normalized Income": -41713280.0,
        "Net Income From Continuing And Discontinued Operation": -42715000.0,
        "Total Expenses": 233352000.0,
        "Total Operating Income As Reported": -41678000.0,
        "Diluted Average Shares": 65326000.0,
        "Basic Average Shares": 65326000.0,
        "Diluted EPS": -0.65,
        "Basic EPS": -0.65,
        "Diluted NI Availto Com Stockholders": -42715000.0,
        "Net Income Common Stockholders": -42715000.0,
        "Net Income": -42715000.0,
        "Net Income Including Noncontrolling Interests": -42715000.0,
        "Net Income Continuous Operations": -42715000.0,
        "Tax Provision": 3186000.0,
        "Pretax Income": -39529000.0,
        "Other Income Expense": -1268000.0,
        "Special Income Charges": -1268000.0,
        "Other Special Charges": 1268000.0,
        "Earnings From Equity Interest": 0.0,
        "Net Non Operating Interest Income Expense": 3417000.0,
        "Total Other Finance Cost": 467000.0,
        "Interest Expense Non Operating": 1430000.0,
        "Interest Income Non Operating": 5314000.0,
        "Operating Income": -41678000.0,
        "Operating Expense": 136350000.0,
        "Research And Development": 46244000.0,
        "Selling General And Administration": 90106000.0,
        "Gross Profit": 94672000.0,
        "Cost Of Revenue": 97002000.0,
        "Total Revenue": 191674000.0,
        "Operating Revenue": 191674000.0
    },
    "2024-06-30": {
        "Tax Effect Of Unusual Items": 0.0,
        "Tax Rate For Calcs": 0.21,
        "Normalized EBITDA": -23842000.0,
        "Total Unusual Items": 0.0,
        "Total Unusual Items Excluding Goodwill": 0.0,
        "Net Income From Continuing Operation Net Minority Interest": -30814000.0,
        "Reconciled Depreciation": 4108000.0,
        "Reconciled Cost Of Revenue": 109116000.0,
        "EBITDA": -23842000.0,
        "EBIT": -27950000.0,
        "Net Interest Income": 1031000.0,
        "Interest Expense": 1793000.0,
        "Interest Income": 2824000.0,
        "Normalized Income": -30814000.0,
        "Net Income From Continuing And Discontinued Operation": -30814000.0,
        "Total Expenses": 252684000.0,
        "Total Operating Income As Reported": -30774000.0,
        "Diluted Average Shares": 64994000.0,
        "Basic Average Shares": 64994000.0,
        "Diluted EPS": -0.47,
        "Basic EPS": -0.47,
        "Diluted NI Availto Com Stockholders": -30814000.0,
        "Net Income Common Stockholders": -30814000.0,
        "Net Income": -30814000.0,
        "Net Income Including Noncontrolling Interests": -30814000.0,
        "Net Income Continuous Operations": -30814000.0,
        "Tax Provision": 1071000.0,
        "Pretax Income": -29743000.0,
        "Other Income Expense": NaN,
        "Special Income Charges": 0.0,
        "Other Special Charges": NaN,
        "Earnings From Equity Interest": NaN,
        "Net Non Operating Interest Income Expense": 1031000.0,
        "Total Other Finance Cost": NaN,
        "Interest Expense Non Operating": 1793000.0,
        "Interest Income Non Operating": 2824000.0,
        "Operating Income": -30774000.0,
        "Operating Expense": 143568000.0,
        "Research And Development": 49326000.0,
        "Selling General And Administration": 94242000.0,
        "Gross Profit": 112794000.0,
        "Cost Of Revenue": 109116000.0,
        "Total Revenue": 221910000.0,
        "Operating Revenue": 221910000.0
    },
    "2024-09-30": {
        "Tax Effect Of Unusual Items": 0.0,
        "Tax Rate For Calcs": 0.21,
        "Normalized EBITDA": -16538000.0,
        "Total Unusual Items": 0.0,
        "Total Unusual Items Excluding Goodwill": 0.0,
        "Net Income From Continuing Operation Net Minority Interest": -23251000.0,
        "Reconciled Depreciation": 4211000.0,
        "Reconciled Cost Of Revenue": 119318000.0,
        "EBITDA": -16538000.0,
        "EBIT": -20749000.0,
        "Net Interest Income": 3479000.0,
        "Interest Expense": 1865000.0,
        "Interest Income": 5344000.0,
        "Normalized Income": -23251000.0,
        "Net Income From Continuing And Discontinued Operation": -23251000.0,
        "Total Expenses": 270064000.0,
        "Total Operating Income As Reported": -26093000.0,
        "Diluted Average Shares": 65538000.0,
        "Basic Average Shares": 65538000.0,
        "Diluted EPS": -0.35,
        "Basic EPS": -0.35,
        "Diluted NI Availto Com Stockholders": -23251000.0,
        "Net Income Common Stockholders": -23251000.0,
        "Net Income": -23251000.0,
        "Net Income Including Noncontrolling Interests": -23251000.0,
        "Net Income Continuous Operations": -23251000.0,
        "Tax Provision": 637000.0,
        "Pretax Income": -22614000.0,
        "Other Income Expense": NaN,
        "Special Income Charges": 0.0,
        "Other Special Charges": NaN,
        "Earnings From Equity Interest": NaN,
        "Net Non Operating Interest Income Expense": 3479000.0,
        "Total Other Finance Cost": NaN,
        "Interest Expense Non Operating": 1865000.0,
        "Interest Income Non Operating": 5344000.0,
        "Operating Income": -26093000.0,
        "Operating Expense": 150746000.0,
        "Research And Development": 51107000.0,
        "Selling General And Administration": 99639000.0,
        "Gross Profit": 124653000.0,
        "Cost Of Revenue": 119318000.0,
        "Total Revenue": 243971000.0,
        "Operating Revenue": 243971000.0
    },
    "2024-12-31": {
        "Tax Effect Of Unusual Items": 0.0,
        "Tax Rate For Calcs": 0.21,
        "Normalized EBITDA": 4215000.0,
        "Total Unusual Items": 0.0,
        "Total Unusual Items Excluding Goodwill": 0.0,
        "Net Income From Continuing Operation Net Minority Interest": 755000.0,
        "Reconciled Depreciation": 4245000.0,
        "Reconciled Cost Of Revenue": 125193000.0,
        "EBITDA": 4215000.0,
        "EBIT": -30000.0,
        "Net Interest Income": 2651000.0,
        "Interest Expense": -46000.0,
        "Interest Income": 4511000.0,
        "Normalized Income": 755000.0,
        "Net Income From Continuing And Discontinued Operation": 755000.0,
        "Total Expenses": 283230000.0,
        "Total Operating Income As Reported": -582000.0,
        "Diluted Average Shares": 66157000.0,
        "Basic Average Shares": 65939000.0,
        "Diluted EPS": 0.01,
        "Basic EPS": 0.01,
        "Diluted NI Availto Com Stockholders": 755000.0,
        "Net Income Common Stockholders": 755000.0,
        "Net Income": 755000.0,
        "Net Income Including Noncontrolling Interests": 755000.0,
        "Net Income Continuous Operations": 755000.0,
        "Tax Provision": -739000.0,
        "Pretax Income": 16000.0,
        "Other Income Expense": -2053000.0,
        "Special Income Charges": 0.0,
        "Other Special Charges": 0.0,
        "Earnings From Equity Interest": NaN,
        "Net Non Operating Interest Income Expense": 2651000.0,
        "Total Other Finance Cost": NaN,
        "Interest Expense Non Operating": -46000.0,
        "Interest Income Non Operating": 4511000.0,
        "Operating Income": -582000.0,
        "Operating Expense": 158037000.0,
        "Research And Development": 52200000.0,
        "Selling General And Administration": 105837000.0,
        "Gross Profit": 157455000.0,
        "Cost Of Revenue": 125193000.0,
        "Total Revenue": 282648000.0,
        "Operating Revenue": 282648000.0
    },
    "2025-03-31": {
        "Tax Effect Of Unusual Items": 0.0,
        "Tax Rate For Calcs": 0.4,
        "Normalized EBITDA": -116421000.0,
        "Total Unusual Items": 0.0,
        "Total Unusual Items Excluding Goodwill": 0.0,
        "Net Income From Continuing Operation Net Minority Interest": -130556000.0,
        "Reconciled Depreciation": 4311000.0,
        "Reconciled Cost Of Revenue": 116015000.0,
        "EBITDA": -116421000.0,
        "EBIT": -120732000.0,
        "Net Interest Income": 2331000.0,
        "Interest Expense": 1357000.0,
        "Interest Income": 4193000.0,
        "Normalized Income": -130556000.0,
        "Net Income From Continuing And Discontinued Operation": -130556000.0,
        "Total Expenses": 355300000.0,
        "Total Operating Income As Reported": -120878000.0,
        "Diluted Average Shares": 66404000.0,
        "Basic Average Shares": 66404000.0,
        "Diluted EPS": -1.97,
        "Basic EPS": -1.97,
        "Diluted NI Availto Com Stockholders": -130556000.0,
        "Net Income Common Stockholders": -130556000.0,
        "Net Income": -130556000.0,
        "Net Income Including Noncontrolling Interests": -130556000.0,
        "Net Income Continuous Operations": -130556000.0,
        "Tax Provision": 8467000.0,
        "Pretax Income": -122089000.0,
        "Other Income Expense": -3542000.0,
        "Special Income Charges": 0.0,
        "Other Special Charges": NaN,
        "Earnings From Equity Interest": -3542000.0,
        "Net Non Operating Interest Income Expense": 2331000.0,
        "Total Other Finance Cost": 505000.0,
        "Interest Expense Non Operating": 1357000.0,
        "Interest Income Non Operating": 4193000.0,
        "Operating Income": -120878000.0,
        "Operating Expense": 239285000.0,
        "Research And Development": 125432000.0,
        "Selling General And Administration": 113853000.0,
        "Gross Profit": 118407000.0,
        "Cost Of Revenue": 116015000.0,
        "Total Revenue": 234422000.0,
        "Operating Revenue": 234422000.0
    }
}