{
    "2023-03-31": {
        "Tax Effect Of Unusual Items": NaN,
        "Tax Rate For Calcs": NaN,
        "Normalized EBITDA": NaN,
        "Total Unusual Items": NaN,
        "Total Unusual Items Excluding Goodwill": NaN,
        "Net Income From Continuing Operation Net Minority Interest": NaN,
        "Reconciled Depreciation": NaN,
        "Reconciled Cost Of Revenue": NaN,
        "EBITDA": NaN,
        "EBIT": NaN,
        "Net Interest Income": NaN,
        "Interest Expense": NaN,
        "Interest Income": NaN,
        "Normalized Income": NaN,
        "Net Income From Continuing And Discontinued Operation": NaN,
        "Total Expenses": NaN,
        "Rent Expense Supplemental": NaN,
        "Total Operating Income As Reported": NaN,
        "Diluted Average Shares": NaN,
        "Basic Average Shares": NaN,
        "Diluted EPS": NaN,
        "Basic EPS": NaN,
        "Diluted NI Availto Com Stockholders": NaN,
        "Net Income Common Stockholders": NaN,
        "Net Income": NaN,
        "Net Income Including Noncontrolling Interests": NaN,
        "Net Income Continuous Operations": NaN,
        "Tax Provision": NaN,
        "Pretax Income": NaN,
        "Other Income Expense": NaN,
        "Other Non Operating Income Expenses": NaN,
        "Special Income Charges": NaN,
        "Gain On Sale Of Ppe": NaN,
        "Impairment Of Capital Assets": 0.0,
        "Restructuring And Mergern Acquisition": NaN,
        "Earnings From Equity Interest": NaN,
        "Gain On Sale Of Security": NaN,
        "Net Non Operating Interest Income Expense": NaN,
        "Interest Expense Non Operating": NaN,
        "Interest Income Non Operating": NaN,
        "Operating Income": NaN,
        "Operating Expense": NaN,
        "Selling General And Administration": NaN,
        "General And Administrative Expense": NaN,
        "Other Gand A": NaN,
        "Gross Profit": NaN,
        "Cost Of Revenue": NaN,
        "Total Revenue": NaN,
        "Operating Revenue": NaN
    },
    "2022-12-31": {
        "Tax Effect Of Unusual Items": NaN,
        "Tax Rate For Calcs": NaN,
        "Normalized EBITDA": NaN,
        "Total Unusual Items": NaN,
        "Total Unusual Items Excluding Goodwill": NaN,
        "Net Income From Continuing Operation Net Minority Interest": NaN,
        "Reconciled Depreciation": NaN,
        "Reconciled Cost Of Revenue": NaN,
        "EBITDA": NaN,
        "EBIT": NaN,
        "Net Interest Income": NaN,
        "Interest Expense": NaN,
        "Interest Income": NaN,
        "Normalized Income": NaN,
        "Net Income From Continuing And Discontinued Operation": NaN,
        "Total Expenses": NaN,
        "Rent Expense Supplemental": NaN,
        "Total Operating Income As Reported": NaN,
        "Diluted Average Shares": NaN,
        "Basic Average Shares": NaN,
        "Diluted EPS": NaN,
        "Basic EPS": NaN,
        "Diluted NI Availto Com Stockholders": NaN,
        "Net Income Common Stockholders": NaN,
        "Net Income": NaN,
        "Net Income Including Noncontrolling Interests": NaN,
        "Net Income Continuous Operations": NaN,
        "Tax Provision": NaN,
        "Pretax Income": NaN,
        "Other Income Expense": NaN,
        "Other Non Operating Income Expenses": NaN,
        "Special Income Charges": NaN,
        "Gain On Sale Of Ppe": NaN,
        "Impairment Of Capital Assets": NaN,
        "Restructuring And Mergern Acquisition": NaN,
        "Earnings From Equity Interest": NaN,
        "Gain On Sale Of Security": -475000.0,
        "Net Non Operating Interest Income Expense": NaN,
        "Interest Expense Non Operating": NaN,
        "Interest Income Non Operating": NaN,
        "Operating Income": NaN,
        "Operating Expense": NaN,
        "Selling General And Administration": NaN,
        "General And Administrative Expense": NaN,
        "Other Gand A": NaN,
        "Gross Profit": NaN,
        "Cost Of Revenue": NaN,
        "Total Revenue": NaN,
        "Operating Revenue": NaN
    },
    "2022-09-30": {
        "Tax Effect Of Unusual Items": NaN,
        "Tax Rate For Calcs": NaN,
        "Normalized EBITDA": NaN,
        "Total Unusual Items": NaN,
        "Total Unusual Items Excluding Goodwill": NaN,
        "Net Income From Continuing Operation Net Minority Interest": NaN,
        "Reconciled Depreciation": NaN,
        "Reconciled Cost Of Revenue": NaN,
        "EBITDA": NaN,
        "EBIT": NaN,
        "Net Interest Income": NaN,
        "Interest Expense": NaN,
        "Interest Income": NaN,
        "Normalized Income": NaN,
        "Net Income From Continuing And Discontinued Operation": NaN,
        "Total Expenses": NaN,
        "Rent Expense Supplemental": NaN,
        "Total Operating Income As Reported": NaN,
        "Diluted Average Shares": NaN,
        "Basic Average Shares": NaN,
        "Diluted EPS": NaN,
        "Basic EPS": NaN,
        "Diluted NI Availto Com Stockholders": NaN,
        "Net Income Common Stockholders": NaN,
        "Net Income": NaN,
        "Net Income Including Noncontrolling Interests": NaN,
        "Net Income Continuous Operations": NaN,
        "Tax Provision": NaN,
        "Pretax Income": NaN,
        "Other Income Expense": NaN,
        "Other Non Operating Income Expenses": NaN,
        "Special Income Charges": NaN,
        "Gain On Sale Of Ppe": 8156000.0,
        "Impairment Of Capital Assets": NaN,
        "Restructuring And Mergern Acquisition": NaN,
        "Earnings From Equity Interest": NaN,
        "Gain On Sale Of Security": 1698000.0,
        "Net Non Operating Interest Income Expense": NaN,
        "Interest Expense Non Operating": NaN,
        "Interest Income Non Operating": NaN,
        "Operating Income": NaN,
        "Operating Expense": NaN,
        "Selling General And Administration": NaN,
        "General And Administrative Expense": NaN,
        "Other Gand A": NaN,
        "Gross Profit": NaN,
        "Cost Of Revenue": NaN,
        "Total Revenue": NaN,
        "Operating Revenue": NaN
    },
    "2022-06-30": {
        "Tax Effect Of Unusual Items": 1636000.0,
        "Tax Rate For Calcs": 0.4,
        "Normalized EBITDA": 57767000.0,
        "Total Unusual Items": 4090000.0,
        "Total Unusual Items Excluding Goodwill": 4090000.0,
        "Net Income From Continuing Operation Net Minority Interest": 28548000.0,
        "Reconciled Depreciation": 25243000.0,
        "Reconciled Cost Of Revenue": 198031000.0,
        "EBITDA": 61857000.0,
        "EBIT": 36614000.0,
        "Net Interest Income": -8721000.0,
        "Interest Expense": 8888000.0,
        "Interest Income": 167000.0,
        "Normalized Income": 26094000.0,
        "Net Income From Continuing And Discontinued Operation": 28548000.0,
        "Total Expenses": 209051000.0,
        "Rent Expense Supplemental": 6553000.0,
        "Total Operating Income As Reported": 34078000.0,
        "Diluted Average Shares": 34201689.0,
        "Basic Average Shares": 33948880.0,
        "Diluted EPS": 0.83,
        "Basic EPS": 0.84,
        "Diluted NI Availto Com Stockholders": 28548000.0,
        "Net Income Common Stockholders": 28548000.0,
        "Net Income": 28548000.0,
        "Net Income Including Noncontrolling Interests": 28548000.0,
        "Net Income Continuous Operations": 28548000.0,
        "Tax Provision": -822000.0,
        "Pretax Income": 27726000.0,
        "Other Income Expense": 3109000.0,
        "Other Non Operating Income Expenses": -50000.0,
        "Special Income Charges": 740000.0,
        "Gain On Sale Of Ppe": NaN,
        "Impairment Of Capital Assets": -1153000.0,
        "Restructuring And Mergern Acquisition": 413000.0,
        "Earnings From Equity Interest": -931000.0,
        "Gain On Sale Of Security": 3350000.0,
        "Net Non Operating Interest Income Expense": -8721000.0,
        "Interest Expense Non Operating": 8888000.0,
        "Interest Income Non Operating": 167000.0,
        "Operating Income": 33338000.0,
        "Operating Expense": 11020000.0,
        "Selling General And Administration": 11020000.0,
        "General And Administrative Expense": 11020000.0,
        "Other Gand A": 11020000.0,
        "Gross Profit": 44358000.0,
        "Cost Of Revenue": 198031000.0,
        "Total Revenue": 242389000.0,
        "Operating Revenue": 240182000.0
    },
    "2022-03-31": {
        "Diluted EPS": -0.41,
        "Total Revenue": 174,
        "Gross Profit": 28,
        "Operating Income": -8,
        "EBIT": 17,
        "Net Income": -14
    },
    "2021-12-31": {
        "Diluted EPS": -1.16,
        "Total Revenue": 160,
        "Gross Profit": 19,
        "Operating Income": -21,
        "EBIT": 5,
        "Net Income": -40
    },
    "2021-09-30": {
        "Diluted EPS": -1.54,
        "Total Revenue": 116,
        "Gross Profit": -4,
        "Operating Income": -41,
        "EBIT": -16,
        "Net Income": -52
    },
    "2021-06-30": {
        "Diluted EPS": -3.83,
        "Total Revenue": 123,
        "Gross Profit": 6,
        "Operating Income": -119,
        "EBIT": -93,
        "Net Income": -129
    },
    "2021-03-31": {
        "Diluted EPS": -0.63,
        "Total Revenue": 143,
        "Gross Profit": 27,
        "Operating Income": -12,
        "EBIT": 15,
        "Net Income": -21
    },
    "2020-12-31": {
        "Diluted EPS": -2.15,
        "Total Revenue": 128,
        "Gross Profit": 20,
        "Operating Income": -42,
        "EBIT": -14,
        "Net Income": -73
    },
    "2020-09-30": {
        "Diluted EPS": -1.32,
        "Total Revenue": 170,
        "Gross Profit": 57,
        "Operating Income": -29,
        "EBIT": 1,
        "Net Income": -44
    },
    "2020-06-30": {
        "Diluted EPS": 2.89,
        "Total Revenue": 246,
        "Gross Profit": 129,
        "Operating Income": 93,
        "EBIT": 123,
        "Net Income": 98
    },
    "2020-03-31": {
        "Diluted EPS": 3.15,
        "Total Revenue": 342,
        "Gross Profit": 162,
        "Operating Income": 120,
        "EBIT": 150,
        "Net Income": 107
    },
    "2019-12-31": {
        "Diluted EPS": 1.88,
        "Total Revenue": 311,
        "Gross Profit": 138,
        "Operating Income": 92,
        "EBIT": 124,
        "Net Income": 63
    },
    "2019-09-30": {
        "Diluted EPS": -0.59,
        "Total Revenue": 187,
        "Gross Profit": 35,
        "Operating Income": -5,
        "EBIT": 27,
        "Net Income": -20
    },
    "2019-06-30": {
        "Diluted EPS": -0.43,
        "Total Revenue": 207,
        "Gross Profit": 45,
        "Operating Income": 5,
        "EBIT": 36,
        "Net Income": -14
    },
    "2019-03-31": {
        "Diluted EPS": 0.37,
        "Total Revenue": 238,
        "Gross Profit": 71,
        "Operating Income": 32,
        "EBIT": 62,
        "Net Income": 12
    },
    "2018-12-31": {
        "Diluted EPS": 0.35,
        "Total Revenue": 260,
        "Gross Profit": 73,
        "Operating Income": 31,
        "EBIT": 61,
        "Net Income": 12
    },
    "2018-09-30": {
        "Diluted EPS": -0.56,
        "Total Revenue": 176,
        "Gross Profit": 36,
        "Operating Income": -2,
        "EBIT": 27,
        "Net Income": -17
    },
    "2018-06-30": {
        "Diluted EPS": -0.8,
        "Total Revenue": 172,
        "Gross Profit": 26,
        "Operating Income": -13,
        "EBIT": 16,
        "Net Income": -27
    },
    "2018-03-31": {
        "Diluted EPS": -0.56,
        "Total Revenue": 168,
        "Gross Profit": 31,
        "Operating Income": -8,
        "EBIT": 21,
        "Net Income": -19
    },
    "2017-12-31": {
        "Diluted EPS": 0.0,
        "Total Revenue": 101,
        "Gross Profit": 38,
        "Operating Income": 3,
        "EBIT": 30,
        "Net Income": -39
    },
    "2017-09-30": {
        "Diluted EPS": -0.96,
        "Total Revenue": 91,
        "Gross Profit": 26,
        "Operating Income": -14,
        "EBIT": 11,
        "Net Income": -22
    },
    "2017-06-30": {
        "Diluted EPS": -1.68,
        "Total Revenue": 109,
        "Gross Profit": 35,
        "Operating Income": 2,
        "EBIT": 26,
        "Net Income": NaN
    },
    "2017-03-31": {
        "Diluted EPS": 0.16,
        "Total Revenue": 130,
        "Gross Profit": 49,
        "Operating Income": 11,
        "EBIT": 36,
        "Net Income": 4
    },
    "2016-12-31": {
        "Diluted EPS": 0.32,
        "Total Revenue": 130,
        "Gross Profit": 55,
        "Operating Income": 13,
        "EBIT": 39,
        "Net Income": 10
    },
    "2016-09-30": {
        "Diluted EPS": -0.24,
        "Total Revenue": 110,
        "Gross Profit": 39,
        "Operating Income": -3,
        "EBIT": 23,
        "Net Income": -5
    },
    "2016-06-30": {
        "Diluted EPS": 1.12,
        "Total Revenue": 146,
        "Gross Profit": 74,
        "Operating Income": 33,
        "EBIT": 59,
        "Net Income": 24
    },
    "2016-03-31": {
        "Diluted EPS": 2.0,
        "Total Revenue": 165,
        "Gross Profit": 86,
        "Operating Income": 54,
        "EBIT": 81,
        "Net Income": 39
    },
    "2015-12-31": {
        "Diluted EPS": 2.64,
        "Total Revenue": 169,
        "Gross Profit": 88,
        "Operating Income": 57,
        "EBIT": 82,
        "Net Income": 51
    },
    "2015-09-30": {
        "Diluted EPS": 2.4,
        "Total Revenue": 126,
        "Gross Profit": 67,
        "Operating Income": 45,
        "EBIT": 62,
        "Net Income": 41
    },
    "2015-06-30": {
        "Diluted EPS": 3.04,
        "Total Revenue": 111,
        "Gross Profit": 63,
        "Operating Income": 45,
        "EBIT": 61,
        "Net Income": 45
    },
    "2015-03-31": {
        "Diluted EPS": 2.72,
        "Total Revenue": 108,
        "Gross Profit": 65,
        "Operating Income": 41,
        "EBIT": 56,
        "Net Income": 40
    },
    "2014-12-31": {
        "Diluted EPS": 1.84,
        "Total Revenue": 90,
        "Gross Profit": 44,
        "Operating Income": 25,
        "EBIT": 41,
        "Net Income": 20
    },
    "2014-09-30": {
        "Diluted EPS": 0.56,
        "Total Revenue": 53,
        "Gross Profit": 21,
        "Operating Income": 6,
        "EBIT": 18,
        "Net Income": 6
    },
    "2014-06-30": {
        "Diluted EPS": 0.4,
        "Total Revenue": 44,
        "Gross Profit": 16,
        "Operating Income": 10,
        "EBIT": 23,
        "Net Income": 5
    },
    "2014-03-31": {
        "Diluted EPS": 2.48,
        "Total Revenue": 62,
        "Gross Profit": 36,
        "Operating Income": 21,
        "EBIT": 33,
        "Net Income": 26
    },
    "2013-12-31": {
        "Diluted EPS": 1.28,
        "Total Revenue": 52,
        "Gross Profit": 27,
        "Operating Income": 23,
        "EBIT": 38,
        "Net Income": 14
    },
    "2013-09-30": {
        "Diluted EPS": -1.36,
        "Total Revenue": 39,
        "Gross Profit": 16,
        "Operating Income": -10,
        "EBIT": 2,
        "Net Income": -15
    },
    "2013-06-30": {
        "Diluted EPS": -0.56,
        "Total Revenue": 43,
        "Gross Profit": 14,
        "Operating Income": -6,
        "EBIT": 6,
        "Net Income": -6
    },
    "2013-03-31": {
        "Diluted EPS": -0.16,
        "Total Revenue": 45,
        "Gross Profit": 17,
        "Operating Income": 2,
        "EBIT": 13,
        "Net Income": -2
    },
    "2012-12-31": {
        "Diluted EPS": -35.92,
        "Total Revenue": 45,
        "Gross Profit": 19,
        "Operating Income": -355,
        "EBIT": -336,
        "Net Income": -366
    },
    "2012-09-30": {
        "Diluted EPS": -0.96,
        "Total Revenue": 46,
        "Gross Profit": 18,
        "Operating Income": -2,
        "EBIT": 16,
        "Net Income": -10
    },
    "2012-06-30": {
        "Diluted EPS": 0.08,
        "Total Revenue": 51,
        "Gross Profit": 27,
        "Operating Income": 7,
        "EBIT": 25,
        "Net Income": 1
    },
    "2012-03-31": {
        "Diluted EPS": 0.48,
        "Total Revenue": 55,
        "Gross Profit": 29,
        "Operating Income": 9,
        "EBIT": 27,
        "Net Income": 4
    },
    "2011-12-31": {
        "Diluted EPS": -0.08,
        "Total Revenue": 73,
        "Gross Profit": 30,
        "Operating Income": -62,
        "EBIT": -44,
        "Net Income": 0
    },
    "2011-09-30": {
        "Diluted EPS": -2.24,
        "Total Revenue": 53,
        "Gross Profit": 28,
        "Operating Income": -72,
        "EBIT": -53,
        "Net Income": -17
    },
    "2011-06-30": {
        "Diluted EPS": 0.16,
        "Total Revenue": 57,
        "Gross Profit": 35,
        "Operating Income": 57,
        "EBIT": 84,
        "Net Income": 1
    },
    "2011-03-31": {
        "Diluted EPS": 0.96,
        "Total Revenue": 32,
        "Gross Profit": 22,
        "Operating Income": 32,
        "EBIT": 43,
        "Net Income": 7
    },
    "2010-12-31": {
        "Diluted EPS": 1.36,
        "Total Revenue": 131,
        "Gross Profit": 79,
        "Operating Income": 210,
        "EBIT": 253,
        "Net Income": 9
    },
    "2010-09-30": {
        "Diluted EPS": -0.08,
        "Total Revenue": 34,
        "Gross Profit": 23,
        "Operating Income": 7,
        "EBIT": 18,
        "Net Income": 0
    },
    "2010-06-30": {
        "Diluted EPS": 0.4,
        "Total Revenue": 37,
        "Gross Profit": 25,
        "Operating Income": 11,
        "EBIT": 23,
        "Net Income": 2
    },
    "2010-03-31": {
        "Diluted EPS": 1.28,
        "Total Revenue": 39,
        "Gross Profit": 26,
        "Operating Income": 12,
        "EBIT": 23,
        "Net Income": 5
    },
    "2009-12-31": {
        "Diluted EPS": 0.96,
        "Total Revenue": 61,
        "Gross Profit": 39,
        "Operating Income": 15,
        "EBIT": 32,
        "Net Income": 8
    },
    "2009-09-30": {
        "Diluted EPS": -0.4,
        "Total Revenue": 27,
        "Gross Profit": 16,
        "Operating Income": 4,
        "EBIT": 13,
        "Net Income": -2
    },
    "2009-06-30": {
        "Diluted EPS": 5.12,
        "Total Revenue": 38,
        "Gross Profit": 27,
        "Operating Income": 15,
        "EBIT": 27,
        "Net Income": 16
    },
    "2009-03-31": {
        "Diluted EPS": 4.56,
        "Total Revenue": 34,
        "Gross Profit": 25,
        "Operating Income": 17,
        "EBIT": 24,
        "Net Income": 14
    },
    "2023-06-30": {
        "Tax Effect Of Unusual Items": NaN,
        "Tax Rate For Calcs": NaN,
        "Normalized EBITDA": NaN,
        "Total Unusual Items": NaN,
        "Total Unusual Items Excluding Goodwill": NaN,
        "Net Income From Continuing Operation Net Minority Interest": NaN,
        "Reconciled Depreciation": NaN,
        "Reconciled Cost Of Revenue": NaN,
        "EBITDA": NaN,
        "EBIT": NaN,
        "Net Interest Income": NaN,
        "Interest Expense": NaN,
        "Interest Income": NaN,
        "Normalized Income": NaN,
        "Net Income From Continuing And Discontinued Operation": NaN,
        "Total Expenses": NaN,
        "Rent Expense Supplemental": NaN,
        "Total Operating Income As Reported": NaN,
        "Diluted Average Shares": NaN,
        "Basic Average Shares": NaN,
        "Diluted EPS": NaN,
        "Basic EPS": NaN,
        "Diluted NI Availto Com Stockholders": NaN,
        "Net Income Common Stockholders": NaN,
        "Net Income": NaN,
        "Net Income Including Noncontrolling Interests": NaN,
        "Net Income Continuous Operations": NaN,
        "Tax Provision": NaN,
        "Pretax Income": NaN,
        "Other Income Expense": NaN,
        "Other Non Operating Income Expenses": NaN,
        "Special Income Charges": NaN,
        "Gain On Sale Of Ppe": 0.0,
        "Restructuring And Mergern Acquisition": NaN,
        "Earnings From Equity Interest": NaN,
        "Gain On Sale Of Security": 2715000.0,
        "Net Non Operating Interest Income Expense": NaN,
        "Interest Expense Non Operating": NaN,
        "Interest Income Non Operating": NaN,
        "Operating Income": NaN,
        "Operating Expense": NaN,
        "Selling General And Administration": NaN,
        "General And Administrative Expense": NaN,
        "Other Gand A": NaN,
        "Gross Profit": NaN,
        "Cost Of Revenue": NaN,
        "Total Revenue": NaN,
        "Operating Revenue": NaN
    },
    "2023-09-30": {
        "Tax Effect Of Unusual Items": NaN,
        "Tax Rate For Calcs": NaN,
        "Normalized EBITDA": NaN,
        "Total Unusual Items": NaN,
        "Total Unusual Items Excluding Goodwill": NaN,
        "Net Income From Continuing Operation Net Minority Interest": NaN,
        "Reconciled Depreciation": NaN,
        "Reconciled Cost Of Revenue": NaN,
        "EBITDA": NaN,
        "EBIT": NaN,
        "Net Interest Income": NaN,
        "Interest Expense": NaN,
        "Interest Income": NaN,
        "Normalized Income": NaN,
        "Net Income From Continuing And Discontinued Operation": NaN,
        "Total Expenses": NaN,
        "Rent Expense Supplemental": NaN,
        "Total Operating Income As Reported": NaN,
        "Diluted Average Shares": 34571439.0,
        "Basic Average Shares": 34201415.0,
        "Diluted EPS": 2.35,
        "Basic EPS": 2.38,
        "Diluted NI Availto Com Stockholders": NaN,
        "Net Income Common Stockholders": NaN,
        "Net Income": NaN,
        "Net Income Including Noncontrolling Interests": NaN,
        "Net Income Continuous Operations": NaN,
        "Tax Provision": NaN,
        "Pretax Income": NaN,
        "Other Income Expense": NaN,
        "Other Non Operating Income Expenses": NaN,
        "Special Income Charges": NaN,
        "Gain On Sale Of Ppe": 0.0,
        "Restructuring And Mergern Acquisition": NaN,
        "Earnings From Equity Interest": NaN,
        "Gain On Sale Of Security": NaN,
        "Net Non Operating Interest Income Expense": NaN,
        "Interest Expense Non Operating": NaN,
        "Interest Income Non Operating": NaN,
        "Operating Income": NaN,
        "Operating Expense": NaN,
        "Selling General And Administration": NaN,
        "General And Administrative Expense": NaN,
        "Other Gand A": NaN,
        "Gross Profit": NaN,
        "Cost Of Revenue": NaN,
        "Total Revenue": NaN,
        "Operating Revenue": NaN
    },
    "2023-12-31": {
        "Tax Effect Of Unusual Items": NaN,
        "Tax Rate For Calcs": NaN,
        "Normalized EBITDA": NaN,
        "Total Unusual Items": NaN,
        "Total Unusual Items Excluding Goodwill": NaN,
        "Net Income From Continuing Operation Net Minority Interest": NaN,
        "Reconciled Depreciation": NaN,
        "Reconciled Cost Of Revenue": NaN,
        "EBITDA": NaN,
        "EBIT": NaN,
        "Net Interest Income": NaN,
        "Interest Expense": NaN,
        "Interest Income": NaN,
        "Normalized Income": NaN,
        "Net Income From Continuing And Discontinued Operation": NaN,
        "Total Expenses": NaN,
        "Rent Expense Supplemental": NaN,
        "Total Operating Income As Reported": NaN,
        "Diluted Average Shares": NaN,
        "Basic Average Shares": NaN,
        "Diluted EPS": NaN,
        "Basic EPS": NaN,
        "Diluted NI Availto Com Stockholders": NaN,
        "Net Income Common Stockholders": NaN,
        "Net Income": NaN,
        "Net Income Including Noncontrolling Interests": NaN,
        "Net Income Continuous Operations": NaN,
        "Tax Provision": NaN,
        "Pretax Income": NaN,
        "Other Income Expense": NaN,
        "Other Non Operating Income Expenses": NaN,
        "Special Income Charges": NaN,
        "Gain On Sale Of Ppe": NaN,
        "Restructuring And Mergern Acquisition": 0.0,
        "Earnings From Equity Interest": NaN,
        "Gain On Sale Of Security": NaN,
        "Net Non Operating Interest Income Expense": NaN,
        "Interest Expense Non Operating": NaN,
        "Interest Income Non Operating": NaN,
        "Operating Income": NaN,
        "Operating Expense": NaN,
        "Selling General And Administration": NaN,
        "General And Administrative Expense": NaN,
        "Other Gand A": NaN,
        "Gross Profit": NaN,
        "Cost Of Revenue": NaN,
        "Total Revenue": NaN,
        "Operating Revenue": NaN
    },
    "2024-03-31": {
        "Tax Effect Of Unusual Items": 2565150.0,
        "Tax Rate For Calcs": 0.21,
        "Normalized EBITDA": 161998000.0,
        "Total Unusual Items": 12215000.0,
        "Total Unusual Items Excluding Goodwill": 12215000.0,
        "Net Income From Continuing Operation Net Minority Interest": 148875000.0,
        "Reconciled Depreciation": 23318000.0,
        "Reconciled Cost Of Revenue": 222362000.0,
        "EBITDA": 174213000.0,
        "EBIT": 150895000.0,
        "Net Interest Income": 780000.0,
        "Interest Expense": 4867000.0,
        "Interest Income": 5647000.0,
        "Normalized Income": 139225150.0,
        "Net Income From Continuing And Discontinued Operation": 148875000.0,
        "Total Expenses": 235248000.0,
        "Rent Expense Supplemental": 19516000.0,
        "Total Operating Income As Reported": 144639000.0,
        "Diluted Average Shares": 34649190.0,
        "Basic Average Shares": 34261903.0,
        "Diluted EPS": 4.3,
        "Basic EPS": 4.35,
        "Diluted NI Availto Com Stockholders": 148875000.0,
        "Net Income Common Stockholders": 148875000.0,
        "Net Income": 148875000.0,
        "Net Income Including Noncontrolling Interests": 148875000.0,
        "Net Income Continuous Operations": 148875000.0,
        "Tax Provision": -2847000.0,
        "Pretax Income": 146028000.0,
        "Other Income Expense": 12210000.0,
        "Other Non Operating Income Expenses": -1373000.0,
        "Special Income Charges": 11601000.0,
        "Gain On Sale Of Ppe": 11601000.0,
        "Restructuring And Mergern Acquisition": 0.0,
        "Earnings From Equity Interest": 1368000.0,
        "Gain On Sale Of Security": 614000.0,
        "Net Non Operating Interest Income Expense": 780000.0,
        "Interest Expense Non Operating": 4867000.0,
        "Interest Income Non Operating": 5647000.0,
        "Operating Income": 133038000.0,
        "Operating Expense": 12886000.0,
        "Selling General And Administration": 12886000.0,
        "General And Administrative Expense": 12886000.0,
        "Other Gand A": 12886000.0,
        "Gross Profit": 145924000.0,
        "Cost Of Revenue": 222362000.0,
        "Total Revenue": 368286000.0,
        "Operating Revenue": 334064000.0
    },
    "2024-06-30": {
        "Tax Effect Of Unusual Items": 17336.616263,
        "Tax Rate For Calcs": 0.020887,
        "Normalized EBITDA": 131774000.0,
        "Total Unusual Items": 830000.0,
        "Total Unusual Items Excluding Goodwill": 830000.0,
        "Net Income From Continuing Operation Net Minority Interest": 106970000.0,
        "Reconciled Depreciation": 22373000.0,
        "Reconciled Cost Of Revenue": 180496000.0,
        "EBITDA": 132604000.0,
        "EBIT": 110231000.0,
        "Net Interest Income": 4747000.0,
        "Interest Expense": 979000.0,
        "Interest Income": 5726000.0,
        "Normalized Income": 106157336.616263,
        "Net Income From Continuing And Discontinued Operation": 106970000.0,
        "Total Expenses": 194455000.0,
        "Rent Expense Supplemental": 19670000.0,
        "Total Operating Income As Reported": 102135000.0,
        "Diluted Average Shares": 34705613.0,
        "Basic Average Shares": 34383813.0,
        "Diluted EPS": 3.08,
        "Basic EPS": 3.11,
        "Diluted NI Availto Com Stockholders": 106970000.0,
        "Net Income Common Stockholders": 106970000.0,
        "Net Income": 106970000.0,
        "Net Income Including Noncontrolling Interests": 106970000.0,
        "Net Income Continuous Operations": 106970000.0,
        "Tax Provision": 2282000.0,
        "Pretax Income": 109252000.0,
        "Other Income Expense": 2370000.0,
        "Other Non Operating Income Expenses": 635000.0,
        "Special Income Charges": 0.0,
        "Gain On Sale Of Ppe": 0.0,
        "Restructuring And Mergern Acquisition": 0.0,
        "Earnings From Equity Interest": 905000.0,
        "Gain On Sale Of Security": 830000.0,
        "Net Non Operating Interest Income Expense": 4747000.0,
        "Interest Expense Non Operating": 979000.0,
        "Interest Income Non Operating": 5726000.0,
        "Operating Income": 102135000.0,
        "Operating Expense": 13959000.0,
        "Selling General And Administration": 13959000.0,
        "General And Administrative Expense": 13959000.0,
        "Other Gand A": 13959000.0,
        "Gross Profit": 116094000.0,
        "Cost Of Revenue": 180496000.0,
        "Total Revenue": 296590000.0,
        "Operating Revenue": 293022000.0
    },
    "2024-09-30": {
        "Tax Effect Of Unusual Items": -1302210.0,
        "Tax Rate For Calcs": 0.21,
        "Normalized EBITDA": 88704000.0,
        "Total Unusual Items": -6201000.0,
        "Total Unusual Items Excluding Goodwill": -6201000.0,
        "Net Income From Continuing Operation Net Minority Interest": 58815000.0,
        "Reconciled Depreciation": 23445000.0,
        "Reconciled Cost Of Revenue": 173985000.0,
        "EBITDA": 82503000.0,
        "EBIT": 59058000.0,
        "Net Interest Income": 4947000.0,
        "Interest Expense": 825000.0,
        "Interest Income": 5772000.0,
        "Normalized Income": 63713790.0,
        "Net Income From Continuing And Discontinued Operation": 58815000.0,
        "Total Expenses": 184861000.0,
        "Rent Expense Supplemental": 18465000.0,
        "Total Operating Income As Reported": 52465000.0,
        "Diluted Average Shares": 34765008.0,
        "Basic Average Shares": 34496757.0,
        "Diluted EPS": 1.69,
        "Basic EPS": 1.7,
        "Diluted NI Availto Com Stockholders": 58815000.0,
        "Net Income Common Stockholders": 58815000.0,
        "Net Income": 58815000.0,
        "Net Income Including Noncontrolling Interests": 58815000.0,
        "Net Income Continuous Operations": 58815000.0,
        "Tax Provision": -582000.0,
        "Pretax Income": 58233000.0,
        "Other Income Expense": -5131000.0,
        "Other Non Operating Income Expenses": 1191000.0,
        "Special Income Charges": -5952000.0,
        "Gain On Sale Of Ppe": 0.0,
        "Restructuring And Mergern Acquisition": 5952000.0,
        "Earnings From Equity Interest": -121000.0,
        "Gain On Sale Of Security": -249000.0,
        "Net Non Operating Interest Income Expense": 4947000.0,
        "Interest Expense Non Operating": 825000.0,
        "Interest Income Non Operating": 5772000.0,
        "Operating Income": 58417000.0,
        "Operating Expense": 10876000.0,
        "Selling General And Administration": 10876000.0,
        "General And Administrative Expense": 10876000.0,
        "Other Gand A": 10876000.0,
        "Gross Profit": 69293000.0,
        "Cost Of Revenue": 173985000.0,
        "Total Revenue": 243278000.0,
        "Operating Revenue": 239849000.0
    },
    "2024-12-31": {
        "Tax Effect Of Unusual Items": 899276.310726,
        "Tax Rate For Calcs": 0.031597,
        "Normalized EBITDA": 92936000.0,
        "Total Unusual Items": 28461000.0,
        "Total Unusual Items Excluding Goodwill": 28461000.0,
        "Net Income From Continuing Operation Net Minority Interest": 93111000.0,
        "Reconciled Depreciation": 24446000.0,
        "Reconciled Cost Of Revenue": 283696000.0,
        "EBITDA": 121397000.0,
        "EBIT": 96951000.0,
        "Net Interest Income": 6302000.0,
        "Interest Expense": 802000.0,
        "Interest Income": 7104000.0,
        "Normalized Income": 65549276.310726,
        "Net Income From Continuing And Discontinued Operation": 93111000.0,
        "Total Expenses": 291622000.0,
        "Rent Expense Supplemental": 17144000.0,
        "Total Operating Income As Reported": 86302000.0,
        "Diluted Average Shares": 34701466.0,
        "Basic Average Shares": 34480608.0,
        "Diluted EPS": 2.37,
        "Basic EPS": 2.38,
        "Diluted NI Availto Com Stockholders": 93111000.0,
        "Net Income Common Stockholders": 93111000.0,
        "Net Income": 93111000.0,
        "Net Income Including Noncontrolling Interests": 93111000.0,
        "Net Income Continuous Operations": 93111000.0,
        "Tax Provision": 3038000.0,
        "Pretax Income": 96149000.0,
        "Other Income Expense": 30344000.0,
        "Other Non Operating Income Expenses": 1268000.0,
        "Special Income Charges": 26799000.0,
        "Gain On Sale Of Ppe": 26479000.0,
        "Restructuring And Mergern Acquisition": -320000.0,
        "Earnings From Equity Interest": 615000.0,
        "Gain On Sale Of Security": 1662000.0,
        "Net Non Operating Interest Income Expense": 6302000.0,
        "Interest Expense Non Operating": 802000.0,
        "Interest Income Non Operating": 7104000.0,
        "Operating Income": 59503000.0,
        "Operating Expense": 7926000.0,
        "Selling General And Administration": 7926000.0,
        "General And Administrative Expense": 7926000.0,
        "Other Gand A": 7926000.0,
        "Gross Profit": 67429000.0,
        "Cost Of Revenue": 283696000.0,
        "Total Revenue": 351125000.0,
        "Operating Revenue": 225943000.0
    },
    "2025-03-31": {
        "Tax Effect Of Unusual Items": 8104740.0,
        "Tax Rate For Calcs": 0.21,
        "Normalized EBITDA": 60981000.0,
        "Total Unusual Items": 38594000.0,
        "Total Unusual Items Excluding Goodwill": 38594000.0,
        "Net Income From Continuing Operation Net Minority Interest": 76032000.0,
        "Reconciled Depreciation": 23240000.0,
        "Reconciled Cost Of Revenue": 185684000.0,
        "EBITDA": 99575000.0,
        "EBIT": 76335000.0,
        "Net Interest Income": 5084000.0,
        "Interest Expense": 773000.0,
        "Interest Income": 5857000.0,
        "Normalized Income": 45542740.0,
        "Net Income From Continuing And Discontinued Operation": 76032000.0,
        "Total Expenses": 195396000.0,
        "Rent Expense Supplemental": 14409000.0,
        "Total Operating Income As Reported": 74406000.0,
        "Diluted Average Shares": 34666717.0,
        "Basic Average Shares": 34482849.0,
        "Diluted EPS": 2.19,
        "Basic EPS": 2.2,
        "Diluted NI Availto Com Stockholders": 76032000.0,
        "Net Income Common Stockholders": 76032000.0,
        "Net Income": 76032000.0,
        "Net Income Including Noncontrolling Interests": 76032000.0,
        "Net Income Continuous Operations": 76032000.0,
        "Tax Provision": -470000.0,
        "Pretax Income": 75562000.0,
        "Other Income Expense": 34235000.0,
        "Other Non Operating Income Expenses": -4589000.0,
        "Special Income Charges": 38163000.0,
        "Gain On Sale Of Ppe": 38163000.0,
        "Restructuring And Mergern Acquisition": NaN,
        "Earnings From Equity Interest": 230000.0,
        "Gain On Sale Of Security": 431000.0,
        "Net Non Operating Interest Income Expense": 5084000.0,
        "Interest Expense Non Operating": 773000.0,
        "Interest Income Non Operating": 5857000.0,
        "Operating Income": 36243000.0,
        "Operating Expense": 9712000.0,
        "Selling General And Administration": 9712000.0,
        "General And Administrative Expense": 9712000.0,
        "Other Gand A": 9712000.0,
        "Gross Profit": 45955000.0,
        "Cost Of Revenue": 185684000.0,
        "Total Revenue": 231639000.0,
        "Operating Revenue": 198957000.0
    }
}