{
    "2023-03-31": {
        "Tax Effect Of Unusual Items": NaN,
        "Tax Rate For Calcs": NaN,
        "Normalized EBITDA": NaN,
        "Total Unusual Items": NaN,
        "Total Unusual Items Excluding Goodwill": NaN,
        "Net Income From Continuing Operation Net Minority Interest": NaN,
        "Reconciled Depreciation": NaN,
        "Reconciled Cost Of Revenue": NaN,
        "EBITDA": NaN,
        "EBIT": NaN,
        "Net Interest Income": NaN,
        "Interest Expense": NaN,
        "Normalized Income": NaN,
        "Net Income From Continuing And Discontinued Operation": NaN,
        "Total Expenses": NaN,
        "Total Operating Income As Reported": NaN,
        "Diluted Average Shares": NaN,
        "Basic Average Shares": NaN,
        "Diluted EPS": NaN,
        "Basic EPS": NaN,
        "Diluted NI Availto Com Stockholders": NaN,
        "Average Dilution Earnings": NaN,
        "Net Income Common Stockholders": NaN,
        "Net Income": NaN,
        "Minority Interests": NaN,
        "Net Income Including Noncontrolling Interests": NaN,
        "Net Income Continuous Operations": NaN,
        "Tax Provision": NaN,
        "Pretax Income": NaN,
        "Other Income Expense": NaN,
        "Special Income Charges": NaN,
        "Other Special Charges": -777000.0,
        "Gain On Sale Of Security": NaN,
        "Net Non Operating Interest Income Expense": NaN,
        "Interest Expense Non Operating": NaN,
        "Operating Income": NaN,
        "Operating Expense": NaN,
        "Other Operating Expenses": NaN,
        "Selling General And Administration": NaN,
        "Gross Profit": NaN,
        "Cost Of Revenue": NaN,
        "Total Revenue": NaN,
        "Excise Taxes": NaN,
        "Operating Revenue": NaN
    },
    "2022-12-31": {
        "Tax Effect Of Unusual Items": -6548055.972765,
        "Tax Rate For Calcs": 0.193101,
        "Normalized EBITDA": 19633000.0,
        "Total Unusual Items": -33910000.0,
        "Total Unusual Items Excluding Goodwill": -33910000.0,
        "Net Income From Continuing Operation Net Minority Interest": -16317000.0,
        "Reconciled Depreciation": 1315000.0,
        "Reconciled Cost Of Revenue": 53829000.0,
        "EBITDA": -14277000.0,
        "EBIT": -15592000.0,
        "Net Interest Income": -4382000.0,
        "Interest Expense": 4382000.0,
        "Normalized Income": 11044944.027235,
        "Net Income From Continuing And Discontinued Operation": -16317000.0,
        "Total Expenses": 85074000.0,
        "Total Operating Income As Reported": 18318000.0,
        "Diluted Average Shares": 17530278.0,
        "Basic Average Shares": 17530278.0,
        "Diluted EPS": -0.93,
        "Basic EPS": -0.93,
        "Diluted NI Availto Com Stockholders": -19479000.0,
        "Average Dilution Earnings": -3162000.0,
        "Net Income Common Stockholders": -16317000.0,
        "Net Income": -16317000.0,
        "Minority Interests": -200000.0,
        "Net Income Including Noncontrolling Interests": -16117000.0,
        "Net Income Continuous Operations": -16117000.0,
        "Tax Provision": -3857000.0,
        "Pretax Income": -19974000.0,
        "Other Income Expense": -33910000.0,
        "Special Income Charges": -26681000.0,
        "Other Special Charges": NaN,
        "Gain On Sale Of Security": -7229000.0,
        "Net Non Operating Interest Income Expense": -4382000.0,
        "Interest Expense Non Operating": 4382000.0,
        "Operating Income": 18318000.0,
        "Operating Expense": 31245000.0,
        "Selling General And Administration": 31245000.0,
        "Gross Profit": 49563000.0,
        "Cost Of Revenue": 53829000.0,
        "Total Revenue": 103392000.0,
        "Operating Revenue": 103392000.0
    },
    "2022-09-30": {
        "Tax Effect Of Unusual Items": 18900.0,
        "Tax Rate For Calcs": 0.252,
        "Normalized EBITDA": 21136000.0,
        "Total Unusual Items": 75000.0,
        "Total Unusual Items Excluding Goodwill": 75000.0,
        "Net Income From Continuing Operation Net Minority Interest": 11536000.0,
        "Reconciled Depreciation": 1315000.0,
        "Reconciled Cost Of Revenue": 55090000.0,
        "EBITDA": 21211000.0,
        "EBIT": 19896000.0,
        "Net Interest Income": -4802000.0,
        "Interest Expense": 4802000.0,
        "Normalized Income": 11479900.0,
        "Net Income From Continuing And Discontinued Operation": 11536000.0,
        "Total Expenses": 87981000.0,
        "Total Operating Income As Reported": 19821000.0,
        "Diluted Average Shares": 21102006.0,
        "Basic Average Shares": 17749294.0,
        "Diluted EPS": 0.6,
        "Basic EPS": 0.65,
        "Diluted NI Availto Com Stockholders": 12590000.0,
        "Average Dilution Earnings": 1054000.0,
        "Net Income Common Stockholders": 11536000.0,
        "Net Income": 11536000.0,
        "Minority Interests": 239000.0,
        "Net Income Including Noncontrolling Interests": 11297000.0,
        "Net Income Continuous Operations": 11297000.0,
        "Tax Provision": 3797000.0,
        "Pretax Income": 15094000.0,
        "Other Income Expense": 75000.0,
        "Special Income Charges": 0.0,
        "Other Special Charges": NaN,
        "Impairment Of Capital Assets": NaN,
        "Gain On Sale Of Security": 75000.0,
        "Net Non Operating Interest Income Expense": -4802000.0,
        "Interest Expense Non Operating": 4802000.0,
        "Operating Income": 19821000.0,
        "Operating Expense": 32891000.0,
        "Selling General And Administration": 32891000.0,
        "Gross Profit": 52712000.0,
        "Cost Of Revenue": 55090000.0,
        "Total Revenue": 107802000.0,
        "Operating Revenue": 107802000.0
    },
    "2022-06-30": {
        "Tax Effect Of Unusual Items": -1444664.0,
        "Tax Rate For Calcs": 0.232,
        "Normalized EBITDA": 19481000.0,
        "Total Unusual Items": -6227000.0,
        "Total Unusual Items Excluding Goodwill": -6227000.0,
        "Net Income From Continuing Operation Net Minority Interest": 5424000.0,
        "Reconciled Depreciation": 1335000.0,
        "Reconciled Cost Of Revenue": 51456000.0,
        "EBITDA": 13254000.0,
        "EBIT": 11919000.0,
        "Net Interest Income": -5144000.0,
        "Interest Expense": 5144000.0,
        "Normalized Income": 10206336.0,
        "Net Income From Continuing And Discontinued Operation": 5424000.0,
        "Total Expenses": 84779000.0,
        "Total Operating Income As Reported": 18146000.0,
        "Diluted Average Shares": 21443279.0,
        "Basic Average Shares": 18063259.0,
        "Diluted EPS": 0.3,
        "Basic EPS": 0.3,
        "Diluted NI Availto Com Stockholders": 6478000.0,
        "Average Dilution Earnings": 1054000.0,
        "Net Income Common Stockholders": 5424000.0,
        "Net Income": 5424000.0,
        "Minority Interests": 218000.0,
        "Net Income Including Noncontrolling Interests": 5206000.0,
        "Net Income Continuous Operations": 5206000.0,
        "Tax Provision": 1569000.0,
        "Pretax Income": 6775000.0,
        "Other Income Expense": -6227000.0,
        "Special Income Charges": NaN,
        "Other Special Charges": NaN,
        "Impairment Of Capital Assets": NaN,
        "Gain On Sale Of Security": -6227000.0,
        "Net Non Operating Interest Income Expense": -5144000.0,
        "Interest Expense Non Operating": 5144000.0,
        "Operating Income": 18146000.0,
        "Operating Expense": 33323000.0,
        "Selling General And Administration": 33323000.0,
        "Gross Profit": 51469000.0,
        "Cost Of Revenue": 51456000.0,
        "Total Revenue": 102925000.0,
        "Operating Revenue": 102925000.0
    },
    "2023-06-30": {
        "Tax Effect Of Unusual Items": NaN,
        "Tax Rate For Calcs": NaN,
        "Normalized EBITDA": NaN,
        "Total Unusual Items": NaN,
        "Total Unusual Items Excluding Goodwill": NaN,
        "Net Income From Continuing Operation Net Minority Interest": NaN,
        "Reconciled Depreciation": NaN,
        "Reconciled Cost Of Revenue": NaN,
        "EBITDA": NaN,
        "EBIT": NaN,
        "Net Interest Income": NaN,
        "Interest Expense": NaN,
        "Normalized Income": NaN,
        "Net Income From Continuing And Discontinued Operation": NaN,
        "Total Expenses": NaN,
        "Total Operating Income As Reported": NaN,
        "Diluted Average Shares": NaN,
        "Basic Average Shares": NaN,
        "Diluted EPS": NaN,
        "Basic EPS": NaN,
        "Diluted NI Availto Com Stockholders": NaN,
        "Average Dilution Earnings": NaN,
        "Net Income Common Stockholders": NaN,
        "Net Income": NaN,
        "Minority Interests": NaN,
        "Net Income Including Noncontrolling Interests": NaN,
        "Net Income Continuous Operations": NaN,
        "Tax Provision": NaN,
        "Pretax Income": NaN,
        "Other Income Expense": NaN,
        "Special Income Charges": NaN,
        "Other Special Charges": -600000.0,
        "Gain On Sale Of Security": NaN,
        "Net Non Operating Interest Income Expense": NaN,
        "Interest Expense Non Operating": NaN,
        "Operating Income": NaN,
        "Operating Expense": NaN,
        "Other Operating Expenses": NaN,
        "Selling General And Administration": NaN,
        "Gross Profit": NaN,
        "Cost Of Revenue": NaN,
        "Total Revenue": NaN,
        "Excise Taxes": 1200000.0,
        "Operating Revenue": NaN
    },
    "2022-03-31": {
        "Diluted EPS": 0.55,
        "Total Revenue": 101,
        "Gross Profit": 52,
        "Operating Income": 19,
        "EBIT": 21,
        "Net Income": 11
    },
    "2021-12-31": {
        "Diluted EPS": 0.57,
        "Total Revenue": 105,
        "Gross Profit": 50,
        "Operating Income": 19,
        "EBIT": 21,
        "Net Income": 11
    },
    "2021-09-30": {
        "Diluted EPS": 0.65,
        "Total Revenue": 110,
        "Gross Profit": 54,
        "Operating Income": 22,
        "EBIT": 24,
        "Net Income": 13
    },
    "2021-06-30": {
        "Diluted EPS": 0.73,
        "Total Revenue": 123,
        "Gross Profit": 60,
        "Operating Income": 25,
        "EBIT": 27,
        "Net Income": 15
    },
    "2021-03-31": {
        "Diluted EPS": 0.57,
        "Total Revenue": 108,
        "Gross Profit": 53,
        "Operating Income": 24,
        "EBIT": 26,
        "Net Income": 12
    },
    "2020-12-31": {
        "Diluted EPS": 0.7,
        "Total Revenue": 105,
        "Gross Profit": 52,
        "Operating Income": 22,
        "EBIT": 24,
        "Net Income": 14
    },
    "2020-09-30": {
        "Diluted EPS": 0.44,
        "Total Revenue": 104,
        "Gross Profit": 48,
        "Operating Income": 16,
        "EBIT": 18,
        "Net Income": 9
    },
    "2020-06-30": {
        "Diluted EPS": 0.49,
        "Total Revenue": 105,
        "Gross Profit": 48,
        "Operating Income": 17,
        "EBIT": 19,
        "Net Income": 10
    },
    "2020-03-31": {
        "Diluted EPS": 0.22,
        "Total Revenue": 91,
        "Gross Profit": 41,
        "Operating Income": 9,
        "EBIT": 11,
        "Net Income": 4
    },
    "2019-12-31": {
        "Diluted EPS": -0.52,
        "Total Revenue": 80,
        "Gross Profit": 13,
        "Operating Income": -18,
        "EBIT": -16,
        "Net Income": -10
    },
    "2019-09-30": {
        "Diluted EPS": 0.31,
        "Total Revenue": 97,
        "Gross Profit": 43,
        "Operating Income": 13,
        "EBIT": 15,
        "Net Income": 6
    },
    "2019-06-30": {
        "Diluted EPS": 0.66,
        "Total Revenue": 93,
        "Gross Profit": 41,
        "Operating Income": 20,
        "EBIT": 21,
        "Net Income": 13
    },
    "2019-03-31": {
        "Diluted EPS": 0.33,
        "Total Revenue": 92,
        "Gross Profit": 40,
        "Operating Income": 12,
        "EBIT": 13,
        "Net Income": 7
    },
    "2018-12-31": {
        "Diluted EPS": 0.26,
        "Total Revenue": 94,
        "Gross Profit": 39,
        "Operating Income": 11,
        "EBIT": 12,
        "Net Income": 5
    },
    "2018-09-30": {
        "Diluted EPS": 0.4,
        "Total Revenue": 83,
        "Gross Profit": 36,
        "Operating Income": 13,
        "EBIT": 14,
        "Net Income": 8
    },
    "2018-06-30": {
        "Diluted EPS": 0.47,
        "Total Revenue": 81,
        "Gross Profit": 36,
        "Operating Income": 15,
        "EBIT": 16,
        "Net Income": 9
    },
    "2018-03-31": {
        "Diluted EPS": 0.15,
        "Total Revenue": 74,
        "Gross Profit": 32,
        "Operating Income": 10,
        "EBIT": 11,
        "Net Income": 3
    },
    "2017-12-31": {
        "Diluted EPS": 0.18,
        "Total Revenue": 74,
        "Gross Profit": 32,
        "Operating Income": 11,
        "EBIT": 12,
        "Net Income": 4
    },
    "2017-09-30": {
        "Diluted EPS": 0.38,
        "Total Revenue": 73,
        "Gross Profit": 33,
        "Operating Income": 14,
        "EBIT": 15,
        "Net Income": 7
    },
    "2017-06-30": {
        "Diluted EPS": 0.38,
        "Total Revenue": 72,
        "Gross Profit": 32,
        "Operating Income": 14,
        "EBIT": 14,
        "Net Income": 7
    },
    "2017-03-31": {
        "Diluted EPS": 0.1,
        "Total Revenue": 67,
        "Gross Profit": 28,
        "Operating Income": 11,
        "EBIT": 12,
        "Net Income": 2
    },
    "2016-12-31": {
        "Diluted EPS": 0.83,
        "Total Revenue": 54,
        "Gross Profit": 26,
        "Operating Income": 10,
        "EBIT": 11,
        "Net Income": 17
    },
    "2016-09-30": {
        "Diluted EPS": 0.34,
        "Total Revenue": 51,
        "Gross Profit": 25,
        "Operating Income": 12,
        "EBIT": 13,
        "Net Income": 7
    },
    "2016-06-30": {
        "Diluted EPS": 0.05,
        "Total Revenue": 52,
        "Gross Profit": 25,
        "Operating Income": 11,
        "EBIT": 12,
        "Net Income": 1
    },
    "2016-03-31": {
        "Diluted EPS": 0.27,
        "Total Revenue": 50,
        "Gross Profit": 25,
        "Operating Income": 11,
        "EBIT": 12,
        "Net Income": 2
    },
    "2015-12-31": {
        "Diluted EPS": 0.28,
        "Total Revenue": 47,
        "Gross Profit": 24,
        "Operating Income": 11,
        "EBIT": 12,
        "Net Income": 2
    },
    "2015-09-30": {
        "Diluted EPS": 0.57,
        "Total Revenue": 51,
        "Gross Profit": 25,
        "Operating Income": 14,
        "EBIT": 14,
        "Net Income": 5
    },
    "2015-06-30": {
        "Diluted EPS": -0.2,
        "Total Revenue": 48,
        "Gross Profit": 23,
        "Operating Income": 8,
        "EBIT": 9,
        "Net Income": -1
    },
    "2015-03-31": {
        "Diluted EPS": 0.41,
        "Total Revenue": 51,
        "Gross Profit": 25,
        "Operating Income": 12,
        "EBIT": 13,
        "Net Income": 3
    },
    "2014-12-31": {
        "Diluted EPS": 0.0,
        "Total Revenue": NaN,
        "Gross Profit": NaN,
        "Operating Income": NaN,
        "EBIT": NaN,
        "Net Income": NaN
    },
    "2014-03-31": {
        "Diluted EPS": 0.0,
        "Total Revenue": 51,
        "Gross Profit": 25,
        "Operating Income": 12,
        "EBIT": 13,
        "Net Income": 3
    },
    "2023-09-30": {
        "Tax Effect Of Unusual Items": NaN,
        "Tax Rate For Calcs": NaN,
        "Normalized EBITDA": NaN,
        "Total Unusual Items": NaN,
        "Total Unusual Items Excluding Goodwill": NaN,
        "Net Income From Continuing Operation Net Minority Interest": NaN,
        "Reconciled Depreciation": NaN,
        "Reconciled Cost Of Revenue": NaN,
        "EBITDA": NaN,
        "EBIT": NaN,
        "Net Interest Income": NaN,
        "Interest Expense": NaN,
        "Interest Income": NaN,
        "Normalized Income": NaN,
        "Net Income From Continuing And Discontinued Operation": NaN,
        "Total Expenses": NaN,
        "Total Operating Income As Reported": NaN,
        "Diluted Average Shares": NaN,
        "Basic Average Shares": NaN,
        "Diluted EPS": NaN,
        "Basic EPS": NaN,
        "Diluted NI Availto Com Stockholders": NaN,
        "Average Dilution Earnings": NaN,
        "Net Income Common Stockholders": NaN,
        "Net Income": NaN,
        "Minority Interests": NaN,
        "Net Income Including Noncontrolling Interests": NaN,
        "Net Income Discontinuous Operations": NaN,
        "Net Income Continuous Operations": NaN,
        "Tax Provision": NaN,
        "Pretax Income": NaN,
        "Other Income Expense": NaN,
        "Special Income Charges": NaN,
        "Other Special Charges": -481000.0,
        "Gain On Sale Of Security": NaN,
        "Net Non Operating Interest Income Expense": NaN,
        "Interest Expense Non Operating": NaN,
        "Interest Income Non Operating": NaN,
        "Operating Income": NaN,
        "Operating Expense": NaN,
        "Other Operating Expenses": NaN,
        "Selling General And Administration": NaN,
        "Gross Profit": NaN,
        "Cost Of Revenue": NaN,
        "Total Revenue": NaN,
        "Excise Taxes": NaN,
        "Operating Revenue": NaN
    },
    "2023-12-31": {
        "Tax Effect Of Unusual Items": NaN,
        "Tax Rate For Calcs": NaN,
        "Normalized EBITDA": NaN,
        "Total Unusual Items": NaN,
        "Total Unusual Items Excluding Goodwill": NaN,
        "Net Income From Continuing Operation Net Minority Interest": NaN,
        "Reconciled Depreciation": NaN,
        "Reconciled Cost Of Revenue": NaN,
        "EBITDA": NaN,
        "EBIT": NaN,
        "Net Interest Income": NaN,
        "Interest Expense": NaN,
        "Interest Income": NaN,
        "Normalized Income": NaN,
        "Net Income From Continuing And Discontinued Operation": NaN,
        "Total Expenses": NaN,
        "Total Operating Income As Reported": NaN,
        "Diluted Average Shares": NaN,
        "Basic Average Shares": NaN,
        "Diluted EPS": NaN,
        "Basic EPS": NaN,
        "Diluted NI Availto Com Stockholders": NaN,
        "Average Dilution Earnings": NaN,
        "Net Income Common Stockholders": NaN,
        "Net Income": NaN,
        "Minority Interests": NaN,
        "Net Income Including Noncontrolling Interests": NaN,
        "Net Income Discontinuous Operations": NaN,
        "Net Income Continuous Operations": NaN,
        "Tax Provision": NaN,
        "Pretax Income": NaN,
        "Other Income Expense": NaN,
        "Special Income Charges": NaN,
        "Other Special Charges": 194000.0,
        "Gain On Sale Of Security": NaN,
        "Net Non Operating Interest Income Expense": NaN,
        "Interest Expense Non Operating": NaN,
        "Interest Income Non Operating": NaN,
        "Operating Income": NaN,
        "Operating Expense": NaN,
        "Other Operating Expenses": NaN,
        "Selling General And Administration": NaN,
        "Gross Profit": NaN,
        "Cost Of Revenue": NaN,
        "Total Revenue": NaN,
        "Excise Taxes": NaN,
        "Operating Revenue": NaN
    },
    "2024-03-31": {
        "Tax Effect Of Unusual Items": NaN,
        "Tax Rate For Calcs": NaN,
        "Normalized EBITDA": NaN,
        "Total Unusual Items": NaN,
        "Total Unusual Items Excluding Goodwill": NaN,
        "Net Income From Continuing Operation Net Minority Interest": NaN,
        "Reconciled Depreciation": NaN,
        "Reconciled Cost Of Revenue": NaN,
        "EBITDA": NaN,
        "EBIT": NaN,
        "Net Interest Income": NaN,
        "Interest Expense": NaN,
        "Interest Income": 1774000.0,
        "Normalized Income": NaN,
        "Net Income From Continuing And Discontinued Operation": NaN,
        "Total Expenses": NaN,
        "Total Operating Income As Reported": NaN,
        "Diluted Average Shares": NaN,
        "Basic Average Shares": NaN,
        "Diluted EPS": NaN,
        "Basic EPS": NaN,
        "Diluted NI Availto Com Stockholders": NaN,
        "Average Dilution Earnings": NaN,
        "Net Income Common Stockholders": NaN,
        "Net Income": NaN,
        "Minority Interests": NaN,
        "Net Income Including Noncontrolling Interests": NaN,
        "Net Income Discontinuous Operations": -2000.0,
        "Net Income Continuous Operations": NaN,
        "Tax Provision": NaN,
        "Pretax Income": NaN,
        "Other Income Expense": NaN,
        "Special Income Charges": NaN,
        "Other Special Charges": NaN,
        "Gain On Sale Of Security": NaN,
        "Net Non Operating Interest Income Expense": NaN,
        "Interest Expense Non Operating": NaN,
        "Interest Income Non Operating": 1774000.0,
        "Operating Income": NaN,
        "Operating Expense": NaN,
        "Other Operating Expenses": NaN,
        "Selling General And Administration": NaN,
        "Gross Profit": NaN,
        "Cost Of Revenue": NaN,
        "Total Revenue": NaN,
        "Excise Taxes": NaN,
        "Operating Revenue": NaN
    },
    "2024-06-30": {
        "Tax Effect Of Unusual Items": -621945.0,
        "Tax Rate For Calcs": 0.255,
        "Normalized EBITDA": 24072000.0,
        "Total Unusual Items": -2439000.0,
        "Total Unusual Items Excluding Goodwill": -2439000.0,
        "Net Income From Continuing Operation Net Minority Interest": 13048000.0,
        "Reconciled Depreciation": 1200000.0,
        "Reconciled Cost Of Revenue": 42827000.0,
        "EBITDA": 21633000.0,
        "EBIT": 20433000.0,
        "Net Interest Income": -3042000.0,
        "Interest Expense": 3042000.0,
        "Interest Income": NaN,
        "Normalized Income": 14865055.0,
        "Net Income From Continuing And Discontinued Operation": 13007000.0,
        "Total Expenses": 70353000.0,
        "Total Operating Income As Reported": 22872000.0,
        "Diluted Average Shares": 20156854.0,
        "Basic Average Shares": 17656732.0,
        "Diluted EPS": 0.68,
        "Basic EPS": 0.74,
        "Diluted NI Availto Com Stockholders": 13738000.0,
        "Average Dilution Earnings": 731000.0,
        "Net Income Common Stockholders": 13007000.0,
        "Net Income": 13007000.0,
        "Minority Interests": 87000.0,
        "Net Income Including Noncontrolling Interests": 12920000.0,
        "Net Income Discontinuous Operations": -41000.0,
        "Net Income Continuous Operations": 12961000.0,
        "Tax Provision": 4430000.0,
        "Pretax Income": 17391000.0,
        "Other Income Expense": -2439000.0,
        "Special Income Charges": 0.0,
        "Other Special Charges": NaN,
        "Gain On Sale Of Security": -2439000.0,
        "Net Non Operating Interest Income Expense": -3042000.0,
        "Interest Expense Non Operating": 3042000.0,
        "Interest Income Non Operating": NaN,
        "Operating Income": 22872000.0,
        "Operating Expense": 27526000.0,
        "Other Operating Expenses": -1674000.0,
        "Selling General And Administration": 29200000.0,
        "Gross Profit": 50398000.0,
        "Cost Of Revenue": 42827000.0,
        "Total Revenue": 93225000.0,
        "Excise Taxes": 800000.0,
        "Operating Revenue": 93225000.0
    },
    "2024-09-30": {
        "Tax Effect Of Unusual Items": 55013.0,
        "Tax Rate For Calcs": 0.271,
        "Normalized EBITDA": 23907000.0,
        "Total Unusual Items": 203000.0,
        "Total Unusual Items Excluding Goodwill": 203000.0,
        "Net Income From Continuing Operation Net Minority Interest": 12375000.0,
        "Reconciled Depreciation": 3377000.0,
        "Reconciled Cost Of Revenue": 51918000.0,
        "EBITDA": 24110000.0,
        "EBIT": 20733000.0,
        "Net Interest Income": -3773000.0,
        "Interest Expense": 3773000.0,
        "Interest Income": NaN,
        "Normalized Income": 12227013.0,
        "Net Income From Continuing And Discontinued Operation": 12375000.0,
        "Total Expenses": 85087000.0,
        "Total Operating Income As Reported": 20530000.0,
        "Diluted Average Shares": 18448720.0,
        "Basic Average Shares": 17722855.0,
        "Diluted EPS": 0.68,
        "Basic EPS": 0.7,
        "Diluted NI Availto Com Stockholders": 12518000.0,
        "Average Dilution Earnings": 143000.0,
        "Net Income Common Stockholders": 12375000.0,
        "Net Income": 12375000.0,
        "Minority Interests": 16000.0,
        "Net Income Including Noncontrolling Interests": 12359000.0,
        "Net Income Discontinuous Operations": NaN,
        "Net Income Continuous Operations": 12359000.0,
        "Tax Provision": 4601000.0,
        "Pretax Income": 16960000.0,
        "Other Income Expense": 203000.0,
        "Special Income Charges": 0.0,
        "Other Special Charges": NaN,
        "Gain On Sale Of Security": 203000.0,
        "Net Non Operating Interest Income Expense": -3773000.0,
        "Interest Expense Non Operating": 3773000.0,
        "Interest Income Non Operating": NaN,
        "Operating Income": 20530000.0,
        "Operating Expense": 33169000.0,
        "Other Operating Expenses": NaN,
        "Selling General And Administration": 33169000.0,
        "Gross Profit": 53699000.0,
        "Cost Of Revenue": 51918000.0,
        "Total Revenue": 105617000.0,
        "Excise Taxes": NaN,
        "Operating Revenue": 105617000.0
    },
    "2024-12-31": {
        "Tax Effect Of Unusual Items": 63535.980485,
        "Tax Rate For Calcs": 0.283643,
        "Normalized EBITDA": 18274000.0,
        "Total Unusual Items": 224000.0,
        "Total Unusual Items Excluding Goodwill": 224000.0,
        "Net Income From Continuing Operation Net Minority Interest": 9937000.0,
        "Reconciled Depreciation": -68000.0,
        "Reconciled Cost Of Revenue": 7360000.0,
        "EBITDA": 18498000.0,
        "EBIT": 18498000.0,
        "Net Interest Income": -3740000.0,
        "Interest Expense": 3740000.0,
        "Interest Income": NaN,
        "Normalized Income": 9776535.980485,
        "Net Income From Continuing And Discontinued Operation": 2420000.0,
        "Total Expenses": 31199000.0,
        "Total Operating Income As Reported": 18274000.0,
        "Diluted Average Shares": 18251876.0,
        "Basic Average Shares": 17708460.0,
        "Diluted EPS": 0.13,
        "Basic EPS": 0.14,
        "Diluted NI Availto Com Stockholders": 2451000.0,
        "Average Dilution Earnings": 31000.0,
        "Net Income Common Stockholders": 2420000.0,
        "Net Income": 2420000.0,
        "Minority Interests": -635000.0,
        "Net Income Including Noncontrolling Interests": 3055000.0,
        "Net Income Discontinuous Operations": NaN,
        "Net Income Continuous Operations": 10572000.0,
        "Tax Provision": 4186000.0,
        "Pretax Income": 14758000.0,
        "Other Income Expense": 224000.0,
        "Special Income Charges": 0.0,
        "Other Special Charges": NaN,
        "Gain On Sale Of Security": 224000.0,
        "Net Non Operating Interest Income Expense": -3740000.0,
        "Interest Expense Non Operating": 3740000.0,
        "Interest Income Non Operating": NaN,
        "Operating Income": 18274000.0,
        "Operating Expense": 23839000.0,
        "Other Operating Expenses": 0.0,
        "Selling General And Administration": 23839000.0,
        "Gross Profit": 42113000.0,
        "Cost Of Revenue": 7360000.0,
        "Total Revenue": 49473000.0,
        "Excise Taxes": NaN,
        "Operating Revenue": 49473000.0
    },
    "2025-03-31": {
        "Tax Effect Of Unusual Items": -107616.0,
        "Tax Rate For Calcs": 0.114,
        "Normalized EBITDA": 26071000.0,
        "Total Unusual Items": -944000.0,
        "Total Unusual Items Excluding Goodwill": -944000.0,
        "Net Income From Continuing Operation Net Minority Interest": 14395000.0,
        "Reconciled Depreciation": 1616000.0,
        "Reconciled Cost Of Revenue": 46826000.0,
        "EBITDA": 25127000.0,
        "EBIT": 23511000.0,
        "Net Interest Income": -4414000.0,
        "Interest Expense": 5680000.0,
        "Interest Income": 1266000.0,
        "Normalized Income": 15231384.0,
        "Net Income From Continuing And Discontinued Operation": 14395000.0,
        "Total Expenses": 83247000.0,
        "Total Operating Income As Reported": 23189000.0,
        "Diluted Average Shares": 18249306.0,
        "Basic Average Shares": 17795243.0,
        "Diluted EPS": 0.81,
        "Basic EPS": 0.81,
        "Diluted NI Availto Com Stockholders": 14395000.0,
        "Average Dilution Earnings": 0.0,
        "Net Income Common Stockholders": 14395000.0,
        "Net Income": 14395000.0,
        "Minority Interests": -1396000.0,
        "Net Income Including Noncontrolling Interests": 15791000.0,
        "Net Income Discontinuous Operations": 0.0,
        "Net Income Continuous Operations": 15791000.0,
        "Tax Provision": 2040000.0,
        "Pretax Income": 17831000.0,
        "Other Income Expense": -944000.0,
        "Special Income Charges": -1235000.0,
        "Other Special Charges": 1235000.0,
        "Gain On Sale Of Security": 291000.0,
        "Net Non Operating Interest Income Expense": -4414000.0,
        "Interest Expense Non Operating": 5680000.0,
        "Interest Income Non Operating": 1266000.0,
        "Operating Income": 23189000.0,
        "Operating Expense": 36421000.0,
        "Other Operating Expenses": NaN,
        "Selling General And Administration": 36421000.0,
        "Gross Profit": 59610000.0,
        "Cost Of Revenue": 46826000.0,
        "Total Revenue": 106436000.0,
        "Excise Taxes": NaN,
        "Operating Revenue": 106436000.0
    },
    "2025-06-30": {
        "Tax Effect Of Unusual Items": 3400.0,
        "Tax Rate For Calcs": 0.2,
        "Normalized EBITDA": 28216000.0,
        "Total Unusual Items": 17000.0,
        "Total Unusual Items Excluding Goodwill": 17000.0,
        "Net Income From Continuing Operation Net Minority Interest": 14480000.0,
        "Reconciled Depreciation": 1889000.0,
        "Reconciled Cost Of Revenue": 50011000.0,
        "EBITDA": 28233000.0,
        "EBIT": 26344000.0,
        "Net Interest Income": -5140000.0,
        "Interest Expense": 5140000.0,
        "Interest Income": NaN,
        "Normalized Income": 14466400.0,
        "Net Income From Continuing And Discontinued Operation": 14480000.0,
        "Total Expenses": 90307000.0,
        "Total Operating Income As Reported": 26327000.0,
        "Diluted Average Shares": 18321913.0,
        "Basic Average Shares": 17920567.0,
        "Diluted EPS": 0.79,
        "Basic EPS": 0.81,
        "Diluted NI Availto Com Stockholders": 14480000.0,
        "Average Dilution Earnings": 0.0,
        "Net Income Common Stockholders": 14480000.0,
        "Net Income": 14480000.0,
        "Minority Interests": -2480000.0,
        "Net Income Including Noncontrolling Interests": 16960000.0,
        "Net Income Discontinuous Operations": 0.0,
        "Net Income Continuous Operations": 16960000.0,
        "Tax Provision": 4244000.0,
        "Pretax Income": 21204000.0,
        "Other Income Expense": 17000.0,
        "Special Income Charges": 0.0,
        "Other Special Charges": NaN,
        "Gain On Sale Of Security": 17000.0,
        "Net Non Operating Interest Income Expense": -5140000.0,
        "Interest Expense Non Operating": 5140000.0,
        "Interest Income Non Operating": NaN,
        "Operating Income": 26327000.0,
        "Operating Expense": 40296000.0,
        "Other Operating Expenses": NaN,
        "Selling General And Administration": 40296000.0,
        "Gross Profit": 66623000.0,
        "Cost Of Revenue": 50011000.0,
        "Total Revenue": 116634000.0,
        "Excise Taxes": NaN,
        "Operating Revenue": 116634000.0
    }
}