{
    "2023-03-31": {
        "Tax Effect Of Unusual Items": NaN,
        "Tax Rate For Calcs": NaN,
        "Normalized EBITDA": NaN,
        "Total Unusual Items": NaN,
        "Total Unusual Items Excluding Goodwill": NaN,
        "Net Income From Continuing Operation Net Minority Interest": NaN,
        "Reconciled Depreciation": NaN,
        "Reconciled Cost Of Revenue": NaN,
        "EBITDA": NaN,
        "EBIT": NaN,
        "Net Interest Income": NaN,
        "Interest Expense": NaN,
        "Normalized Income": NaN,
        "Net Income From Continuing And Discontinued Operation": NaN,
        "Total Expenses": NaN,
        "Total Operating Income As Reported": NaN,
        "Diluted Average Shares": NaN,
        "Basic Average Shares": NaN,
        "Diluted EPS": NaN,
        "Basic EPS": NaN,
        "Diluted NI Availto Com Stockholders": NaN,
        "Net Income Common Stockholders": NaN,
        "Preferred Stock Dividends": 15173000.0,
        "Net Income": NaN,
        "Net Income Including Noncontrolling Interests": NaN,
        "Net Income Discontinuous Operations": NaN,
        "Net Income Continuous Operations": NaN,
        "Tax Provision": NaN,
        "Pretax Income": NaN,
        "Other Income Expense": NaN,
        "Other Non Operating Income Expenses": NaN,
        "Special Income Charges": NaN,
        "Gain On Sale Of Ppe": NaN,
        "Restructuring And Mergern Acquisition": NaN,
        "Gain On Sale Of Security": NaN,
        "Net Non Operating Interest Income Expense": NaN,
        "Interest Expense Non Operating": NaN,
        "Operating Income": NaN,
        "Operating Expense": NaN,
        "Selling General And Administration": NaN,
        "General And Administrative Expense": NaN,
        "Other Gand A": NaN,
        "Gross Profit": NaN,
        "Cost Of Revenue": NaN,
        "Total Revenue": NaN,
        "Operating Revenue": NaN
    },
    "2022-12-31": {
        "Tax Effect Of Unusual Items": NaN,
        "Tax Rate For Calcs": NaN,
        "Normalized EBITDA": NaN,
        "Total Unusual Items": NaN,
        "Total Unusual Items Excluding Goodwill": NaN,
        "Net Income From Continuing Operation Net Minority Interest": NaN,
        "Reconciled Depreciation": NaN,
        "Reconciled Cost Of Revenue": NaN,
        "EBITDA": NaN,
        "EBIT": NaN,
        "Net Interest Income": NaN,
        "Interest Expense": NaN,
        "Normalized Income": NaN,
        "Net Income From Continuing And Discontinued Operation": NaN,
        "Total Expenses": NaN,
        "Total Operating Income As Reported": NaN,
        "Diluted Average Shares": NaN,
        "Basic Average Shares": NaN,
        "Diluted EPS": NaN,
        "Basic EPS": NaN,
        "Diluted NI Availto Com Stockholders": NaN,
        "Net Income Common Stockholders": NaN,
        "Preferred Stock Dividends": 15245000.0,
        "Net Income": NaN,
        "Net Income Including Noncontrolling Interests": NaN,
        "Net Income Discontinuous Operations": NaN,
        "Net Income Continuous Operations": NaN,
        "Tax Provision": NaN,
        "Pretax Income": NaN,
        "Other Income Expense": NaN,
        "Other Non Operating Income Expenses": NaN,
        "Special Income Charges": NaN,
        "Gain On Sale Of Ppe": NaN,
        "Restructuring And Mergern Acquisition": NaN,
        "Gain On Sale Of Security": NaN,
        "Net Non Operating Interest Income Expense": NaN,
        "Interest Expense Non Operating": NaN,
        "Operating Income": NaN,
        "Operating Expense": NaN,
        "Selling General And Administration": NaN,
        "General And Administrative Expense": NaN,
        "Other Gand A": NaN,
        "Gross Profit": NaN,
        "Cost Of Revenue": NaN,
        "Total Revenue": NaN,
        "Operating Revenue": NaN
    },
    "2022-09-30": {
        "Tax Effect Of Unusual Items": 3151200.0,
        "Tax Rate For Calcs": 0.4,
        "Normalized EBITDA": 12641000.0,
        "Total Unusual Items": 7878000.0,
        "Total Unusual Items Excluding Goodwill": 7878000.0,
        "Net Income From Continuing Operation Net Minority Interest": -1467000.0,
        "Reconciled Depreciation": 10726000.0,
        "Reconciled Cost Of Revenue": 450599000.0,
        "EBITDA": 20519000.0,
        "EBIT": 9793000.0,
        "Net Interest Income": -1149000.0,
        "Interest Expense": 1149000.0,
        "Normalized Income": -6193800.0,
        "Net Income From Continuing And Discontinued Operation": -1467000.0,
        "Total Expenses": 458629000.0,
        "Total Operating Income As Reported": -2842000.0,
        "Diluted Average Shares": 41984000.0,
        "Basic Average Shares": 41984000.0,
        "Diluted EPS": -0.39,
        "Basic EPS": -0.39,
        "Diluted NI Availto Com Stockholders": -16443000.0,
        "Net Income Common Stockholders": -16443000.0,
        "Preferred Stock Dividends": 14976000.0,
        "Net Income": -1467000.0,
        "Net Income Including Noncontrolling Interests": -1467000.0,
        "Net Income Discontinuous Operations": NaN,
        "Net Income Continuous Operations": -1467000.0,
        "Tax Provision": 10111000.0,
        "Pretax Income": 8644000.0,
        "Other Income Expense": 9151000.0,
        "Other Non Operating Income Expenses": 1273000.0,
        "Special Income Charges": -3484000.0,
        "Gain On Sale Of Ppe": -3571000.0,
        "Restructuring And Mergern Acquisition": -87000.0,
        "Gain On Sale Of Security": 11362000.0,
        "Net Non Operating Interest Income Expense": -1149000.0,
        "Interest Expense Non Operating": 1149000.0,
        "Operating Income": 642000.0,
        "Operating Expense": 8030000.0,
        "Selling General And Administration": 8030000.0,
        "General And Administrative Expense": 8030000.0,
        "Other Gand A": 8030000.0,
        "Gross Profit": 8672000.0,
        "Cost Of Revenue": 450599000.0,
        "Total Revenue": 459271000.0,
        "Operating Revenue": 459271000.0
    },
    "2022-06-30": {
        "Tax Effect Of Unusual Items": 2925200.0,
        "Tax Rate For Calcs": 0.4,
        "Normalized EBITDA": 6540000.0,
        "Total Unusual Items": 7313000.0,
        "Total Unusual Items Excluding Goodwill": 7313000.0,
        "Net Income From Continuing Operation Net Minority Interest": -5510000.0,
        "Reconciled Depreciation": 11696000.0,
        "Reconciled Cost Of Revenue": 451145000.0,
        "EBITDA": 13853000.0,
        "EBIT": 2157000.0,
        "Net Interest Income": -913000.0,
        "Interest Expense": 913000.0,
        "Normalized Income": -9897800.0,
        "Net Income From Continuing And Discontinued Operation": -5510000.0,
        "Total Expenses": 457833000.0,
        "Total Operating Income As Reported": -8038000.0,
        "Diluted Average Shares": 41968000.0,
        "Basic Average Shares": 41968000.0,
        "Diluted EPS": -0.6,
        "Basic EPS": -0.6,
        "Diluted NI Availto Com Stockholders": -20060000.0,
        "Net Income Common Stockholders": -20060000.0,
        "Preferred Stock Dividends": 14550000.0,
        "Net Income": -5510000.0,
        "Net Income Including Noncontrolling Interests": -5510000.0,
        "Net Income Discontinuous Operations": NaN,
        "Net Income Continuous Operations": -5510000.0,
        "Tax Provision": 6754000.0,
        "Pretax Income": 1244000.0,
        "Other Income Expense": 7622000.0,
        "Other Non Operating Income Expenses": 309000.0,
        "Special Income Charges": -2573000.0,
        "Gain On Sale Of Ppe": -2563000.0,
        "Restructuring And Mergern Acquisition": 10000.0,
        "Gain On Sale Of Security": 9886000.0,
        "Net Non Operating Interest Income Expense": -913000.0,
        "Interest Expense Non Operating": 913000.0,
        "Operating Income": -5465000.0,
        "Operating Expense": 6688000.0,
        "Selling General And Administration": 6688000.0,
        "General And Administrative Expense": 6688000.0,
        "Other Gand A": 6688000.0,
        "Gross Profit": 1223000.0,
        "Cost Of Revenue": 451145000.0,
        "Total Revenue": 452368000.0,
        "Operating Revenue": 452368000.0
    },
    "2022-03-31": {
        "Diluted EPS": -0.71,
        "Total Revenue": 344,
        "Gross Profit": 1,
        "Operating Income": -8,
        "EBIT": 4,
        "Net Income": -30
    },
    "2021-12-31": {
        "Diluted EPS": -2.47,
        "Total Revenue": 129,
        "Gross Profit": -46,
        "Operating Income": -63,
        "EBIT": -47,
        "Net Income": -93
    },
    "2021-09-30": {
        "Diluted EPS": -0.83,
        "Total Revenue": 480,
        "Gross Profit": -7,
        "Operating Income": -24,
        "EBIT": -11,
        "Net Income": -31
    },
    "2021-06-30": {
        "Diluted EPS": -1.08,
        "Total Revenue": 459,
        "Gross Profit": 8,
        "Operating Income": -2,
        "EBIT": 11,
        "Net Income": -40
    },
    "2021-03-31": {
        "Diluted EPS": -0.05,
        "Total Revenue": 405,
        "Gross Profit": 7,
        "Operating Income": -3,
        "EBIT": 9,
        "Net Income": -2
    },
    "2020-12-31": {
        "Diluted EPS": 0.21,
        "Total Revenue": -62,
        "Gross Profit": -48,
        "Operating Income": -56,
        "EBIT": -43,
        "Net Income": 5
    },
    "2020-09-30": {
        "Diluted EPS": 1.13,
        "Total Revenue": 474,
        "Gross Profit": 40,
        "Operating Income": 29,
        "EBIT": 43,
        "Net Income": 42
    },
    "2020-06-30": {
        "Diluted EPS": -1.87,
        "Total Revenue": 374,
        "Gross Profit": -5,
        "Operating Income": -13,
        "EBIT": -2,
        "Net Income": -66
    },
    "2020-03-31": {
        "Diluted EPS": -0.01,
        "Total Revenue": 357,
        "Gross Profit": -4,
        "Operating Income": -15,
        "EBIT": -4,
        "Net Income": 0
    },
    "2019-12-31": {
        "Diluted EPS": -0.02,
        "Total Revenue": 422,
        "Gross Profit": 31,
        "Operating Income": 11,
        "EBIT": 22,
        "Net Income": -1
    },
    "2019-09-30": {
        "Diluted EPS": -0.13,
        "Total Revenue": 384,
        "Gross Profit": 26,
        "Operating Income": 12,
        "EBIT": 22,
        "Net Income": -5
    },
    "2019-06-30": {
        "Diluted EPS": 0.05,
        "Total Revenue": 331,
        "Gross Profit": 23,
        "Operating Income": 4,
        "EBIT": 12,
        "Net Income": 2
    },
    "2019-03-31": {
        "Diluted EPS": -0.35,
        "Total Revenue": 300,
        "Gross Profit": -1,
        "Operating Income": -12,
        "EBIT": -1,
        "Net Income": -12
    },
    "2018-12-31": {
        "Diluted EPS": -0.23,
        "Total Revenue": 290,
        "Gross Profit": 13,
        "Operating Income": -4,
        "EBIT": 4,
        "Net Income": -9
    },
    "2018-09-30": {
        "Diluted EPS": 0.26,
        "Total Revenue": 255,
        "Gross Profit": 17,
        "Operating Income": 7,
        "EBIT": 13,
        "Net Income": 10
    },
    "2018-06-30": {
        "Diluted EPS": -0.12,
        "Total Revenue": 231,
        "Gross Profit": 15,
        "Operating Income": 4,
        "EBIT": 10,
        "Net Income": -4
    },
    "2018-03-31": {
        "Diluted EPS": 0.24,
        "Total Revenue": 254,
        "Gross Profit": 28,
        "Operating Income": 17,
        "EBIT": 24,
        "Net Income": 9
    },
    "2017-12-31": {
        "Diluted EPS": 0.06,
        "Total Revenue": 254,
        "Gross Profit": 30,
        "Operating Income": 18,
        "EBIT": 26,
        "Net Income": 2
    },
    "2017-09-30": {
        "Diluted EPS": 0.62,
        "Total Revenue": 253,
        "Gross Profit": 30,
        "Operating Income": 21,
        "EBIT": 27,
        "Net Income": 22
    },
    "2017-06-30": {
        "Diluted EPS": 0.28,
        "Total Revenue": 240,
        "Gross Profit": 30,
        "Operating Income": 19,
        "EBIT": 24,
        "Net Income": 10
    },
    "2017-03-31": {
        "Diluted EPS": 0.15,
        "Total Revenue": 209,
        "Gross Profit": 20,
        "Operating Income": 12,
        "EBIT": 16,
        "Net Income": 5
    },
    "2016-12-31": {
        "Diluted EPS": -0.85,
        "Total Revenue": 200,
        "Gross Profit": 29,
        "Operating Income": 19,
        "EBIT": 23,
        "Net Income": 11
    },
    "2016-09-30": {
        "Diluted EPS": 0.08,
        "Total Revenue": 199,
        "Gross Profit": 22,
        "Operating Income": 8,
        "EBIT": 14,
        "Net Income": 2
    },
    "2016-06-30": {
        "Diluted EPS": 2.15,
        "Total Revenue": 194,
        "Gross Profit": 23,
        "Operating Income": 17,
        "EBIT": 22,
        "Net Income": 9
    },
    "2016-03-31": {
        "Diluted EPS": -0.16,
        "Total Revenue": 176,
        "Gross Profit": 13,
        "Operating Income": 8,
        "EBIT": 12,
        "Net Income": -1
    },
    "2015-12-31": {
        "Diluted EPS": 2.15,
        "Total Revenue": 179,
        "Gross Profit": 21,
        "Operating Income": 17,
        "EBIT": 21,
        "Net Income": 11
    },
    "2015-09-30": {
        "Diluted EPS": -1.06,
        "Total Revenue": 162,
        "Gross Profit": 8,
        "Operating Income": 4,
        "EBIT": 9,
        "Net Income": -5
    },
    "2015-06-30": {
        "Diluted EPS": 0.41,
        "Total Revenue": 150,
        "Gross Profit": 12,
        "Operating Income": 9,
        "EBIT": 13,
        "Net Income": 2
    },
    "2015-03-31": {
        "Diluted EPS": -1.91,
        "Total Revenue": 96,
        "Gross Profit": 1,
        "Operating Income": -3,
        "EBIT": 1,
        "Net Income": -8
    },
    "2014-12-31": {
        "Diluted EPS": 0.0,
        "Total Revenue": NaN,
        "Gross Profit": NaN,
        "Operating Income": NaN,
        "EBIT": NaN,
        "Net Income": NaN
    },
    "2013-12-31": {
        "Diluted EPS": 0.0,
        "Total Revenue": NaN,
        "Gross Profit": NaN,
        "Operating Income": NaN,
        "EBIT": NaN,
        "Net Income": NaN
    },
    "2023-06-30": {
        "Tax Effect Of Unusual Items": NaN,
        "Tax Rate For Calcs": NaN,
        "Normalized EBITDA": NaN,
        "Total Unusual Items": NaN,
        "Total Unusual Items Excluding Goodwill": NaN,
        "Net Income From Continuing Operation Net Minority Interest": NaN,
        "Reconciled Depreciation": NaN,
        "Reconciled Cost Of Revenue": NaN,
        "EBITDA": NaN,
        "EBIT": NaN,
        "Net Interest Income": NaN,
        "Interest Expense": NaN,
        "Normalized Income": NaN,
        "Net Income From Continuing And Discontinued Operation": NaN,
        "Total Expenses": NaN,
        "Total Operating Income As Reported": NaN,
        "Diluted Average Shares": 42517000.0,
        "Basic Average Shares": 42517000.0,
        "Diluted EPS": -1.9,
        "Basic EPS": -1.9,
        "Diluted NI Availto Com Stockholders": NaN,
        "Net Income Common Stockholders": NaN,
        "Preferred Stock Dividends": 15598000.0,
        "Net Income": NaN,
        "Net Income Including Noncontrolling Interests": NaN,
        "Net Income Discontinuous Operations": NaN,
        "Net Income Continuous Operations": NaN,
        "Tax Provision": NaN,
        "Pretax Income": NaN,
        "Other Income Expense": NaN,
        "Other Non Operating Income Expenses": NaN,
        "Special Income Charges": NaN,
        "Gain On Sale Of Ppe": NaN,
        "Restructuring And Mergern Acquisition": NaN,
        "Gain On Sale Of Security": NaN,
        "Net Non Operating Interest Income Expense": NaN,
        "Interest Expense Non Operating": NaN,
        "Operating Income": NaN,
        "Operating Expense": NaN,
        "Selling General And Administration": NaN,
        "General And Administrative Expense": NaN,
        "Other Gand A": NaN,
        "Gross Profit": NaN,
        "Cost Of Revenue": NaN,
        "Total Revenue": NaN,
        "Operating Revenue": NaN
    },
    "2023-09-30": {
        "Tax Effect Of Unusual Items": NaN,
        "Tax Rate For Calcs": NaN,
        "Normalized EBITDA": NaN,
        "Total Unusual Items": NaN,
        "Total Unusual Items Excluding Goodwill": NaN,
        "Net Income From Continuing Operation Net Minority Interest": NaN,
        "Reconciled Depreciation": NaN,
        "Reconciled Cost Of Revenue": NaN,
        "EBITDA": NaN,
        "EBIT": NaN,
        "Net Interest Income": NaN,
        "Interest Expense": NaN,
        "Normalized Income": NaN,
        "Net Income From Continuing And Discontinued Operation": NaN,
        "Total Expenses": NaN,
        "Total Operating Income As Reported": NaN,
        "Diluted Average Shares": NaN,
        "Basic Average Shares": NaN,
        "Diluted EPS": NaN,
        "Basic EPS": NaN,
        "Diluted NI Availto Com Stockholders": NaN,
        "Net Income Common Stockholders": NaN,
        "Preferred Stock Dividends": 16031000.0,
        "Net Income": NaN,
        "Net Income Including Noncontrolling Interests": NaN,
        "Net Income Discontinuous Operations": NaN,
        "Net Income Continuous Operations": NaN,
        "Tax Provision": NaN,
        "Pretax Income": NaN,
        "Other Income Expense": NaN,
        "Other Non Operating Income Expenses": NaN,
        "Special Income Charges": NaN,
        "Gain On Sale Of Ppe": NaN,
        "Restructuring And Mergern Acquisition": NaN,
        "Gain On Sale Of Security": NaN,
        "Net Non Operating Interest Income Expense": NaN,
        "Interest Expense Non Operating": NaN,
        "Operating Income": NaN,
        "Operating Expense": NaN,
        "Selling General And Administration": NaN,
        "General And Administrative Expense": NaN,
        "Other Gand A": NaN,
        "Gross Profit": NaN,
        "Cost Of Revenue": NaN,
        "Total Revenue": NaN,
        "Operating Revenue": NaN
    },
    "2023-12-31": {
        "Tax Effect Of Unusual Items": NaN,
        "Tax Rate For Calcs": NaN,
        "Normalized EBITDA": NaN,
        "Total Unusual Items": NaN,
        "Total Unusual Items Excluding Goodwill": NaN,
        "Net Income From Continuing Operation Net Minority Interest": NaN,
        "Reconciled Depreciation": NaN,
        "Reconciled Cost Of Revenue": NaN,
        "EBITDA": NaN,
        "EBIT": NaN,
        "Net Interest Income": NaN,
        "Interest Expense": NaN,
        "Normalized Income": NaN,
        "Net Income From Continuing And Discontinued Operation": NaN,
        "Total Expenses": NaN,
        "Total Operating Income As Reported": NaN,
        "Diluted Average Shares": NaN,
        "Basic Average Shares": NaN,
        "Diluted EPS": NaN,
        "Basic EPS": NaN,
        "Diluted NI Availto Com Stockholders": NaN,
        "Net Income Common Stockholders": NaN,
        "Preferred Stock Dividends": 11651000.0,
        "Net Income": NaN,
        "Net Income Including Noncontrolling Interests": NaN,
        "Net Income Discontinuous Operations": NaN,
        "Net Income Continuous Operations": NaN,
        "Tax Provision": NaN,
        "Pretax Income": NaN,
        "Other Income Expense": NaN,
        "Other Non Operating Income Expenses": NaN,
        "Special Income Charges": NaN,
        "Gain On Sale Of Ppe": NaN,
        "Restructuring And Mergern Acquisition": NaN,
        "Gain On Sale Of Security": NaN,
        "Net Non Operating Interest Income Expense": NaN,
        "Interest Expense Non Operating": NaN,
        "Operating Income": NaN,
        "Operating Expense": NaN,
        "Selling General And Administration": NaN,
        "General And Administrative Expense": NaN,
        "Other Gand A": NaN,
        "Gross Profit": NaN,
        "Cost Of Revenue": NaN,
        "Total Revenue": NaN,
        "Operating Revenue": NaN
    },
    "2024-03-31": {
        "Tax Effect Of Unusual Items": -556080.0,
        "Tax Rate For Calcs": 0.21,
        "Normalized EBITDA": -24706000.0,
        "Total Unusual Items": -2648000.0,
        "Total Unusual Items Excluding Goodwill": -2648000.0,
        "Net Income From Continuing Operation Net Minority Interest": -60879000.0,
        "Reconciled Depreciation": 8900000.0,
        "Reconciled Cost Of Revenue": 321724000.0,
        "EBITDA": -27354000.0,
        "EBIT": -36254000.0,
        "Net Interest Income": -21383000.0,
        "Interest Expense": 21383000.0,
        "Normalized Income": -58787080.0,
        "Net Income From Continuing And Discontinued Operation": -61468000.0,
        "Total Expenses": 330127000.0,
        "Total Operating Income As Reported": -38098000.0,
        "Diluted Average Shares": 47204000.0,
        "Basic Average Shares": 47204000.0,
        "Diluted EPS": -1.3,
        "Basic EPS": -1.3,
        "Diluted NI Availto Com Stockholders": -61468000.0,
        "Net Income Common Stockholders": -61468000.0,
        "Preferred Stock Dividends": NaN,
        "Net Income": -61468000.0,
        "Net Income Including Noncontrolling Interests": -61468000.0,
        "Net Income Discontinuous Operations": -589000.0,
        "Net Income Continuous Operations": -60879000.0,
        "Tax Provision": 3242000.0,
        "Pretax Income": -57637000.0,
        "Other Income Expense": -173000.0,
        "Other Non Operating Income Expenses": 2475000.0,
        "Special Income Charges": -2017000.0,
        "Gain On Sale Of Ppe": -1835000.0,
        "Restructuring And Mergern Acquisition": 182000.0,
        "Gain On Sale Of Security": -631000.0,
        "Net Non Operating Interest Income Expense": -21383000.0,
        "Interest Expense Non Operating": 21383000.0,
        "Operating Income": -36081000.0,
        "Operating Expense": 8403000.0,
        "Selling General And Administration": 8403000.0,
        "General And Administrative Expense": 8403000.0,
        "Other Gand A": 8403000.0,
        "Gross Profit": -27678000.0,
        "Cost Of Revenue": 321724000.0,
        "Total Revenue": 294046000.0,
        "Operating Revenue": 294046000.0
    },
    "2024-06-30": {
        "Tax Effect Of Unusual Items": -682290.0,
        "Tax Rate For Calcs": 0.21,
        "Normalized EBITDA": -26478000.0,
        "Total Unusual Items": -3249000.0,
        "Total Unusual Items Excluding Goodwill": -3249000.0,
        "Net Income From Continuing Operation Net Minority Interest": -61496000.0,
        "Reconciled Depreciation": 6929000.0,
        "Reconciled Cost Of Revenue": 334240000.0,
        "EBITDA": -29727000.0,
        "EBIT": -36656000.0,
        "Net Interest Income": -22428000.0,
        "Interest Expense": 22428000.0,
        "Normalized Income": -58929290.0,
        "Net Income From Continuing And Discontinued Operation": -91089000.0,
        "Total Expenses": 343451000.0,
        "Total Operating Income As Reported": -37015000.0,
        "Diluted Average Shares": 47504000.0,
        "Basic Average Shares": 47504000.0,
        "Diluted EPS": -1.92,
        "Basic EPS": -1.92,
        "Diluted NI Availto Com Stockholders": -91089000.0,
        "Net Income Common Stockholders": -91089000.0,
        "Preferred Stock Dividends": NaN,
        "Net Income": -91089000.0,
        "Net Income Including Noncontrolling Interests": -91089000.0,
        "Net Income Discontinuous Operations": -29593000.0,
        "Net Income Continuous Operations": -61496000.0,
        "Tax Provision": 2412000.0,
        "Pretax Income": -59084000.0,
        "Other Income Expense": -3022000.0,
        "Other Non Operating Income Expenses": 227000.0,
        "Special Income Charges": -3381000.0,
        "Gain On Sale Of Ppe": -3083000.0,
        "Restructuring And Mergern Acquisition": 298000.0,
        "Gain On Sale Of Security": 132000.0,
        "Net Non Operating Interest Income Expense": -22428000.0,
        "Interest Expense Non Operating": 22428000.0,
        "Operating Income": -33634000.0,
        "Operating Expense": 9211000.0,
        "Selling General And Administration": 9211000.0,
        "General And Administrative Expense": 9211000.0,
        "Other Gand A": 9211000.0,
        "Gross Profit": -24423000.0,
        "Cost Of Revenue": 334240000.0,
        "Total Revenue": 309817000.0,
        "Operating Revenue": 309817000.0
    },
    "2024-09-30": {
        "Tax Effect Of Unusual Items": -2513700.0,
        "Tax Rate For Calcs": 0.21,
        "Normalized EBITDA": 6506000.0,
        "Total Unusual Items": -11970000.0,
        "Total Unusual Items Excluding Goodwill": -11970000.0,
        "Net Income From Continuing Operation Net Minority Interest": -38596000.0,
        "Reconciled Depreciation": 7697000.0,
        "Reconciled Cost Of Revenue": 377995000.0,
        "EBITDA": -5464000.0,
        "EBIT": -13161000.0,
        "Net Interest Income": -24194000.0,
        "Interest Expense": 24194000.0,
        "Normalized Income": -29139700.0,
        "Net Income From Continuing And Discontinued Operation": -40068000.0,
        "Total Expenses": 382712000.0,
        "Total Operating Income As Reported": -11574000.0,
        "Diluted Average Shares": 47556000.0,
        "Basic Average Shares": 47556000.0,
        "Diluted EPS": -0.84,
        "Basic EPS": -0.84,
        "Diluted NI Availto Com Stockholders": -40068000.0,
        "Net Income Common Stockholders": -40068000.0,
        "Preferred Stock Dividends": NaN,
        "Net Income": -40068000.0,
        "Net Income Including Noncontrolling Interests": -40068000.0,
        "Net Income Discontinuous Operations": -1472000.0,
        "Net Income Continuous Operations": -38596000.0,
        "Tax Provision": 1241000.0,
        "Pretax Income": -37355000.0,
        "Other Income Expense": -11211000.0,
        "Other Non Operating Income Expenses": 759000.0,
        "Special Income Charges": -9624000.0,
        "Gain On Sale Of Ppe": -9196000.0,
        "Restructuring And Mergern Acquisition": 428000.0,
        "Gain On Sale Of Security": -2346000.0,
        "Net Non Operating Interest Income Expense": -24194000.0,
        "Interest Expense Non Operating": 24194000.0,
        "Operating Income": -1950000.0,
        "Operating Expense": 4717000.0,
        "Selling General And Administration": 4717000.0,
        "General And Administrative Expense": 4717000.0,
        "Other Gand A": 4717000.0,
        "Gross Profit": 2767000.0,
        "Cost Of Revenue": 377995000.0,
        "Total Revenue": 380762000.0,
        "Operating Revenue": 380762000.0
    },
    "2024-12-31": {
        "Tax Effect Of Unusual Items": -2513280.0,
        "Tax Rate For Calcs": 0.21,
        "Normalized EBITDA": -155000.0,
        "Total Unusual Items": -11968000.0,
        "Total Unusual Items Excluding Goodwill": -11968000.0,
        "Net Income From Continuing Operation Net Minority Interest": -49149000.0,
        "Reconciled Depreciation": 6956000.0,
        "Reconciled Cost Of Revenue": 350171000.0,
        "EBITDA": -12123000.0,
        "EBIT": -19079000.0,
        "Net Interest Income": -24415000.0,
        "Interest Expense": 24415000.0,
        "Normalized Income": -39694280.0,
        "Net Income From Continuing And Discontinued Operation": -48082000.0,
        "Total Expenses": 355376000.0,
        "Total Operating Income As Reported": -22028000.0,
        "Diluted Average Shares": 47581000.0,
        "Basic Average Shares": 47581000.0,
        "Diluted EPS": -1.01,
        "Basic EPS": -1.01,
        "Diluted NI Availto Com Stockholders": -48082000.0,
        "Net Income Common Stockholders": -48082000.0,
        "Preferred Stock Dividends": NaN,
        "Net Income": -48082000.0,
        "Net Income Including Noncontrolling Interests": -48082000.0,
        "Net Income Discontinuous Operations": 1067000.0,
        "Net Income Continuous Operations": -49149000.0,
        "Tax Provision": 5655000.0,
        "Pretax Income": -43494000.0,
        "Other Income Expense": -10209000.0,
        "Other Non Operating Income Expenses": 1759000.0,
        "Special Income Charges": -13158000.0,
        "Gain On Sale Of Ppe": -3116000.0,
        "Restructuring And Mergern Acquisition": 10042000.0,
        "Gain On Sale Of Security": 1190000.0,
        "Net Non Operating Interest Income Expense": -24415000.0,
        "Interest Expense Non Operating": 24415000.0,
        "Operating Income": -8870000.0,
        "Operating Expense": 5205000.0,
        "Selling General And Administration": 5205000.0,
        "General And Administrative Expense": 5205000.0,
        "Other Gand A": 5205000.0,
        "Gross Profit": -3665000.0,
        "Cost Of Revenue": 350171000.0,
        "Total Revenue": 346506000.0,
        "Operating Revenue": 346506000.0
    },
    "2025-03-31": {
        "Tax Effect Of Unusual Items": -1105020.0,
        "Tax Rate For Calcs": 0.21,
        "Normalized EBITDA": -11518000.0,
        "Total Unusual Items": -5262000.0,
        "Total Unusual Items Excluding Goodwill": -5262000.0,
        "Net Income From Continuing Operation Net Minority Interest": -48291000.0,
        "Reconciled Depreciation": 6889000.0,
        "Reconciled Cost Of Revenue": 350109000.0,
        "EBITDA": -16780000.0,
        "EBIT": -23669000.0,
        "Net Interest Income": -24204000.0,
        "Interest Expense": 24204000.0,
        "Normalized Income": -44134020.0,
        "Net Income From Continuing And Discontinued Operation": -48313000.0,
        "Total Expenses": 356028000.0,
        "Total Operating Income As Reported": -22792000.0,
        "Diluted Average Shares": 47609000.0,
        "Basic Average Shares": 47609000.0,
        "Diluted EPS": -1.01,
        "Basic EPS": -1.01,
        "Diluted NI Availto Com Stockholders": -48313000.0,
        "Net Income Common Stockholders": -48313000.0,
        "Preferred Stock Dividends": NaN,
        "Net Income": -48313000.0,
        "Net Income Including Noncontrolling Interests": -48313000.0,
        "Net Income Discontinuous Operations": -22000.0,
        "Net Income Continuous Operations": -48291000.0,
        "Tax Provision": 418000.0,
        "Pretax Income": -47873000.0,
        "Other Income Expense": -3798000.0,
        "Other Non Operating Income Expenses": 1464000.0,
        "Special Income Charges": -2921000.0,
        "Gain On Sale Of Ppe": -2549000.0,
        "Restructuring And Mergern Acquisition": 372000.0,
        "Gain On Sale Of Security": -2341000.0,
        "Net Non Operating Interest Income Expense": -24204000.0,
        "Interest Expense Non Operating": 24204000.0,
        "Operating Income": -19871000.0,
        "Operating Expense": 5919000.0,
        "Selling General And Administration": 5919000.0,
        "General And Administrative Expense": 5919000.0,
        "Other Gand A": 5919000.0,
        "Gross Profit": -13952000.0,
        "Cost Of Revenue": 350109000.0,
        "Total Revenue": 336157000.0,
        "Operating Revenue": 336157000.0
    },
    "2025-06-30": {
        "Tax Effect Of Unusual Items": -104707.530142,
        "Tax Rate For Calcs": 0.009819,
        "Normalized EBITDA": -26975000.0,
        "Total Unusual Items": -10664000.0,
        "Total Unusual Items Excluding Goodwill": -10664000.0,
        "Net Income From Continuing Operation Net Minority Interest": -68575000.0,
        "Reconciled Depreciation": 6998000.0,
        "Reconciled Cost Of Revenue": 305253000.0,
        "EBITDA": -37639000.0,
        "EBIT": -44637000.0,
        "Net Interest Income": -24618000.0,
        "Interest Expense": 24618000.0,
        "Normalized Income": -58015707.530142,
        "Net Income From Continuing And Discontinued Operation": -68227000.0,
        "Total Expenses": 309804000.0,
        "Total Operating Income As Reported": -39406000.0,
        "Diluted Average Shares": 48685000.0,
        "Basic Average Shares": 48685000.0,
        "Diluted EPS": -1.4,
        "Basic EPS": -1.4,
        "Diluted NI Availto Com Stockholders": -68227000.0,
        "Net Income Common Stockholders": -68227000.0,
        "Preferred Stock Dividends": NaN,
        "Net Income": -68227000.0,
        "Net Income Including Noncontrolling Interests": -68227000.0,
        "Net Income Discontinuous Operations": 348000.0,
        "Net Income Continuous Operations": -68575000.0,
        "Tax Provision": -680000.0,
        "Pretax Income": -69255000.0,
        "Other Income Expense": -11078000.0,
        "Other Non Operating Income Expenses": -414000.0,
        "Special Income Charges": -5847000.0,
        "Gain On Sale Of Ppe": -5734000.0,
        "Restructuring And Mergern Acquisition": 113000.0,
        "Gain On Sale Of Security": -4817000.0,
        "Net Non Operating Interest Income Expense": -24618000.0,
        "Interest Expense Non Operating": 24618000.0,
        "Operating Income": -33559000.0,
        "Operating Expense": 4551000.0,
        "Selling General And Administration": 4551000.0,
        "General And Administrative Expense": 4551000.0,
        "Other Gand A": 4551000.0,
        "Gross Profit": -29008000.0,
        "Cost Of Revenue": 305253000.0,
        "Total Revenue": 276245000.0,
        "Operating Revenue": 276245000.0
    }
}