{
    "2023-03-31": {
        "Tax Effect Of Unusual Items": 0.0,
        "Tax Rate For Calcs": 0.238,
        "Normalized EBITDA": 17395000.0,
        "Net Income From Continuing Operation Net Minority Interest": 13401000.0,
        "Reconciled Depreciation": 4599000.0,
        "Reconciled Cost Of Revenue": 111797000.0,
        "EBITDA": 17395000.0,
        "EBIT": 12796000.0,
        "Normalized Income": 13401000.0,
        "Net Income From Continuing And Discontinued Operation": 13401000.0,
        "Total Expenses": 149296000.0,
        "Total Operating Income As Reported": 12796000.0,
        "Diluted Average Shares": 72317000.0,
        "Basic Average Shares": 72317000.0,
        "Diluted EPS": 0.19,
        "Basic EPS": 0.19,
        "Diluted NI Availto Com Stockholders": 13401000.0,
        "Net Income Common Stockholders": 13401000.0,
        "Net Income": 13401000.0,
        "Minority Interests": 7000.0,
        "Net Income Including Noncontrolling Interests": 13394000.0,
        "Net Income Continuous Operations": 13394000.0,
        "Tax Provision": 4182000.0,
        "Pretax Income": 17576000.0,
        "Other Income Expense": 4780000.0,
        "Other Non Operating Income Expenses": 4780000.0,
        "Operating Income": 12796000.0,
        "Operating Expense": 37499000.0,
        "Selling General And Administration": 37499000.0,
        "Gross Profit": 50295000.0,
        "Cost Of Revenue": 111797000.0,
        "Total Revenue": 162092000.0,
        "Operating Revenue": 162092000.0
    },
    "2022-12-31": {
        "Tax Effect Of Unusual Items": 0.0,
        "Tax Rate For Calcs": 0.211903,
        "Normalized EBITDA": 19265000.0,
        "Net Income From Continuing Operation Net Minority Interest": 25344000.0,
        "Reconciled Depreciation": 4418000.0,
        "Reconciled Cost Of Revenue": 124091000.0,
        "EBITDA": 19265000.0,
        "EBIT": 14847000.0,
        "Normalized Income": 25344000.0,
        "Net Income From Continuing And Discontinued Operation": 25344000.0,
        "Total Expenses": 162363000.0,
        "Total Operating Income As Reported": 27357000.0,
        "Diluted Average Shares": 70572510.0,
        "Basic Average Shares": 70572510.0,
        "Diluted EPS": 0.359223,
        "Basic EPS": 0.359223,
        "Diluted NI Availto Com Stockholders": 25344000.0,
        "Net Income Common Stockholders": 25344000.0,
        "Net Income": 25344000.0,
        "Minority Interests": 13000.0,
        "Net Income Including Noncontrolling Interests": 25331000.0,
        "Net Income Continuous Operations": 25331000.0,
        "Tax Provision": 6811000.0,
        "Pretax Income": 32142000.0,
        "Other Income Expense": 2248000.0,
        "Other Non Operating Income Expenses": 18204000.0,
        "Operating Income": 27357000.0,
        "Operating Expense": 38272000.0,
        "Selling General And Administration": 38272000.0,
        "Gross Profit": 65629000.0,
        "Cost Of Revenue": 124091000.0,
        "Total Revenue": 189720000.0,
        "Operating Revenue": 189720000.0
    },
    "2022-09-30": {
        "Tax Effect Of Unusual Items": 0.0,
        "Tax Rate For Calcs": 0.227,
        "Normalized EBITDA": 40384000.0,
        "Net Income From Continuing Operation Net Minority Interest": 26577000.0,
        "Reconciled Depreciation": 4799000.0,
        "Reconciled Cost Of Revenue": 141631000.0,
        "EBITDA": 40384000.0,
        "EBIT": 35585000.0,
        "Normalized Income": 26577000.0,
        "Net Income From Continuing And Discontinued Operation": 26577000.0,
        "Total Expenses": 177588000.0,
        "Total Operating Income As Reported": 35585000.0,
        "Diluted Average Shares": 70942280.0,
        "Basic Average Shares": 70942280.0,
        "Diluted EPS": 0.378641,
        "Basic EPS": 0.378641,
        "Diluted NI Availto Com Stockholders": 26577000.0,
        "Net Income Common Stockholders": 26577000.0,
        "Net Income": 26577000.0,
        "Minority Interests": 16000.0,
        "Net Income Including Noncontrolling Interests": 26577000.0,
        "Net Income Continuous Operations": 26577000.0,
        "Tax Provision": 7778000.0,
        "Pretax Income": 34339000.0,
        "Other Income Expense": -1246000.0,
        "Other Non Operating Income Expenses": -1246000.0,
        "Operating Income": 35585000.0,
        "Operating Expense": 35957000.0,
        "Selling General And Administration": 35957000.0,
        "Gross Profit": 71542000.0,
        "Cost Of Revenue": 141631000.0,
        "Total Revenue": 211888000.0,
        "Operating Revenue": 211888000.0
    },
    "2022-06-30": {
        "Tax Effect Of Unusual Items": 0.0,
        "Tax Rate For Calcs": 0.244,
        "Normalized EBITDA": 31213000.0,
        "Net Income From Continuing Operation Net Minority Interest": 11989000.0,
        "Reconciled Depreciation": 4235000.0,
        "Reconciled Cost Of Revenue": 95788000.0,
        "EBITDA": 31213000.0,
        "EBIT": 26978000.0,
        "Normalized Income": 11989000.0,
        "Net Income From Continuing And Discontinued Operation": 11989000.0,
        "Total Expenses": 116462000.0,
        "Total Operating Income As Reported": 26978000.0,
        "Diluted Average Shares": 70985000.0,
        "Basic Average Shares": 70985000.0,
        "Diluted EPS": 0.17,
        "Basic EPS": 0.17,
        "Diluted NI Availto Com Stockholders": 11989000.0,
        "Net Income Common Stockholders": 11989000.0,
        "Net Income": 11989000.0,
        "Minority Interests": 8000.0,
        "Net Income Including Noncontrolling Interests": 11989000.0,
        "Net Income Continuous Operations": 11989000.0,
        "Tax Provision": 3860000.0,
        "Pretax Income": 15841000.0,
        "Other Income Expense": -11137000.0,
        "Other Non Operating Income Expenses": -11137000.0,
        "Operating Income": 26978000.0,
        "Operating Expense": 20674000.0,
        "Selling General And Administration": 20674000.0,
        "Gross Profit": 47652000.0,
        "Cost Of Revenue": 95788000.0,
        "Total Revenue": 142081000.0,
        "Operating Revenue": 142081000.0
    },
    "2023-06-30": {
        "Tax Effect Of Unusual Items": 0.0,
        "Tax Rate For Calcs": 0.247,
        "Normalized EBITDA": 19359000.0,
        "Net Income From Continuing Operation Net Minority Interest": 14726000.0,
        "Reconciled Depreciation": 4606000.0,
        "Reconciled Cost Of Revenue": 107535000.0,
        "EBITDA": 19359000.0,
        "EBIT": 14753000.0,
        "Normalized Income": 14726000.0,
        "Net Income From Continuing And Discontinued Operation": 14726000.0,
        "Total Expenses": 145392000.0,
        "Rent Expense Supplemental": 460000.0,
        "Total Operating Income As Reported": 14753000.0,
        "Diluted Average Shares": 72164000.0,
        "Basic Average Shares": 72164000.0,
        "Diluted EPS": 0.2,
        "Basic EPS": 0.2,
        "Diluted NI Availto Com Stockholders": 14726000.0,
        "Net Income Common Stockholders": 14726000.0,
        "Net Income": 14726000.0,
        "Minority Interests": 6000.0,
        "Net Income Including Noncontrolling Interests": 14720000.0,
        "Net Income Continuous Operations": 14720000.0,
        "Tax Provision": 4837000.0,
        "Pretax Income": 19557000.0,
        "Other Income Expense": 4804000.0,
        "Other Non Operating Income Expenses": 4804000.0,
        "Operating Income": 14753000.0,
        "Operating Expense": 37857000.0,
        "Selling General And Administration": 37857000.0,
        "Gross Profit": 52610000.0,
        "Cost Of Revenue": 107535000.0,
        "Total Revenue": 160145000.0,
        "Operating Revenue": 160145000.0
    },
    "2023-09-30": {
        "Tax Effect Of Unusual Items": 0.0,
        "Tax Rate For Calcs": 0.239144,
        "Normalized EBITDA": 50478000.0,
        "Net Income From Continuing Operation Net Minority Interest": 34382000.0,
        "Reconciled Depreciation": 4578000.0,
        "Reconciled Cost Of Revenue": 164652000.0,
        "EBITDA": 50478000.0,
        "EBIT": 45900000.0,
        "Normalized Income": 34382000.0,
        "Net Income From Continuing And Discontinued Operation": 34382000.0,
        "Total Expenses": 203952000.0,
        "Rent Expense Supplemental": 489000.0,
        "Total Operating Income As Reported": 45900000.0,
        "Diluted Average Shares": 71696000.0,
        "Basic Average Shares": 71696000.0,
        "Diluted EPS": 0.48,
        "Basic EPS": 0.48,
        "Diluted NI Availto Com Stockholders": 34382000.0,
        "Net Income Common Stockholders": 34382000.0,
        "Net Income": 34382000.0,
        "Minority Interests": 5000.0,
        "Net Income Including Noncontrolling Interests": 34377000.0,
        "Net Income Continuous Operations": 34377000.0,
        "Tax Provision": 10805000.0,
        "Pretax Income": 45182000.0,
        "Other Income Expense": -718000.0,
        "Other Non Operating Income Expenses": -718000.0,
        "Operating Income": 45900000.0,
        "Operating Expense": 39300000.0,
        "Selling General And Administration": 39300000.0,
        "Gross Profit": 85200000.0,
        "Cost Of Revenue": 164652000.0,
        "Total Revenue": 249852000.0,
        "Operating Revenue": 249852000.0
    },
    "2023-12-31": {
        "Tax Effect Of Unusual Items": 0.0,
        "Tax Rate For Calcs": 0.217781,
        "Normalized EBITDA": 51242000.0,
        "Net Income From Continuing Operation Net Minority Interest": 29403000.0,
        "Reconciled Depreciation": 4460000.0,
        "Reconciled Cost Of Revenue": 128541000.0,
        "EBITDA": 51242000.0,
        "EBIT": 46782000.0,
        "Normalized Income": 29403000.0,
        "Net Income From Continuing And Discontinued Operation": 29403000.0,
        "Total Expenses": 168897000.0,
        "Rent Expense Supplemental": 448000.0,
        "Total Operating Income As Reported": 28379000.0,
        "Diluted Average Shares": 71468610.0,
        "Basic Average Shares": 71468610.0,
        "Diluted EPS": 0.407767,
        "Basic EPS": 0.407767,
        "Diluted NI Availto Com Stockholders": 29403000.0,
        "Net Income Common Stockholders": 29403000.0,
        "Net Income": 29403000.0,
        "Minority Interests": 8000.0,
        "Net Income Including Noncontrolling Interests": 29395000.0,
        "Net Income Continuous Operations": 29395000.0,
        "Tax Provision": 8184000.0,
        "Pretax Income": 37579000.0,
        "Other Income Expense": 4326000.0,
        "Other Non Operating Income Expenses": -8360000.0,
        "Operating Income": 28379000.0,
        "Operating Expense": 40356000.0,
        "Selling General And Administration": 40356000.0,
        "Gross Profit": 68735000.0,
        "Cost Of Revenue": 128541000.0,
        "Total Revenue": 197276000.0,
        "Operating Revenue": 197276000.0
    },
    "2024-03-31": {
        "Tax Effect Of Unusual Items": 0.0,
        "Tax Rate For Calcs": 0.213832,
        "Normalized EBITDA": 15690000.0,
        "Net Income From Continuing Operation Net Minority Interest": 15834000.0,
        "Reconciled Depreciation": 4580000.0,
        "Reconciled Cost Of Revenue": 103147000.0,
        "EBITDA": 15690000.0,
        "EBIT": 11110000.0,
        "Normalized Income": 15834000.0,
        "Net Income From Continuing And Discontinued Operation": 15834000.0,
        "Total Expenses": 142065000.0,
        "Rent Expense Supplemental": 415000.0,
        "Total Operating Income As Reported": 11110000.0,
        "Diluted Average Shares": 73536000.0,
        "Basic Average Shares": 73536000.0,
        "Diluted EPS": 0.22,
        "Basic EPS": 0.22,
        "Diluted NI Availto Com Stockholders": 15834000.0,
        "Net Income Common Stockholders": 15834000.0,
        "Net Income": 15834000.0,
        "Minority Interests": -1000.0,
        "Net Income Including Noncontrolling Interests": 15835000.0,
        "Net Income Continuous Operations": 15835000.0,
        "Tax Provision": 4307000.0,
        "Pretax Income": 20142000.0,
        "Other Income Expense": 9032000.0,
        "Other Non Operating Income Expenses": 9032000.0,
        "Operating Income": 11110000.0,
        "Operating Expense": 38918000.0,
        "Selling General And Administration": 38918000.0,
        "Gross Profit": 50028000.0,
        "Cost Of Revenue": 103147000.0,
        "Total Revenue": 153175000.0,
        "Operating Revenue": 153175000.0
    },
    "2024-06-30": {
        "Tax Effect Of Unusual Items": 0.0,
        "Tax Rate For Calcs": 0.231178,
        "Normalized EBITDA": 20017000.0,
        "Net Income From Continuing Operation Net Minority Interest": 15640000.0,
        "Reconciled Depreciation": 4582000.0,
        "Reconciled Cost Of Revenue": 100261000.0,
        "EBITDA": 20017000.0,
        "EBIT": 15435000.0,
        "Normalized Income": 15640000.0,
        "Net Income From Continuing And Discontinued Operation": 15640000.0,
        "Total Expenses": 135301000.0,
        "Rent Expense Supplemental": 529000.0,
        "Total Operating Income As Reported": 15435000.0,
        "Diluted Average Shares": NaN,
        "Basic Average Shares": NaN,
        "Diluted EPS": NaN,
        "Basic EPS": NaN,
        "Diluted NI Availto Com Stockholders": 15640000.0,
        "Net Income Common Stockholders": 15640000.0,
        "Net Income": 15640000.0,
        "Minority Interests": 6000.0,
        "Net Income Including Noncontrolling Interests": 15634000.0,
        "Net Income Continuous Operations": 15634000.0,
        "Tax Provision": 4701000.0,
        "Pretax Income": 20335000.0,
        "Other Income Expense": 4900000.0,
        "Other Non Operating Income Expenses": 4900000.0,
        "Operating Income": 15435000.0,
        "Operating Expense": 35040000.0,
        "Selling General And Administration": 35040000.0,
        "Gross Profit": 50475000.0,
        "Cost Of Revenue": 100261000.0,
        "Total Revenue": 150736000.0,
        "Operating Revenue": 150736000.0
    },
    "2024-09-30": {
        "Tax Effect Of Unusual Items": 0.0,
        "Tax Rate For Calcs": 0.226221,
        "Normalized EBITDA": 39799000.0,
        "Net Income From Continuing Operation Net Minority Interest": 32844000.0,
        "Reconciled Depreciation": 4555000.0,
        "Reconciled Cost Of Revenue": 148865000.0,
        "EBITDA": 39799000.0,
        "EBIT": 35244000.0,
        "Normalized Income": 32844000.0,
        "Net Income From Continuing And Discontinued Operation": 32844000.0,
        "Total Expenses": 190690000.0,
        "Rent Expense Supplemental": 599000.0,
        "Total Operating Income As Reported": 35244000.0,
        "Diluted Average Shares": 73497000.0,
        "Basic Average Shares": 73497000.0,
        "Diluted EPS": 0.45,
        "Basic EPS": 0.45,
        "Diluted NI Availto Com Stockholders": 32844000.0,
        "Net Income Common Stockholders": 32844000.0,
        "Net Income": 32844000.0,
        "Minority Interests": 11000.0,
        "Net Income Including Noncontrolling Interests": 32833000.0,
        "Net Income Continuous Operations": 32833000.0,
        "Tax Provision": 9599000.0,
        "Pretax Income": 42432000.0,
        "Other Income Expense": 7188000.0,
        "Other Non Operating Income Expenses": 7188000.0,
        "Operating Income": 35244000.0,
        "Operating Expense": 41825000.0,
        "Selling General And Administration": 41825000.0,
        "Gross Profit": 77069000.0,
        "Cost Of Revenue": 148865000.0,
        "Total Revenue": 225934000.0,
        "Operating Revenue": 225934000.0
    },
    "2024-12-31": {
        "Tax Effect Of Unusual Items": 0.0,
        "Tax Rate For Calcs": 0.21,
        "Normalized EBITDA": 70050000.0,
        "Net Income From Continuing Operation Net Minority Interest": 22509000.0,
        "Reconciled Depreciation": 4459000.0,
        "Reconciled Cost Of Revenue": 117764000.0,
        "EBITDA": 70050000.0,
        "EBIT": 65591000.0,
        "Normalized Income": 22509000.0,
        "Net Income From Continuing And Discontinued Operation": 22509000.0,
        "Total Expenses": 154656000.0,
        "Rent Expense Supplemental": 438000.0,
        "Total Operating Income As Reported": 38716000.0,
        "Diluted Average Shares": 73254630.0,
        "Basic Average Shares": 73254630.0,
        "Diluted EPS": 0.31068,
        "Basic EPS": 0.31068,
        "Diluted NI Availto Com Stockholders": 22509000.0,
        "Net Income Common Stockholders": 22509000.0,
        "Net Income": 22509000.0,
        "Minority Interests": 3000.0,
        "Net Income Including Noncontrolling Interests": 22506000.0,
        "Net Income Continuous Operations": 22506000.0,
        "Tax Provision": 21456000.0,
        "Pretax Income": 43962000.0,
        "Other Income Expense": -3843000.0,
        "Other Non Operating Income Expenses": -20678000.0,
        "Operating Income": 38716000.0,
        "Operating Expense": 36892000.0,
        "Selling General And Administration": 36892000.0,
        "Gross Profit": 75608000.0,
        "Cost Of Revenue": 117764000.0,
        "Total Revenue": 193372000.0,
        "Operating Revenue": 193372000.0
    },
    "2025-03-31": {
        "Tax Effect Of Unusual Items": 0.0,
        "Tax Rate For Calcs": 0.216,
        "Normalized EBITDA": 27631000.0,
        "Net Income From Continuing Operation Net Minority Interest": 18058000.0,
        "Reconciled Depreciation": 4571000.0,
        "Reconciled Cost Of Revenue": 96005000.0,
        "EBITDA": 27631000.0,
        "EBIT": 23060000.0,
        "Normalized Income": 18058000.0,
        "Net Income From Continuing And Discontinued Operation": 18058000.0,
        "Total Expenses": 125395000.0,
        "Rent Expense Supplemental": 505000.0,
        "Total Operating Income As Reported": 23060000.0,
        "Diluted Average Shares": 72957000.0,
        "Basic Average Shares": 72957000.0,
        "Diluted EPS": 0.25,
        "Basic EPS": 0.25,
        "Diluted NI Availto Com Stockholders": 18058000.0,
        "Net Income Common Stockholders": 18058000.0,
        "Net Income": 18058000.0,
        "Minority Interests": 17000.0,
        "Net Income Including Noncontrolling Interests": 18041000.0,
        "Net Income Continuous Operations": 18041000.0,
        "Tax Provision": 4968000.0,
        "Pretax Income": 23009000.0,
        "Other Income Expense": -51000.0,
        "Other Non Operating Income Expenses": -51000.0,
        "Operating Income": 23060000.0,
        "Operating Expense": 29390000.0,
        "Selling General And Administration": 29390000.0,
        "Gross Profit": 52450000.0,
        "Cost Of Revenue": 96005000.0,
        "Total Revenue": 148455000.0,
        "Operating Revenue": 148455000.0
    },
    "2025-06-30": {
        "Tax Effect Of Unusual Items": 0.0,
        "Tax Rate For Calcs": 0.330737,
        "Normalized EBITDA": 16735000.0,
        "Net Income From Continuing Operation Net Minority Interest": 17544000.0,
        "Reconciled Depreciation": 4614000.0,
        "Reconciled Cost Of Revenue": 98605000.0,
        "EBITDA": 16735000.0,
        "EBIT": 12121000.0,
        "Normalized Income": 17544000.0,
        "Net Income From Continuing And Discontinued Operation": 17544000.0,
        "Total Expenses": 142967000.0,
        "Rent Expense Supplemental": 478000.0,
        "Total Operating Income As Reported": 12121000.0,
        "Diluted Average Shares": 72879000.0,
        "Basic Average Shares": 72879000.0,
        "Diluted EPS": 0.24,
        "Basic EPS": 0.24,
        "Diluted NI Availto Com Stockholders": 17544000.0,
        "Net Income Common Stockholders": 17544000.0,
        "Net Income": 17544000.0,
        "Minority Interests": 14000.0,
        "Net Income Including Noncontrolling Interests": 17530000.0,
        "Net Income Continuous Operations": 17530000.0,
        "Tax Provision": 8663000.0,
        "Pretax Income": 26193000.0,
        "Other Income Expense": 14072000.0,
        "Other Non Operating Income Expenses": 14072000.0,
        "Operating Income": 12121000.0,
        "Operating Expense": 44362000.0,
        "Selling General And Administration": 44362000.0,
        "Gross Profit": 56483000.0,
        "Cost Of Revenue": 98605000.0,
        "Total Revenue": 155088000.0,
        "Operating Revenue": 155088000.0
    },
    "2025-09-30": {
        "Tax Effect Of Unusual Items": 0.0,
        "Tax Rate For Calcs": 0.266523,
        "Normalized EBITDA": 37233000.0,
        "Net Income From Continuing Operation Net Minority Interest": 35659000.0,
        "Reconciled Depreciation": 4866000.0,
        "Reconciled Cost Of Revenue": 153307000.0,
        "EBITDA": 37233000.0,
        "EBIT": 32367000.0,
        "Normalized Income": 35659000.0,
        "Net Income From Continuing And Discontinued Operation": 35659000.0,
        "Total Expenses": 200338000.0,
        "Rent Expense Supplemental": 566000.0,
        "Total Operating Income As Reported": 32367000.0,
        "Diluted Average Shares": 72879000.0,
        "Basic Average Shares": 72879000.0,
        "Diluted EPS": 0.49,
        "Basic EPS": 0.49,
        "Diluted NI Availto Com Stockholders": 35659000.0,
        "Net Income Common Stockholders": 35659000.0,
        "Net Income": 35659000.0,
        "Minority Interests": 12000.0,
        "Net Income Including Noncontrolling Interests": 35647000.0,
        "Net Income Continuous Operations": 35647000.0,
        "Tax Provision": 12953000.0,
        "Pretax Income": 48600000.0,
        "Other Income Expense": 16233000.0,
        "Other Non Operating Income Expenses": 16233000.0,
        "Operating Income": 32367000.0,
        "Operating Expense": 47031000.0,
        "Selling General And Administration": 47031000.0,
        "Gross Profit": 79398000.0,
        "Cost Of Revenue": 153307000.0,
        "Total Revenue": 232705000.0,
        "Operating Revenue": 232705000.0
    }
}