{
    "2023-03-31": {
        "Tax Effect Of Unusual Items": NaN,
        "Tax Rate For Calcs": NaN,
        "Normalized EBITDA": NaN,
        "Total Unusual Items": NaN,
        "Total Unusual Items Excluding Goodwill": NaN,
        "Net Income From Continuing Operation Net Minority Interest": NaN,
        "Reconciled Depreciation": NaN,
        "Reconciled Cost Of Revenue": NaN,
        "EBITDA": NaN,
        "EBIT": NaN,
        "Normalized Income": NaN,
        "Net Income From Continuing And Discontinued Operation": NaN,
        "Total Expenses": NaN,
        "Total Operating Income As Reported": NaN,
        "Diluted Average Shares": NaN,
        "Basic Average Shares": NaN,
        "Diluted EPS": NaN,
        "Basic EPS": NaN,
        "Diluted NI Availto Com Stockholders": NaN,
        "Net Income Common Stockholders": NaN,
        "Net Income": NaN,
        "Minority Interests": NaN,
        "Net Income Including Noncontrolling Interests": NaN,
        "Net Income Continuous Operations": NaN,
        "Tax Provision": NaN,
        "Pretax Income": NaN,
        "Other Income Expense": NaN,
        "Other Non Operating Income Expenses": NaN,
        "Earnings From Equity Interest": NaN,
        "Gain On Sale Of Security": NaN,
        "Operating Income": NaN,
        "Operating Expense": NaN,
        "Other Operating Expenses": NaN,
        "Selling General And Administration": 2287000.0,
        "General And Administrative Expense": 2287000.0,
        "Other Gand A": 2287000.0,
        "Gross Profit": NaN,
        "Cost Of Revenue": NaN,
        "Total Revenue": NaN,
        "Operating Revenue": NaN
    },
    "2022-12-31": {
        "Tax Effect Of Unusual Items": NaN,
        "Tax Rate For Calcs": NaN,
        "Normalized EBITDA": NaN,
        "Total Unusual Items": NaN,
        "Total Unusual Items Excluding Goodwill": NaN,
        "Net Income From Continuing Operation Net Minority Interest": NaN,
        "Reconciled Depreciation": NaN,
        "Reconciled Cost Of Revenue": NaN,
        "EBITDA": NaN,
        "EBIT": NaN,
        "Normalized Income": NaN,
        "Net Income From Continuing And Discontinued Operation": NaN,
        "Total Expenses": NaN,
        "Total Operating Income As Reported": NaN,
        "Diluted Average Shares": NaN,
        "Basic Average Shares": NaN,
        "Diluted EPS": NaN,
        "Basic EPS": NaN,
        "Diluted NI Availto Com Stockholders": NaN,
        "Net Income Common Stockholders": NaN,
        "Net Income": NaN,
        "Minority Interests": NaN,
        "Net Income Including Noncontrolling Interests": NaN,
        "Net Income Continuous Operations": NaN,
        "Tax Provision": NaN,
        "Pretax Income": NaN,
        "Other Income Expense": NaN,
        "Other Non Operating Income Expenses": NaN,
        "Earnings From Equity Interest": NaN,
        "Gain On Sale Of Security": NaN,
        "Operating Income": NaN,
        "Operating Expense": NaN,
        "Other Operating Expenses": NaN,
        "Selling General And Administration": 3469000.0,
        "General And Administrative Expense": 3469000.0,
        "Other Gand A": 3469000.0,
        "Gross Profit": NaN,
        "Cost Of Revenue": NaN,
        "Total Revenue": NaN,
        "Operating Revenue": NaN
    },
    "2022-09-30": {
        "Tax Effect Of Unusual Items": NaN,
        "Tax Rate For Calcs": NaN,
        "Normalized EBITDA": NaN,
        "Total Unusual Items": NaN,
        "Total Unusual Items Excluding Goodwill": NaN,
        "Net Income From Continuing Operation Net Minority Interest": NaN,
        "Reconciled Depreciation": NaN,
        "Reconciled Cost Of Revenue": NaN,
        "EBITDA": NaN,
        "EBIT": NaN,
        "Normalized Income": NaN,
        "Net Income From Continuing And Discontinued Operation": NaN,
        "Total Expenses": NaN,
        "Total Operating Income As Reported": NaN,
        "Diluted Average Shares": 26538758.0,
        "Basic Average Shares": 26491251.0,
        "Diluted EPS": 0.38,
        "Basic EPS": 0.38,
        "Diluted NI Availto Com Stockholders": NaN,
        "Net Income Common Stockholders": NaN,
        "Net Income": NaN,
        "Minority Interests": NaN,
        "Net Income Including Noncontrolling Interests": NaN,
        "Net Income Continuous Operations": NaN,
        "Tax Provision": NaN,
        "Pretax Income": NaN,
        "Other Income Expense": NaN,
        "Other Non Operating Income Expenses": NaN,
        "Earnings From Equity Interest": NaN,
        "Gain On Sale Of Security": NaN,
        "Operating Income": NaN,
        "Operating Expense": NaN,
        "Other Operating Expenses": NaN,
        "Selling General And Administration": 1630000.0,
        "General And Administrative Expense": 1630000.0,
        "Other Gand A": 1630000.0,
        "Gross Profit": NaN,
        "Cost Of Revenue": NaN,
        "Total Revenue": NaN,
        "Operating Revenue": NaN
    },
    "2022-06-30": {
        "Tax Effect Of Unusual Items": 592.203898,
        "Tax Rate For Calcs": 0.007496,
        "Normalized EBITDA": -1316000.0,
        "Total Unusual Items": 79000.0,
        "Total Unusual Items Excluding Goodwill": 79000.0,
        "Net Income From Continuing Operation Net Minority Interest": -667000.0,
        "Reconciled Depreciation": 1081000.0,
        "Reconciled Cost Of Revenue": 9402000.0,
        "EBITDA": -1237000.0,
        "EBIT": -2318000.0,
        "Normalized Income": -745407.796102,
        "Net Income From Continuing And Discontinued Operation": -667000.0,
        "Total Expenses": 11587000.0,
        "Total Operating Income As Reported": -2318000.0,
        "Diluted Average Shares": 26527912.0,
        "Basic Average Shares": 26480405.0,
        "Diluted EPS": -0.03,
        "Basic EPS": -0.03,
        "Diluted NI Availto Com Stockholders": -667000.0,
        "Net Income Common Stockholders": -667000.0,
        "Net Income": -667000.0,
        "Minority Interests": -5000.0,
        "Net Income Including Noncontrolling Interests": -662000.0,
        "Net Income Continuous Operations": -662000.0,
        "Tax Provision": -5000.0,
        "Pretax Income": -667000.0,
        "Other Income Expense": 1651000.0,
        "Other Non Operating Income Expenses": -91000.0,
        "Earnings From Equity Interest": 1663000.0,
        "Gain On Sale Of Security": 79000.0,
        "Operating Income": -2318000.0,
        "Operating Expense": 2185000.0,
        "Selling General And Administration": 2185000.0,
        "General And Administrative Expense": 2185000.0,
        "Other Gand A": 2185000.0,
        "Gross Profit": -133000.0,
        "Cost Of Revenue": 9402000.0,
        "Total Revenue": 9269000.0,
        "Operating Revenue": 9269000.0
    },
    "2022-03-31": {
        "Diluted EPS": 0.16,
        "Total Revenue": 21,
        "Gross Profit": 8,
        "Operating Income": 5,
        "EBIT": 6,
        "Net Income": 4
    },
    "2021-12-31": {
        "Diluted EPS": 0.12,
        "Total Revenue": 13,
        "Gross Profit": 3,
        "Operating Income": -1,
        "EBIT": 1,
        "Net Income": 3
    },
    "2021-09-30": {
        "Diluted EPS": 0.01,
        "Total Revenue": 15,
        "Gross Profit": 1,
        "Operating Income": -1,
        "EBIT": 0,
        "Net Income": 0
    },
    "2021-06-30": {
        "Diluted EPS": 0.11,
        "Total Revenue": 17,
        "Gross Profit": 5,
        "Operating Income": 3,
        "EBIT": 4,
        "Net Income": 3
    },
    "2021-03-31": {
        "Diluted EPS": -0.04,
        "Total Revenue": 11,
        "Gross Profit": 1,
        "Operating Income": -1,
        "EBIT": 0,
        "Net Income": -1
    },
    "2020-12-31": {
        "Diluted EPS": -0.01,
        "Total Revenue": 9,
        "Gross Profit": 1,
        "Operating Income": -1,
        "EBIT": 0,
        "Net Income": 0
    },
    "2020-09-30": {
        "Diluted EPS": 0.02,
        "Total Revenue": 14,
        "Gross Profit": 1,
        "Operating Income": -1,
        "EBIT": 1,
        "Net Income": 0
    },
    "2020-06-30": {
        "Diluted EPS": -0.01,
        "Total Revenue": 5,
        "Gross Profit": 0,
        "Operating Income": -3,
        "EBIT": -2,
        "Net Income": 0
    },
    "2020-03-31": {
        "Diluted EPS": -0.03,
        "Total Revenue": 10,
        "Gross Profit": 1,
        "Operating Income": -2,
        "EBIT": -1,
        "Net Income": -1
    },
    "2019-12-31": {
        "Diluted EPS": 0.37,
        "Total Revenue": 20,
        "Gross Profit": 6,
        "Operating Income": 3,
        "EBIT": 5,
        "Net Income": 10
    },
    "2019-09-30": {
        "Diluted EPS": 0.0,
        "Total Revenue": 10,
        "Gross Profit": -1,
        "Operating Income": -2,
        "EBIT": -1,
        "Net Income": 0
    },
    "2019-06-30": {
        "Diluted EPS": 0.03,
        "Total Revenue": 9,
        "Gross Profit": 1,
        "Operating Income": -1,
        "EBIT": 0,
        "Net Income": 1
    },
    "2019-03-31": {
        "Diluted EPS": 0.01,
        "Total Revenue": 11,
        "Gross Profit": 1,
        "Operating Income": -1,
        "EBIT": 0,
        "Net Income": 0
    },
    "2018-12-31": {
        "Diluted EPS": 0.01,
        "Total Revenue": 12,
        "Gross Profit": 1,
        "Operating Income": -1,
        "EBIT": 1,
        "Net Income": 0
    },
    "2018-09-30": {
        "Diluted EPS": 0.13,
        "Total Revenue": 15,
        "Gross Profit": 5,
        "Operating Income": 3,
        "EBIT": 4,
        "Net Income": 3
    },
    "2018-06-30": {
        "Diluted EPS": -0.04,
        "Total Revenue": 5,
        "Gross Profit": 0,
        "Operating Income": -2,
        "EBIT": -1,
        "Net Income": -1
    },
    "2018-03-31": {
        "Diluted EPS": 0.06,
        "Total Revenue": 13,
        "Gross Profit": 4,
        "Operating Income": 2,
        "EBIT": 3,
        "Net Income": 1
    },
    "2017-12-31": {
        "Diluted EPS": 0.02,
        "Total Revenue": 12,
        "Gross Profit": 2,
        "Operating Income": 0,
        "EBIT": 2,
        "Net Income": 0
    },
    "2017-09-30": {
        "Diluted EPS": -0.0,
        "Total Revenue": 12,
        "Gross Profit": 1,
        "Operating Income": -2,
        "EBIT": 0,
        "Net Income": 0
    },
    "2017-06-30": {
        "Diluted EPS": -0.01,
        "Total Revenue": 6,
        "Gross Profit": 0,
        "Operating Income": -2,
        "EBIT": -1,
        "Net Income": 0
    },
    "2017-03-31": {
        "Diluted EPS": -0.09,
        "Total Revenue": 6,
        "Gross Profit": -1,
        "Operating Income": -4,
        "EBIT": -2,
        "Net Income": -2
    },
    "2016-12-31": {
        "Diluted EPS": -0.01,
        "Total Revenue": 13,
        "Gross Profit": 1,
        "Operating Income": -2,
        "EBIT": 0,
        "Net Income": 0
    },
    "2016-09-30": {
        "Diluted EPS": 0.02,
        "Total Revenue": 13,
        "Gross Profit": 1,
        "Operating Income": -2,
        "EBIT": 0,
        "Net Income": 0
    },
    "2016-06-30": {
        "Diluted EPS": -0.03,
        "Total Revenue": 7,
        "Gross Profit": 0,
        "Operating Income": -3,
        "EBIT": -2,
        "Net Income": -1
    },
    "2016-03-31": {
        "Diluted EPS": 0.06,
        "Total Revenue": 13,
        "Gross Profit": 3,
        "Operating Income": 0,
        "EBIT": 2,
        "Net Income": 1
    },
    "2015-12-31": {
        "Diluted EPS": 0.08,
        "Total Revenue": 16,
        "Gross Profit": 4,
        "Operating Income": 1,
        "EBIT": 2,
        "Net Income": 2
    },
    "2015-09-30": {
        "Diluted EPS": -0.04,
        "Total Revenue": 12,
        "Gross Profit": -1,
        "Operating Income": -4,
        "EBIT": -2,
        "Net Income": -1
    },
    "2015-06-30": {
        "Diluted EPS": 0.02,
        "Total Revenue": 7,
        "Gross Profit": 1,
        "Operating Income": -1,
        "EBIT": 0,
        "Net Income": 0
    },
    "2015-03-31": {
        "Diluted EPS": 0.08,
        "Total Revenue": 17,
        "Gross Profit": 5,
        "Operating Income": 1,
        "EBIT": 2,
        "Net Income": 2
    },
    "2014-12-31": {
        "Diluted EPS": 0.1,
        "Total Revenue": 14,
        "Gross Profit": 3,
        "Operating Income": 1,
        "EBIT": 2,
        "Net Income": 2
    },
    "2014-09-30": {
        "Diluted EPS": 0.08,
        "Total Revenue": 14,
        "Gross Profit": 3,
        "Operating Income": 0,
        "EBIT": 2,
        "Net Income": 2
    },
    "2014-06-30": {
        "Diluted EPS": 0.04,
        "Total Revenue": 8,
        "Gross Profit": 2,
        "Operating Income": 0,
        "EBIT": 1,
        "Net Income": 1
    },
    "2014-03-31": {
        "Diluted EPS": 0.05,
        "Total Revenue": 15,
        "Gross Profit": 4,
        "Operating Income": 1,
        "EBIT": 2,
        "Net Income": 1
    },
    "2013-12-31": {
        "Diluted EPS": -0.04,
        "Total Revenue": 13,
        "Gross Profit": 2,
        "Operating Income": -2,
        "EBIT": -1,
        "Net Income": -1
    },
    "2013-09-30": {
        "Diluted EPS": 0.11,
        "Total Revenue": 15,
        "Gross Profit": 4,
        "Operating Income": 2,
        "EBIT": 3,
        "Net Income": 2
    },
    "2013-06-30": {
        "Diluted EPS": 0.1,
        "Total Revenue": 7,
        "Gross Profit": 2,
        "Operating Income": 1,
        "EBIT": 2,
        "Net Income": 2
    },
    "2013-03-31": {
        "Diluted EPS": 0.03,
        "Total Revenue": 10,
        "Gross Profit": 4,
        "Operating Income": 0,
        "EBIT": 1,
        "Net Income": 1
    },
    "2012-12-31": {
        "Diluted EPS": 0.0,
        "Total Revenue": 14,
        "Gross Profit": 3,
        "Operating Income": 0,
        "EBIT": 2,
        "Net Income": 0
    },
    "2012-09-30": {
        "Diluted EPS": 0.2,
        "Total Revenue": 16,
        "Gross Profit": 7,
        "Operating Income": 4,
        "EBIT": 5,
        "Net Income": 4
    },
    "2012-06-30": {
        "Diluted EPS": 0.01,
        "Total Revenue": 8,
        "Gross Profit": 3,
        "Operating Income": -1,
        "EBIT": 1,
        "Net Income": 0
    },
    "2012-03-31": {
        "Diluted EPS": 0.01,
        "Total Revenue": 10,
        "Gross Profit": 3,
        "Operating Income": 0,
        "EBIT": 1,
        "Net Income": 0
    },
    "2011-12-31": {
        "Diluted EPS": 0.26,
        "Total Revenue": 20,
        "Gross Profit": 10,
        "Operating Income": 6,
        "EBIT": 7,
        "Net Income": 5
    },
    "2011-09-30": {
        "Diluted EPS": 0.13,
        "Total Revenue": 15,
        "Gross Profit": 6,
        "Operating Income": 3,
        "EBIT": 4,
        "Net Income": 3
    },
    "2011-06-30": {
        "Diluted EPS": -0.03,
        "Total Revenue": 6,
        "Gross Profit": 1,
        "Operating Income": -2,
        "EBIT": -1,
        "Net Income": -1
    },
    "2011-03-31": {
        "Diluted EPS": 0.44,
        "Total Revenue": 23,
        "Gross Profit": 16,
        "Operating Income": 13,
        "EBIT": 14,
        "Net Income": 9
    },
    "2010-12-31": {
        "Diluted EPS": -0.04,
        "Total Revenue": 11,
        "Gross Profit": 2,
        "Operating Income": -2,
        "EBIT": -1,
        "Net Income": -1
    },
    "2010-09-30": {
        "Diluted EPS": 0.4,
        "Total Revenue": 16,
        "Gross Profit": 10,
        "Operating Income": 12,
        "EBIT": 13,
        "Net Income": 8
    },
    "2010-06-30": {
        "Diluted EPS": -0.06,
        "Total Revenue": 4,
        "Gross Profit": 0,
        "Operating Income": -3,
        "EBIT": -2,
        "Net Income": -1
    },
    "2010-03-31": {
        "Diluted EPS": -0.08,
        "Total Revenue": 4,
        "Gross Profit": 0,
        "Operating Income": -2,
        "EBIT": -2,
        "Net Income": -1
    },
    "2009-12-31": {
        "Diluted EPS": 0.0,
        "Total Revenue": 10,
        "Gross Profit": 0,
        "Operating Income": -1,
        "EBIT": 0,
        "Net Income": 0
    },
    "2009-09-30": {
        "Diluted EPS": -0.02,
        "Total Revenue": 10,
        "Gross Profit": 1,
        "Operating Income": -1,
        "EBIT": 0,
        "Net Income": 0
    },
    "2009-06-30": {
        "Diluted EPS": -0.09,
        "Total Revenue": 4,
        "Gross Profit": -1,
        "Operating Income": -3,
        "EBIT": -2,
        "Net Income": -1
    },
    "2009-03-31": {
        "Diluted EPS": -0.08,
        "Total Revenue": 4,
        "Gross Profit": -1,
        "Operating Income": -3,
        "EBIT": -2,
        "Net Income": -1
    },
    "2023-06-30": {
        "Tax Effect Of Unusual Items": NaN,
        "Tax Rate For Calcs": NaN,
        "Normalized EBITDA": NaN,
        "Total Unusual Items": NaN,
        "Total Unusual Items Excluding Goodwill": NaN,
        "Net Income From Continuing Operation Net Minority Interest": NaN,
        "Reconciled Depreciation": NaN,
        "Reconciled Cost Of Revenue": NaN,
        "EBITDA": NaN,
        "EBIT": NaN,
        "Normalized Income": NaN,
        "Net Income From Continuing And Discontinued Operation": NaN,
        "Total Expenses": NaN,
        "Total Operating Income As Reported": NaN,
        "Diluted Average Shares": 26800236.0,
        "Basic Average Shares": 26713090.0,
        "Diluted EPS": 0.01,
        "Basic EPS": 0.01,
        "Diluted NI Availto Com Stockholders": NaN,
        "Net Income Common Stockholders": NaN,
        "Net Income": NaN,
        "Minority Interests": NaN,
        "Net Income Including Noncontrolling Interests": NaN,
        "Net Income Continuous Operations": NaN,
        "Tax Provision": NaN,
        "Pretax Income": NaN,
        "Other Income Expense": NaN,
        "Other Non Operating Income Expenses": NaN,
        "Earnings From Equity Interest": NaN,
        "Gain On Sale Of Security": NaN,
        "Operating Income": NaN,
        "Operating Expense": NaN,
        "Other Operating Expenses": NaN,
        "Selling General And Administration": 2222000.0,
        "General And Administrative Expense": 2222000.0,
        "Other Gand A": 2222000.0,
        "Gross Profit": NaN,
        "Cost Of Revenue": NaN,
        "Total Revenue": NaN,
        "Operating Revenue": NaN
    },
    "2023-09-30": {
        "Tax Effect Of Unusual Items": NaN,
        "Tax Rate For Calcs": NaN,
        "Normalized EBITDA": NaN,
        "Total Unusual Items": NaN,
        "Total Unusual Items Excluding Goodwill": NaN,
        "Net Income From Continuing Operation Net Minority Interest": NaN,
        "Reconciled Depreciation": NaN,
        "Reconciled Cost Of Revenue": NaN,
        "EBITDA": NaN,
        "EBIT": NaN,
        "Normalized Income": NaN,
        "Net Income From Continuing And Discontinued Operation": NaN,
        "Total Expenses": NaN,
        "Total Operating Income As Reported": NaN,
        "Diluted Average Shares": 26798063.0,
        "Basic Average Shares": 26725628.0,
        "Diluted EPS": -0.01,
        "Basic EPS": -0.01,
        "Diluted NI Availto Com Stockholders": NaN,
        "Net Income Common Stockholders": NaN,
        "Net Income": NaN,
        "Minority Interests": NaN,
        "Net Income Including Noncontrolling Interests": NaN,
        "Net Income Continuous Operations": NaN,
        "Tax Provision": NaN,
        "Pretax Income": NaN,
        "Other Income Expense": NaN,
        "Other Non Operating Income Expenses": NaN,
        "Earnings From Equity Interest": NaN,
        "Gain On Sale Of Security": NaN,
        "Operating Income": NaN,
        "Operating Expense": NaN,
        "Other Operating Expenses": NaN,
        "Selling General And Administration": 2315000.0,
        "General And Administrative Expense": 2315000.0,
        "Other Gand A": 2315000.0,
        "Gross Profit": NaN,
        "Cost Of Revenue": NaN,
        "Total Revenue": NaN,
        "Operating Revenue": NaN
    },
    "2023-12-31": {
        "Tax Effect Of Unusual Items": 164220.0,
        "Tax Rate For Calcs": 0.21,
        "Normalized EBITDA": -1331000.0,
        "Total Unusual Items": 782000.0,
        "Total Unusual Items Excluding Goodwill": 782000.0,
        "Net Income From Continuing Operation Net Minority Interest": 1565000.0,
        "Reconciled Depreciation": 1803000.0,
        "Reconciled Cost Of Revenue": 15471000.0,
        "EBITDA": -549000.0,
        "EBIT": -2352000.0,
        "Normalized Income": 947220.0,
        "Net Income From Continuing And Discontinued Operation": 1565000.0,
        "Total Expenses": 18519000.0,
        "Total Operating Income As Reported": -2352000.0,
        "Diluted Average Shares": NaN,
        "Basic Average Shares": NaN,
        "Diluted EPS": NaN,
        "Basic EPS": NaN,
        "Diluted NI Availto Com Stockholders": 1565000.0,
        "Net Income Common Stockholders": 1565000.0,
        "Net Income": 1565000.0,
        "Minority Interests": -3000.0,
        "Net Income Including Noncontrolling Interests": 1568000.0,
        "Net Income Continuous Operations": 1568000.0,
        "Tax Provision": -1296000.0,
        "Pretax Income": 272000.0,
        "Other Income Expense": 2624000.0,
        "Other Non Operating Income Expenses": -410000.0,
        "Earnings From Equity Interest": 2252000.0,
        "Gain On Sale Of Security": 782000.0,
        "Operating Income": -2352000.0,
        "Operating Expense": 3048000.0,
        "Other Operating Expenses": 3048000.0,
        "Selling General And Administration": NaN,
        "General And Administrative Expense": NaN,
        "Other Gand A": NaN,
        "Gross Profit": 696000.0,
        "Cost Of Revenue": 15471000.0,
        "Total Revenue": 16167000.0,
        "Operating Revenue": 16167000.0
    },
    "2024-03-31": {
        "Tax Effect Of Unusual Items": NaN,
        "Tax Rate For Calcs": NaN,
        "Normalized EBITDA": NaN,
        "Total Unusual Items": NaN,
        "Total Unusual Items Excluding Goodwill": NaN,
        "Net Income From Continuing Operation Net Minority Interest": NaN,
        "Reconciled Depreciation": NaN,
        "Reconciled Cost Of Revenue": NaN,
        "EBITDA": NaN,
        "EBIT": NaN,
        "Normalized Income": NaN,
        "Net Income From Continuing And Discontinued Operation": NaN,
        "Total Expenses": NaN,
        "Total Operating Income As Reported": NaN,
        "Diluted Average Shares": 26788345.0,
        "Basic Average Shares": 26788345.0,
        "Diluted EPS": -0.03,
        "Basic EPS": -0.03,
        "Diluted NI Availto Com Stockholders": NaN,
        "Net Income Common Stockholders": NaN,
        "Net Income": NaN,
        "Minority Interests": NaN,
        "Net Income Including Noncontrolling Interests": NaN,
        "Net Income Continuous Operations": NaN,
        "Tax Provision": NaN,
        "Pretax Income": NaN,
        "Other Income Expense": NaN,
        "Other Non Operating Income Expenses": NaN,
        "Earnings From Equity Interest": NaN,
        "Gain On Sale Of Security": NaN,
        "Operating Income": NaN,
        "Operating Expense": NaN,
        "Other Operating Expenses": NaN,
        "Gross Profit": NaN,
        "Cost Of Revenue": NaN,
        "Total Revenue": NaN,
        "Operating Revenue": NaN
    },
    "2024-06-30": {
        "Tax Effect Of Unusual Items": NaN,
        "Tax Rate For Calcs": NaN,
        "Normalized EBITDA": NaN,
        "Total Unusual Items": NaN,
        "Total Unusual Items Excluding Goodwill": NaN,
        "Net Income From Continuing Operation Net Minority Interest": NaN,
        "Reconciled Depreciation": NaN,
        "Reconciled Cost Of Revenue": NaN,
        "EBITDA": NaN,
        "EBIT": NaN,
        "Normalized Income": NaN,
        "Net Income From Continuing And Discontinued Operation": NaN,
        "Total Expenses": NaN,
        "Total Operating Income As Reported": NaN,
        "Diluted Average Shares": 26849340.0,
        "Basic Average Shares": 26800594.0,
        "Diluted EPS": 0.04,
        "Basic EPS": 0.04,
        "Diluted NI Availto Com Stockholders": NaN,
        "Net Income Common Stockholders": NaN,
        "Net Income": NaN,
        "Minority Interests": NaN,
        "Net Income Including Noncontrolling Interests": NaN,
        "Net Income Continuous Operations": NaN,
        "Tax Provision": NaN,
        "Pretax Income": NaN,
        "Other Income Expense": NaN,
        "Other Non Operating Income Expenses": NaN,
        "Earnings From Equity Interest": NaN,
        "Gain On Sale Of Security": NaN,
        "Operating Income": NaN,
        "Operating Expense": NaN,
        "Other Operating Expenses": NaN,
        "Gross Profit": NaN,
        "Cost Of Revenue": NaN,
        "Total Revenue": NaN,
        "Operating Revenue": NaN
    },
    "2024-09-30": {
        "Tax Effect Of Unusual Items": 110880.0,
        "Tax Rate For Calcs": 0.21,
        "Normalized EBITDA": -3104000.0,
        "Total Unusual Items": 528000.0,
        "Total Unusual Items Excluding Goodwill": 528000.0,
        "Net Income From Continuing Operation Net Minority Interest": -1836000.0,
        "Reconciled Depreciation": 1216000.0,
        "Reconciled Cost Of Revenue": 11703000.0,
        "EBITDA": -2576000.0,
        "EBIT": -3792000.0,
        "Normalized Income": -2253120.0,
        "Net Income From Continuing And Discontinued Operation": -1836000.0,
        "Total Expenses": 14648000.0,
        "Total Operating Income As Reported": -3792000.0,
        "Diluted Average Shares": 26814051.0,
        "Basic Average Shares": 26814051.0,
        "Diluted EPS": -0.07,
        "Basic EPS": -0.07,
        "Diluted NI Availto Com Stockholders": -1836000.0,
        "Net Income Common Stockholders": -1836000.0,
        "Net Income": -1836000.0,
        "Minority Interests": 0.0,
        "Net Income Including Noncontrolling Interests": -1836000.0,
        "Net Income Continuous Operations": -1836000.0,
        "Tax Provision": 1832000.0,
        "Pretax Income": -4000.0,
        "Other Income Expense": 3788000.0,
        "Other Non Operating Income Expenses": -69000.0,
        "Earnings From Equity Interest": 3329000.0,
        "Gain On Sale Of Security": 528000.0,
        "Operating Income": -3792000.0,
        "Operating Expense": 2945000.0,
        "Other Operating Expenses": 2945000.0,
        "Gross Profit": -847000.0,
        "Cost Of Revenue": 11703000.0,
        "Total Revenue": 10856000.0,
        "Operating Revenue": 10856000.0
    },
    "2024-12-31": {
        "Tax Effect Of Unusual Items": 94474.233983,
        "Tax Rate For Calcs": 0.219708,
        "Normalized EBITDA": 3444000.0,
        "Total Unusual Items": 430000.0,
        "Total Unusual Items Excluding Goodwill": 430000.0,
        "Net Income From Continuing Operation Net Minority Interest": 4483000.0,
        "Reconciled Depreciation": 1748000.0,
        "Reconciled Cost Of Revenue": 13511000.0,
        "EBITDA": 3874000.0,
        "EBIT": 2126000.0,
        "Normalized Income": 4147474.233983,
        "Net Income From Continuing And Discontinued Operation": 4483000.0,
        "Total Expenses": 15809000.0,
        "Total Operating Income As Reported": 2126000.0,
        "Diluted Average Shares": NaN,
        "Basic Average Shares": NaN,
        "Diluted EPS": NaN,
        "Basic EPS": NaN,
        "Diluted NI Availto Com Stockholders": 4483000.0,
        "Net Income Common Stockholders": 4483000.0,
        "Net Income": 4483000.0,
        "Minority Interests": 1000.0,
        "Net Income Including Noncontrolling Interests": 4482000.0,
        "Net Income Continuous Operations": 4482000.0,
        "Tax Provision": 1262000.0,
        "Pretax Income": 5744000.0,
        "Other Income Expense": 3618000.0,
        "Other Non Operating Income Expenses": -82000.0,
        "Earnings From Equity Interest": 3270000.0,
        "Gain On Sale Of Security": 430000.0,
        "Operating Income": 2126000.0,
        "Operating Expense": 2298000.0,
        "Other Operating Expenses": 2298000.0,
        "Gross Profit": 4424000.0,
        "Cost Of Revenue": 13511000.0,
        "Total Revenue": 17935000.0,
        "Operating Revenue": 17935000.0
    },
    "2025-03-31": {
        "Tax Effect Of Unusual Items": 72660.0,
        "Tax Rate For Calcs": 0.21,
        "Normalized EBITDA": -3497000.0,
        "Total Unusual Items": 346000.0,
        "Total Unusual Items Excluding Goodwill": 346000.0,
        "Net Income From Continuing Operation Net Minority Interest": -1464000.0,
        "Reconciled Depreciation": 1015000.0,
        "Reconciled Cost Of Revenue": 8139000.0,
        "EBITDA": -3151000.0,
        "EBIT": -4166000.0,
        "Normalized Income": -1737340.0,
        "Net Income From Continuing And Discontinued Operation": -1464000.0,
        "Total Expenses": 12375000.0,
        "Total Operating Income As Reported": -4166000.0,
        "Diluted Average Shares": 26852573.0,
        "Basic Average Shares": 26852573.0,
        "Diluted EPS": -0.05,
        "Basic EPS": -0.05,
        "Diluted NI Availto Com Stockholders": -1464000.0,
        "Net Income Common Stockholders": -1464000.0,
        "Net Income": -1464000.0,
        "Minority Interests": 2000.0,
        "Net Income Including Noncontrolling Interests": -1466000.0,
        "Net Income Continuous Operations": -1466000.0,
        "Tax Provision": -1272000.0,
        "Pretax Income": -2738000.0,
        "Other Income Expense": 1428000.0,
        "Other Non Operating Income Expenses": -76000.0,
        "Earnings From Equity Interest": 1158000.0,
        "Gain On Sale Of Security": 346000.0,
        "Operating Income": -4166000.0,
        "Operating Expense": 4236000.0,
        "Other Operating Expenses": 4236000.0,
        "Gross Profit": 70000.0,
        "Cost Of Revenue": 8139000.0,
        "Total Revenue": 8209000.0,
        "Operating Revenue": 8209000.0
    },
    "2025-06-30": {
        "Tax Effect Of Unusual Items": 47460.0,
        "Tax Rate For Calcs": 0.21,
        "Normalized EBITDA": -3186000.0,
        "Total Unusual Items": 226000.0,
        "Total Unusual Items Excluding Goodwill": 226000.0,
        "Net Income From Continuing Operation Net Minority Interest": -1712000.0,
        "Reconciled Depreciation": 1095000.0,
        "Reconciled Cost Of Revenue": 7462000.0,
        "EBITDA": -2960000.0,
        "EBIT": -4055000.0,
        "Normalized Income": -1890540.0,
        "Net Income From Continuing And Discontinued Operation": -1712000.0,
        "Total Expenses": 12362000.0,
        "Total Operating Income As Reported": -4055000.0,
        "Diluted Average Shares": 26878658.0,
        "Basic Average Shares": 26878658.0,
        "Diluted EPS": -0.06,
        "Basic EPS": -0.06,
        "Diluted NI Availto Com Stockholders": -1712000.0,
        "Net Income Common Stockholders": -1712000.0,
        "Net Income": -1712000.0,
        "Minority Interests": 1000.0,
        "Net Income Including Noncontrolling Interests": -1713000.0,
        "Net Income Continuous Operations": -1713000.0,
        "Tax Provision": 435000.0,
        "Pretax Income": -1278000.0,
        "Other Income Expense": 2777000.0,
        "Other Non Operating Income Expenses": -4000.0,
        "Earnings From Equity Interest": 2555000.0,
        "Gain On Sale Of Security": 226000.0,
        "Operating Income": -4055000.0,
        "Operating Expense": 4900000.0,
        "Other Operating Expenses": 4900000.0,
        "Gross Profit": 845000.0,
        "Cost Of Revenue": 7462000.0,
        "Total Revenue": 8307000.0,
        "Operating Revenue": 8307000.0
    },
    "2025-09-30": {
        "Tax Effect Of Unusual Items": 37170.0,
        "Tax Rate For Calcs": 0.21,
        "Normalized EBITDA": -511000.0,
        "Total Unusual Items": 177000.0,
        "Total Unusual Items Excluding Goodwill": 177000.0,
        "Net Income From Continuing Operation Net Minority Interest": 1670000.0,
        "Reconciled Depreciation": 1690000.0,
        "Reconciled Cost Of Revenue": 11125000.0,
        "EBITDA": -334000.0,
        "EBIT": -2024000.0,
        "Normalized Income": 1530170.0,
        "Net Income From Continuing And Discontinued Operation": 1670000.0,
        "Total Expenses": 13993000.0,
        "Total Operating Income As Reported": -2024000.0,
        "Diluted Average Shares": 26939860.0,
        "Basic Average Shares": 26890979.0,
        "Diluted EPS": 0.06,
        "Basic EPS": 0.06,
        "Diluted NI Availto Com Stockholders": 1670000.0,
        "Net Income Common Stockholders": 1670000.0,
        "Net Income": 1670000.0,
        "Minority Interests": -1000.0,
        "Net Income Including Noncontrolling Interests": 1671000.0,
        "Net Income Continuous Operations": 1671000.0,
        "Tax Provision": -972000.0,
        "Pretax Income": 699000.0,
        "Other Income Expense": 2723000.0,
        "Other Non Operating Income Expenses": -9000.0,
        "Earnings From Equity Interest": 2555000.0,
        "Gain On Sale Of Security": 177000.0,
        "Operating Income": -2024000.0,
        "Operating Expense": 2868000.0,
        "Other Operating Expenses": 2868000.0,
        "Gross Profit": 844000.0,
        "Cost Of Revenue": 11125000.0,
        "Total Revenue": 11969000.0,
        "Operating Revenue": 11969000.0
    }
}