{
    "2023-03-31": {
        "Tax Effect Of Unusual Items": NaN,
        "Tax Rate For Calcs": NaN,
        "Normalized EBITDA": NaN,
        "Net Income From Continuing Operation Net Minority Interest": NaN,
        "Reconciled Depreciation": NaN,
        "EBITDA": NaN,
        "EBIT": NaN,
        "Net Interest Income": NaN,
        "Interest Income": NaN,
        "Normalized Income": NaN,
        "Net Income From Continuing And Discontinued Operation": NaN,
        "Total Expenses": NaN,
        "Total Operating Income As Reported": NaN,
        "Diluted Average Shares": 32374299.0,
        "Basic Average Shares": 32374299.0,
        "Diluted EPS": -0.21,
        "Basic EPS": -0.21,
        "Diluted NI Availto Com Stockholders": NaN,
        "Net Income Common Stockholders": NaN,
        "Net Income": NaN,
        "Net Income Including Noncontrolling Interests": NaN,
        "Net Income Continuous Operations": NaN,
        "Tax Provision": NaN,
        "Pretax Income": NaN,
        "Net Non Operating Interest Income Expense": NaN,
        "Interest Income Non Operating": NaN,
        "Operating Income": NaN,
        "Operating Expense": NaN,
        "Research And Development": NaN,
        "Selling General And Administration": NaN,
        "General And Administrative Expense": NaN,
        "Other Gand A": NaN,
        "Total Revenue": NaN,
        "Operating Revenue": NaN
    },
    "2022-12-31": {
        "Tax Effect Of Unusual Items": NaN,
        "Tax Rate For Calcs": NaN,
        "Normalized EBITDA": NaN,
        "Net Income From Continuing Operation Net Minority Interest": NaN,
        "Reconciled Depreciation": NaN,
        "EBITDA": NaN,
        "EBIT": NaN,
        "Net Interest Income": NaN,
        "Interest Income": NaN,
        "Normalized Income": NaN,
        "Net Income From Continuing And Discontinued Operation": NaN,
        "Total Expenses": NaN,
        "Total Operating Income As Reported": NaN,
        "Diluted Average Shares": NaN,
        "Basic Average Shares": NaN,
        "Diluted EPS": NaN,
        "Basic EPS": NaN,
        "Diluted NI Availto Com Stockholders": NaN,
        "Net Income Common Stockholders": NaN,
        "Net Income": NaN,
        "Net Income Including Noncontrolling Interests": NaN,
        "Net Income Continuous Operations": NaN,
        "Tax Provision": NaN,
        "Pretax Income": NaN,
        "Net Non Operating Interest Income Expense": NaN,
        "Total Other Finance Cost": -950000.0,
        "Interest Income Non Operating": NaN,
        "Operating Income": NaN,
        "Operating Expense": NaN,
        "Research And Development": NaN,
        "Selling General And Administration": NaN,
        "General And Administrative Expense": NaN,
        "Other Gand A": NaN,
        "Total Revenue": NaN,
        "Operating Revenue": NaN
    },
    "2022-09-30": {
        "Tax Effect Of Unusual Items": NaN,
        "Tax Rate For Calcs": NaN,
        "Normalized EBITDA": NaN,
        "Net Income From Continuing Operation Net Minority Interest": NaN,
        "Reconciled Depreciation": NaN,
        "EBITDA": NaN,
        "EBIT": NaN,
        "Net Interest Income": NaN,
        "Interest Income": NaN,
        "Normalized Income": NaN,
        "Net Income From Continuing And Discontinued Operation": NaN,
        "Total Expenses": NaN,
        "Total Operating Income As Reported": NaN,
        "Diluted Average Shares": NaN,
        "Basic Average Shares": NaN,
        "Diluted EPS": NaN,
        "Basic EPS": NaN,
        "Diluted NI Availto Com Stockholders": NaN,
        "Net Income Common Stockholders": NaN,
        "Net Income": NaN,
        "Net Income Including Noncontrolling Interests": NaN,
        "Net Income Continuous Operations": NaN,
        "Tax Provision": NaN,
        "Pretax Income": NaN,
        "Net Non Operating Interest Income Expense": NaN,
        "Total Other Finance Cost": -799000.0,
        "Interest Income Non Operating": NaN,
        "Operating Income": NaN,
        "Operating Expense": NaN,
        "Research And Development": NaN,
        "Selling General And Administration": NaN,
        "General And Administrative Expense": NaN,
        "Other Gand A": NaN,
        "Total Revenue": NaN,
        "Operating Revenue": NaN
    },
    "2022-06-30": {
        "Tax Effect Of Unusual Items": 0.0,
        "Tax Rate For Calcs": 0.0,
        "Normalized EBITDA": -23116000.0,
        "Net Income From Continuing Operation Net Minority Interest": -23179000.0,
        "Reconciled Depreciation": 466000.0,
        "EBITDA": -23116000.0,
        "EBIT": -23582000.0,
        "Net Interest Income": 403000.0,
        "Interest Income": 403000.0,
        "Normalized Income": -23179000.0,
        "Net Income From Continuing And Discontinued Operation": -23179000.0,
        "Total Expenses": 23582000.0,
        "Total Operating Income As Reported": -23582000.0,
        "Diluted Average Shares": 31275306.0,
        "Basic Average Shares": 31275306.0,
        "Diluted EPS": -0.74,
        "Basic EPS": -0.74,
        "Diluted NI Availto Com Stockholders": -23179000.0,
        "Net Income Common Stockholders": -23179000.0,
        "Net Income": -23179000.0,
        "Net Income Including Noncontrolling Interests": -23179000.0,
        "Net Income Continuous Operations": -23179000.0,
        "Tax Provision": NaN,
        "Pretax Income": -23179000.0,
        "Net Non Operating Interest Income Expense": 403000.0,
        "Total Other Finance Cost": NaN,
        "Interest Income Non Operating": 403000.0,
        "Operating Income": -23582000.0,
        "Operating Expense": 23582000.0,
        "Research And Development": 16248000.0,
        "Selling General And Administration": 7334000.0,
        "General And Administrative Expense": 7334000.0,
        "Other Gand A": 7334000.0,
        "Total Revenue": 0.0,
        "Operating Revenue": 0.0
    },
    "2022-03-31": {
        "Diluted EPS": -0.69,
        "Total Revenue": NaN,
        "Gross Profit": NaN,
        "Operating Income": -22,
        "EBIT": -22,
        "Net Income": -22
    },
    "2021-12-31": {
        "Diluted EPS": 15.85,
        "Total Revenue": NaN,
        "Gross Profit": NaN,
        "Operating Income": -18,
        "EBIT": -18,
        "Net Income": -18
    },
    "2021-09-30": {
        "Diluted EPS": -9.78,
        "Total Revenue": NaN,
        "Gross Profit": NaN,
        "Operating Income": -14,
        "EBIT": -14,
        "Net Income": -14
    },
    "2021-06-30": {
        "Diluted EPS": -7.56,
        "Total Revenue": NaN,
        "Gross Profit": NaN,
        "Operating Income": -10,
        "EBIT": -10,
        "Net Income": -10
    },
    "2021-03-31": {
        "Diluted EPS": -6.67,
        "Total Revenue": NaN,
        "Gross Profit": NaN,
        "Operating Income": -8,
        "EBIT": -8,
        "Net Income": -8
    },
    "2020-12-31": {
        "Diluted EPS": 0.0,
        "Total Revenue": NaN,
        "Gross Profit": NaN,
        "Operating Income": NaN,
        "EBIT": NaN,
        "Net Income": NaN
    },
    "2020-09-30": {
        "Diluted EPS": -6.13,
        "Total Revenue": NaN,
        "Gross Profit": NaN,
        "Operating Income": -7,
        "EBIT": -7,
        "Net Income": -7
    },
    "2019-12-31": {
        "Diluted EPS": 0.0,
        "Total Revenue": NaN,
        "Gross Profit": NaN,
        "Operating Income": NaN,
        "EBIT": NaN,
        "Net Income": NaN
    },
    "2023-06-30": {
        "Tax Effect Of Unusual Items": NaN,
        "Tax Rate For Calcs": NaN,
        "Normalized EBITDA": NaN,
        "Net Income From Continuing Operation Net Minority Interest": NaN,
        "Reconciled Depreciation": NaN,
        "EBITDA": NaN,
        "EBIT": NaN,
        "Net Interest Income": NaN,
        "Interest Income": NaN,
        "Normalized Income": NaN,
        "Net Income From Continuing And Discontinued Operation": NaN,
        "Total Expenses": NaN,
        "Total Operating Income As Reported": NaN,
        "Diluted Average Shares": 33163320.0,
        "Basic Average Shares": 33163320.0,
        "Diluted EPS": -0.78,
        "Basic EPS": -0.78,
        "Diluted NI Availto Com Stockholders": NaN,
        "Net Income Common Stockholders": NaN,
        "Net Income": NaN,
        "Net Income Including Noncontrolling Interests": NaN,
        "Net Income Continuous Operations": NaN,
        "Tax Provision": NaN,
        "Pretax Income": NaN,
        "Net Non Operating Interest Income Expense": NaN,
        "Interest Income Non Operating": NaN,
        "Operating Income": NaN,
        "Operating Expense": NaN,
        "Research And Development": NaN,
        "Selling General And Administration": NaN,
        "General And Administrative Expense": NaN,
        "Other Gand A": NaN,
        "Total Revenue": NaN,
        "Operating Revenue": NaN
    },
    "2023-09-30": {
        "Tax Effect Of Unusual Items": NaN,
        "Tax Rate For Calcs": NaN,
        "Normalized EBITDA": NaN,
        "Net Income From Continuing Operation Net Minority Interest": NaN,
        "Reconciled Depreciation": NaN,
        "EBITDA": NaN,
        "EBIT": NaN,
        "Net Interest Income": NaN,
        "Interest Income": NaN,
        "Normalized Income": NaN,
        "Net Income From Continuing And Discontinued Operation": NaN,
        "Total Expenses": NaN,
        "Total Operating Income As Reported": NaN,
        "Diluted Average Shares": 34775451.0,
        "Basic Average Shares": 33281287.0,
        "Diluted EPS": 1.02,
        "Basic EPS": 1.07,
        "Diluted NI Availto Com Stockholders": NaN,
        "Net Income Common Stockholders": NaN,
        "Net Income": NaN,
        "Net Income Including Noncontrolling Interests": NaN,
        "Net Income Continuous Operations": NaN,
        "Tax Provision": NaN,
        "Pretax Income": NaN,
        "Net Non Operating Interest Income Expense": NaN,
        "Interest Income Non Operating": NaN,
        "Operating Income": NaN,
        "Operating Expense": NaN,
        "Research And Development": NaN,
        "Selling General And Administration": NaN,
        "General And Administrative Expense": NaN,
        "Other Gand A": NaN,
        "Total Revenue": NaN,
        "Operating Revenue": NaN
    },
    "2023-12-31": {
        "Tax Effect Of Unusual Items": 0.0,
        "Tax Rate For Calcs": 0.21,
        "Normalized EBITDA": 5641000.0,
        "Net Income From Continuing Operation Net Minority Interest": -9544000.0,
        "Reconciled Depreciation": 736000.0,
        "EBITDA": 5641000.0,
        "EBIT": 4905000.0,
        "Net Interest Income": 4292000.0,
        "Interest Income": 4292000.0,
        "Normalized Income": -9544000.0,
        "Net Income From Continuing And Discontinued Operation": -9544000.0,
        "Total Expenses": 36943000.0,
        "Total Operating Income As Reported": 4905000.0,
        "Diluted Average Shares": NaN,
        "Basic Average Shares": NaN,
        "Diluted EPS": NaN,
        "Basic EPS": NaN,
        "Diluted NI Availto Com Stockholders": -9544000.0,
        "Net Income Common Stockholders": -9544000.0,
        "Net Income": -9544000.0,
        "Net Income Including Noncontrolling Interests": -9544000.0,
        "Net Income Continuous Operations": -9544000.0,
        "Tax Provision": 18741000.0,
        "Pretax Income": 9197000.0,
        "Net Non Operating Interest Income Expense": 4292000.0,
        "Interest Income Non Operating": 4292000.0,
        "Operating Income": 4905000.0,
        "Operating Expense": 36943000.0,
        "Research And Development": 28291000.0,
        "Selling General And Administration": 8652000.0,
        "General And Administrative Expense": 8652000.0,
        "Other Gand A": 8652000.0,
        "Total Revenue": 41848000.0,
        "Operating Revenue": 41848000.0
    },
    "2024-03-31": {
        "Tax Effect Of Unusual Items": 0.0,
        "Tax Rate For Calcs": 0.072294,
        "Normalized EBITDA": 22047000.0,
        "Net Income From Continuing Operation Net Minority Interest": 23496000.0,
        "Reconciled Depreciation": 934000.0,
        "EBITDA": 22047000.0,
        "EBIT": 21113000.0,
        "Net Interest Income": 4214000.0,
        "Interest Income": 4214000.0,
        "Normalized Income": 23496000.0,
        "Net Income From Continuing And Discontinued Operation": 23496000.0,
        "Total Expenses": 38007000.0,
        "Total Operating Income As Reported": 21113000.0,
        "Diluted Average Shares": 34790925.0,
        "Basic Average Shares": 33497072.0,
        "Diluted EPS": 0.68,
        "Basic EPS": 0.7,
        "Diluted NI Availto Com Stockholders": 23496000.0,
        "Net Income Common Stockholders": 23496000.0,
        "Net Income": 23496000.0,
        "Net Income Including Noncontrolling Interests": 23496000.0,
        "Net Income Continuous Operations": 23496000.0,
        "Tax Provision": 1831000.0,
        "Pretax Income": 25327000.0,
        "Net Non Operating Interest Income Expense": 4214000.0,
        "Interest Income Non Operating": 4214000.0,
        "Operating Income": 21113000.0,
        "Operating Expense": 38007000.0,
        "Research And Development": 28608000.0,
        "Selling General And Administration": 9399000.0,
        "General And Administrative Expense": 9399000.0,
        "Other Gand A": 9399000.0,
        "Total Revenue": 59120000.0,
        "Operating Revenue": 59120000.0
    },
    "2024-06-30": {
        "Tax Effect Of Unusual Items": 0.0,
        "Tax Rate For Calcs": 0.047725,
        "Normalized EBITDA": 54333000.0,
        "Net Income From Continuing Operation Net Minority Interest": 55031000.0,
        "Reconciled Depreciation": 910000.0,
        "EBITDA": 54333000.0,
        "EBIT": 53423000.0,
        "Net Interest Income": 4366000.0,
        "Interest Income": 4366000.0,
        "Normalized Income": 55031000.0,
        "Net Income From Continuing And Discontinued Operation": 55031000.0,
        "Total Expenses": 41271000.0,
        "Total Operating Income As Reported": 53423000.0,
        "Diluted Average Shares": 35507029.0,
        "Basic Average Shares": 34180549.0,
        "Diluted EPS": 1.55,
        "Basic EPS": 1.61,
        "Diluted NI Availto Com Stockholders": 55031000.0,
        "Net Income Common Stockholders": 55031000.0,
        "Net Income": 55031000.0,
        "Net Income Including Noncontrolling Interests": 55031000.0,
        "Net Income Continuous Operations": 55031000.0,
        "Tax Provision": 2758000.0,
        "Pretax Income": 57789000.0,
        "Net Non Operating Interest Income Expense": 4366000.0,
        "Interest Income Non Operating": 4366000.0,
        "Operating Income": 53423000.0,
        "Operating Expense": 41271000.0,
        "Research And Development": 32035000.0,
        "Selling General And Administration": 9236000.0,
        "General And Administrative Expense": 9236000.0,
        "Other Gand A": 9236000.0,
        "Total Revenue": 94694000.0,
        "Operating Revenue": 94694000.0
    },
    "2024-09-30": {
        "Tax Effect Of Unusual Items": 0.0,
        "Tax Rate For Calcs": 0.11704,
        "Normalized EBITDA": -20721000.0,
        "Net Income From Continuing Operation Net Minority Interest": -14032000.0,
        "Reconciled Depreciation": 937000.0,
        "EBITDA": -20721000.0,
        "EBIT": -21658000.0,
        "Net Interest Income": 5766000.0,
        "Interest Income": 5766000.0,
        "Normalized Income": -14032000.0,
        "Net Income From Continuing And Discontinued Operation": -14032000.0,
        "Total Expenses": 41228000.0,
        "Total Operating Income As Reported": -21658000.0,
        "Diluted Average Shares": 40629602.0,
        "Basic Average Shares": 40629602.0,
        "Diluted EPS": -0.35,
        "Basic EPS": -0.35,
        "Diluted NI Availto Com Stockholders": -14032000.0,
        "Net Income Common Stockholders": -14032000.0,
        "Net Income": -14032000.0,
        "Net Income Including Noncontrolling Interests": -14032000.0,
        "Net Income Continuous Operations": -14032000.0,
        "Tax Provision": -1860000.0,
        "Pretax Income": -15892000.0,
        "Net Non Operating Interest Income Expense": 5766000.0,
        "Interest Income Non Operating": 5766000.0,
        "Operating Income": -21658000.0,
        "Operating Expense": 41228000.0,
        "Research And Development": 31257000.0,
        "Selling General And Administration": 9971000.0,
        "General And Administrative Expense": 9971000.0,
        "Other Gand A": 9971000.0,
        "Total Revenue": 19570000.0,
        "Operating Revenue": 19570000.0
    },
    "2024-12-31": {
        "Tax Effect Of Unusual Items": 0.0,
        "Tax Rate For Calcs": 0.21,
        "Normalized EBITDA": -4875000.0,
        "Net Income From Continuing Operation Net Minority Interest": 1131000.0,
        "Reconciled Depreciation": 992000.0,
        "EBITDA": -4875000.0,
        "EBIT": -5867000.0,
        "Net Interest Income": 5128000.0,
        "Interest Income": 5128000.0,
        "Normalized Income": 1131000.0,
        "Net Income From Continuing And Discontinued Operation": 1131000.0,
        "Total Expenses": 43265000.0,
        "Total Operating Income As Reported": -5867000.0,
        "Diluted Average Shares": 43050483.0,
        "Basic Average Shares": 40842849.0,
        "Diluted EPS": 0.03,
        "Basic EPS": 0.03,
        "Diluted NI Availto Com Stockholders": 1131000.0,
        "Net Income Common Stockholders": 1131000.0,
        "Net Income": 1131000.0,
        "Net Income Including Noncontrolling Interests": 1131000.0,
        "Net Income Continuous Operations": 1131000.0,
        "Tax Provision": -1870000.0,
        "Pretax Income": -739000.0,
        "Net Non Operating Interest Income Expense": 5128000.0,
        "Interest Income Non Operating": 5128000.0,
        "Operating Income": -5867000.0,
        "Operating Expense": 43265000.0,
        "Research And Development": 33406000.0,
        "Selling General And Administration": 9859000.0,
        "General And Administrative Expense": 9859000.0,
        "Other Gand A": 9859000.0,
        "Total Revenue": 37398000.0,
        "Operating Revenue": 37398000.0
    },
    "2025-03-31": {
        "Tax Effect Of Unusual Items": 0.0,
        "Tax Rate For Calcs": 0.0,
        "Normalized EBITDA": -20844000.0,
        "Net Income From Continuing Operation Net Minority Interest": -17349000.0,
        "Reconciled Depreciation": 946000.0,
        "EBITDA": -20844000.0,
        "EBIT": -21790000.0,
        "Net Interest Income": 4441000.0,
        "Interest Income": 4441000.0,
        "Normalized Income": -17349000.0,
        "Net Income From Continuing And Discontinued Operation": -17349000.0,
        "Total Expenses": 42348000.0,
        "Total Operating Income As Reported": -21790000.0,
        "Diluted Average Shares": 41073732.0,
        "Basic Average Shares": 41073732.0,
        "Diluted EPS": -0.42,
        "Basic EPS": -0.42,
        "Diluted NI Availto Com Stockholders": -17349000.0,
        "Net Income Common Stockholders": -17349000.0,
        "Net Income": -17349000.0,
        "Net Income Including Noncontrolling Interests": -17349000.0,
        "Net Income Continuous Operations": -17349000.0,
        "Tax Provision": 0.0,
        "Pretax Income": -17349000.0,
        "Net Non Operating Interest Income Expense": 4441000.0,
        "Interest Income Non Operating": 4441000.0,
        "Operating Income": -21790000.0,
        "Operating Expense": 42348000.0,
        "Research And Development": 32074000.0,
        "Selling General And Administration": 10274000.0,
        "General And Administrative Expense": 10274000.0,
        "Other Gand A": 10274000.0,
        "Total Revenue": 20558000.0,
        "Operating Revenue": 20558000.0
    },
    "2025-06-30": {
        "Tax Effect Of Unusual Items": 0.0,
        "Tax Rate For Calcs": 0.21,
        "Normalized EBITDA": -45815000.0,
        "Net Income From Continuing Operation Net Minority Interest": -43103000.0,
        "Reconciled Depreciation": 1034000.0,
        "EBITDA": -45815000.0,
        "EBIT": -46849000.0,
        "Net Interest Income": 3924000.0,
        "Interest Income": 3924000.0,
        "Normalized Income": -43103000.0,
        "Net Income From Continuing And Discontinued Operation": -43103000.0,
        "Total Expenses": 48799000.0,
        "Total Operating Income As Reported": -46849000.0,
        "Diluted Average Shares": 41338752.0,
        "Basic Average Shares": 41338752.0,
        "Diluted EPS": -1.04,
        "Basic EPS": -1.04,
        "Diluted NI Availto Com Stockholders": -43103000.0,
        "Net Income Common Stockholders": -43103000.0,
        "Net Income": -43103000.0,
        "Net Income Including Noncontrolling Interests": -43103000.0,
        "Net Income Continuous Operations": -43103000.0,
        "Tax Provision": 178000.0,
        "Pretax Income": -42925000.0,
        "Net Non Operating Interest Income Expense": 3924000.0,
        "Interest Income Non Operating": 3924000.0,
        "Operating Income": -46849000.0,
        "Operating Expense": 48799000.0,
        "Research And Development": 37877000.0,
        "Selling General And Administration": 10922000.0,
        "General And Administrative Expense": 10922000.0,
        "Other Gand A": 10922000.0,
        "Total Revenue": 1950000.0,
        "Operating Revenue": 1950000.0
    },
    "2025-09-30": {
        "Tax Effect Of Unusual Items": 0.0,
        "Tax Rate For Calcs": 0.21,
        "Normalized EBITDA": -45821000.0,
        "Net Income From Continuing Operation Net Minority Interest": -44134000.0,
        "Reconciled Depreciation": 1230000.0,
        "EBITDA": -45821000.0,
        "EBIT": -47051000.0,
        "Net Interest Income": 3571000.0,
        "Interest Income": 3571000.0,
        "Normalized Income": -44134000.0,
        "Net Income From Continuing And Discontinued Operation": -44134000.0,
        "Total Expenses": 48665000.0,
        "Total Operating Income As Reported": -47051000.0,
        "Diluted Average Shares": 41462567.0,
        "Basic Average Shares": 41462567.0,
        "Diluted EPS": -1.06,
        "Basic EPS": -1.06,
        "Diluted NI Availto Com Stockholders": -44134000.0,
        "Net Income Common Stockholders": -44134000.0,
        "Net Income": -44134000.0,
        "Net Income Including Noncontrolling Interests": -44134000.0,
        "Net Income Continuous Operations": -44134000.0,
        "Tax Provision": 654000.0,
        "Pretax Income": -43480000.0,
        "Net Non Operating Interest Income Expense": 3571000.0,
        "Interest Income Non Operating": 3571000.0,
        "Operating Income": -47051000.0,
        "Operating Expense": 48665000.0,
        "Research And Development": 38361000.0,
        "Selling General And Administration": 10304000.0,
        "General And Administrative Expense": 10304000.0,
        "Other Gand A": 10304000.0,
        "Total Revenue": 1614000.0,
        "Operating Revenue": 1614000.0
    }
}