{
    "2023-06-30": {
        "Tax Effect Of Unusual Items": NaN,
        "Tax Rate For Calcs": NaN,
        "Normalized EBITDA": NaN,
        "Net Income From Continuing Operation Net Minority Interest": NaN,
        "Reconciled Depreciation": NaN,
        "Reconciled Cost Of Revenue": NaN,
        "EBITDA": NaN,
        "EBIT": NaN,
        "Net Interest Income": NaN,
        "Normalized Income": NaN,
        "Net Income From Continuing And Discontinued Operation": NaN,
        "Total Expenses": NaN,
        "Total Operating Income As Reported": NaN,
        "Diluted Average Shares": NaN,
        "Basic Average Shares": NaN,
        "Diluted EPS": NaN,
        "Basic EPS": NaN,
        "Diluted NI Availto Com Stockholders": NaN,
        "Net Income Common Stockholders": NaN,
        "Net Income": NaN,
        "Net Income Including Noncontrolling Interests": NaN,
        "Net Income Continuous Operations": NaN,
        "Tax Provision": NaN,
        "Pretax Income": NaN,
        "Net Non Operating Interest Income Expense": NaN,
        "Total Other Finance Cost": 1305000.0,
        "Operating Income": NaN,
        "Operating Expense": NaN,
        "Selling General And Administration": NaN,
        "Gross Profit": NaN,
        "Cost Of Revenue": NaN,
        "Total Revenue": NaN,
        "Operating Revenue": NaN
    },
    "2023-03-31": {
        "Tax Effect Of Unusual Items": NaN,
        "Tax Rate For Calcs": NaN,
        "Normalized EBITDA": NaN,
        "Net Income From Continuing Operation Net Minority Interest": NaN,
        "Reconciled Depreciation": NaN,
        "Reconciled Cost Of Revenue": NaN,
        "EBITDA": NaN,
        "EBIT": NaN,
        "Net Interest Income": NaN,
        "Normalized Income": NaN,
        "Net Income From Continuing And Discontinued Operation": NaN,
        "Total Expenses": NaN,
        "Total Operating Income As Reported": NaN,
        "Diluted Average Shares": NaN,
        "Basic Average Shares": NaN,
        "Diluted EPS": NaN,
        "Basic EPS": NaN,
        "Diluted NI Availto Com Stockholders": NaN,
        "Net Income Common Stockholders": NaN,
        "Net Income": NaN,
        "Net Income Including Noncontrolling Interests": NaN,
        "Net Income Continuous Operations": NaN,
        "Tax Provision": NaN,
        "Pretax Income": NaN,
        "Net Non Operating Interest Income Expense": NaN,
        "Total Other Finance Cost": 1985000.0,
        "Operating Income": NaN,
        "Operating Expense": NaN,
        "Selling General And Administration": NaN,
        "Gross Profit": NaN,
        "Cost Of Revenue": NaN,
        "Total Revenue": NaN,
        "Operating Revenue": NaN
    },
    "2022-12-31": {
        "Tax Effect Of Unusual Items": NaN,
        "Tax Rate For Calcs": NaN,
        "Normalized EBITDA": NaN,
        "Total Unusual Items": -15423000.0,
        "Total Unusual Items Excluding Goodwill": -15423000.0,
        "Net Income From Continuing Operation Net Minority Interest": NaN,
        "Reconciled Depreciation": NaN,
        "Reconciled Cost Of Revenue": NaN,
        "EBITDA": NaN,
        "EBIT": NaN,
        "Net Interest Income": NaN,
        "Interest Income": 0.0,
        "Normalized Income": NaN,
        "Net Income From Continuing And Discontinued Operation": NaN,
        "Total Expenses": NaN,
        "Total Operating Income As Reported": NaN,
        "Diluted Average Shares": NaN,
        "Basic Average Shares": NaN,
        "Diluted EPS": NaN,
        "Basic EPS": NaN,
        "Diluted NI Availto Com Stockholders": NaN,
        "Net Income Common Stockholders": NaN,
        "Net Income": NaN,
        "Net Income Including Noncontrolling Interests": NaN,
        "Net Income Continuous Operations": NaN,
        "Tax Provision": NaN,
        "Pretax Income": NaN,
        "Special Income Charges": -15423000.0,
        "Net Non Operating Interest Income Expense": NaN,
        "Total Other Finance Cost": NaN,
        "Interest Income Non Operating": 0.0,
        "Operating Income": NaN,
        "Operating Expense": NaN,
        "Selling General And Administration": NaN,
        "Gross Profit": NaN,
        "Cost Of Revenue": NaN,
        "Total Revenue": NaN,
        "Operating Revenue": NaN
    },
    "2022-09-30": {
        "Tax Effect Of Unusual Items": NaN,
        "Tax Rate For Calcs": NaN,
        "Normalized EBITDA": NaN,
        "Total Unusual Items": 0.0,
        "Total Unusual Items Excluding Goodwill": 0.0,
        "Net Income From Continuing Operation Net Minority Interest": NaN,
        "Reconciled Depreciation": NaN,
        "Reconciled Cost Of Revenue": NaN,
        "EBITDA": NaN,
        "EBIT": NaN,
        "Net Interest Income": NaN,
        "Interest Income": 0.0,
        "Normalized Income": NaN,
        "Net Income From Continuing And Discontinued Operation": NaN,
        "Total Expenses": NaN,
        "Total Operating Income As Reported": NaN,
        "Diluted Average Shares": NaN,
        "Basic Average Shares": NaN,
        "Diluted EPS": NaN,
        "Basic EPS": NaN,
        "Diluted NI Availto Com Stockholders": NaN,
        "Net Income Common Stockholders": NaN,
        "Net Income": NaN,
        "Net Income Including Noncontrolling Interests": NaN,
        "Net Income Continuous Operations": NaN,
        "Tax Provision": NaN,
        "Pretax Income": NaN,
        "Special Income Charges": 0.0,
        "Net Non Operating Interest Income Expense": NaN,
        "Total Other Finance Cost": NaN,
        "Interest Income Non Operating": 0.0,
        "Operating Income": NaN,
        "Operating Expense": NaN,
        "Selling General And Administration": NaN,
        "Gross Profit": NaN,
        "Cost Of Revenue": NaN,
        "Total Revenue": NaN,
        "Operating Revenue": NaN
    },
    "2022-06-30": {
        "Tax Effect Of Unusual Items": 0.0,
        "Tax Rate For Calcs": 0.246,
        "Normalized EBITDA": 129140000.0,
        "Total Unusual Items": 0.0,
        "Total Unusual Items Excluding Goodwill": 0.0,
        "Net Income From Continuing Operation Net Minority Interest": 88916000.0,
        "Reconciled Depreciation": 11331000.0,
        "Reconciled Cost Of Revenue": 228872000.0,
        "EBITDA": 129140000.0,
        "EBIT": 117809000.0,
        "Net Interest Income": 116000.0,
        "Interest Income": NaN,
        "Normalized Income": 88916000.0,
        "Net Income From Continuing And Discontinued Operation": 88916000.0,
        "Total Expenses": 268440000.0,
        "Total Operating Income As Reported": 117809000.0,
        "Diluted Average Shares": 113259514.0,
        "Basic Average Shares": 113099561.0,
        "Diluted EPS": 0.79,
        "Basic EPS": 0.79,
        "Diluted NI Availto Com Stockholders": 88916000.0,
        "Net Income Common Stockholders": 88916000.0,
        "Net Income": 88916000.0,
        "Net Income Including Noncontrolling Interests": 88916000.0,
        "Net Income Continuous Operations": 88916000.0,
        "Tax Provision": 29009000.0,
        "Pretax Income": 117925000.0,
        "Other Income Expense": NaN,
        "Special Income Charges": 0.0,
        "Gain On Sale Of Ppe": NaN,
        "Impairment Of Capital Assets": NaN,
        "Net Non Operating Interest Income Expense": 116000.0,
        "Total Other Finance Cost": -116000.0,
        "Interest Income Non Operating": NaN,
        "Operating Income": 117809000.0,
        "Operating Expense": 39568000.0,
        "Selling General And Administration": 39568000.0,
        "Gross Profit": 157377000.0,
        "Cost Of Revenue": 228872000.0,
        "Total Revenue": 386249000.0,
        "Operating Revenue": 386249000.0
    },
    "2022-03-31": {
        "Diluted EPS": 0.62,
        "Total Revenue": 339,
        "Gross Profit": 135,
        "Operating Income": 95,
        "EBIT": 105,
        "Net Income": 71
    },
    "2021-12-31": {
        "Diluted EPS": 0.21,
        "Total Revenue": 304,
        "Gross Profit": 118,
        "Operating Income": 30,
        "EBIT": 95,
        "Net Income": 25
    },
    "2021-09-30": {
        "Diluted EPS": 0.64,
        "Total Revenue": 336,
        "Gross Profit": 128,
        "Operating Income": 98,
        "EBIT": 108,
        "Net Income": 74
    },
    "2021-06-30": {
        "Diluted EPS": 0.53,
        "Total Revenue": 312,
        "Gross Profit": 118,
        "Operating Income": 82,
        "EBIT": 92,
        "Net Income": 61
    },
    "2021-03-31": {
        "Diluted EPS": 0.42,
        "Total Revenue": 246,
        "Gross Profit": 96,
        "Operating Income": 64,
        "EBIT": 71,
        "Net Income": 49
    },
    "2020-12-31": {
        "Diluted EPS": 0.37,
        "Total Revenue": 228,
        "Gross Profit": 92,
        "Operating Income": 58,
        "EBIT": 64,
        "Net Income": 43
    },
    "2020-09-30": {
        "Diluted EPS": 0.37,
        "Total Revenue": 232,
        "Gross Profit": 85,
        "Operating Income": 57,
        "EBIT": 61,
        "Net Income": 43
    },
    "2020-06-30": {
        "Diluted EPS": 0.41,
        "Total Revenue": 221,
        "Gross Profit": 92,
        "Operating Income": 63,
        "EBIT": 67,
        "Net Income": 47
    },
    "2020-03-31": {
        "Diluted EPS": 0.36,
        "Total Revenue": 200,
        "Gross Profit": 90,
        "Operating Income": 55,
        "EBIT": 59,
        "Net Income": 42
    },
    "2019-12-31": {
        "Diluted EPS": 0.31,
        "Total Revenue": 165,
        "Gross Profit": 71,
        "Operating Income": 46,
        "EBIT": 50,
        "Net Income": 35
    },
    "2019-09-30": {
        "Diluted EPS": 0.36,
        "Total Revenue": 195,
        "Gross Profit": 82,
        "Operating Income": 55,
        "EBIT": 59,
        "Net Income": 42
    },
    "2019-06-30": {
        "Diluted EPS": 0.31,
        "Total Revenue": 206,
        "Gross Profit": 83,
        "Operating Income": 48,
        "EBIT": 51,
        "Net Income": 36
    },
    "2019-03-31": {
        "Diluted EPS": 0.27,
        "Total Revenue": 180,
        "Gross Profit": 69,
        "Operating Income": 39,
        "EBIT": 43,
        "Net Income": 32
    },
    "2018-12-31": {
        "Diluted EPS": 0.21,
        "Total Revenue": 140,
        "Gross Profit": 60,
        "Operating Income": 32,
        "EBIT": 36,
        "Net Income": 25
    },
    "2018-09-30": {
        "Diluted EPS": 0.25,
        "Total Revenue": 166,
        "Gross Profit": 67,
        "Operating Income": 39,
        "EBIT": 43,
        "Net Income": 29
    },
    "2018-06-30": {
        "Diluted EPS": 0.37,
        "Total Revenue": 207,
        "Gross Profit": 91,
        "Operating Income": 58,
        "EBIT": 62,
        "Net Income": 43
    },
    "2018-03-31": {
        "Diluted EPS": 0.32,
        "Total Revenue": 171,
        "Gross Profit": 77,
        "Operating Income": 48,
        "EBIT": 53,
        "Net Income": 37
    },
    "2017-12-31": {
        "Diluted EPS": 0.15,
        "Total Revenue": 122,
        "Gross Profit": 51,
        "Operating Income": 25,
        "EBIT": 30,
        "Net Income": 18
    },
    "2017-09-30": {
        "Diluted EPS": 0.17,
        "Total Revenue": 140,
        "Gross Profit": 55,
        "Operating Income": 30,
        "EBIT": 35,
        "Net Income": 20
    },
    "2017-06-30": {
        "Diluted EPS": 0.25,
        "Total Revenue": 158,
        "Gross Profit": 72,
        "Operating Income": 45,
        "EBIT": 49,
        "Net Income": 29
    },
    "2017-03-31": {
        "Diluted EPS": 0.24,
        "Total Revenue": 145,
        "Gross Profit": 65,
        "Operating Income": 42,
        "EBIT": 46,
        "Net Income": 28
    },
    "2016-12-31": {
        "Diluted EPS": 0.11,
        "Total Revenue": 95,
        "Gross Profit": 38,
        "Operating Income": 20,
        "EBIT": 23,
        "Net Income": 13
    },
    "2016-09-30": {
        "Diluted EPS": 0.07,
        "Total Revenue": 106,
        "Gross Profit": 30,
        "Operating Income": 11,
        "EBIT": 14,
        "Net Income": 8
    },
    "2016-06-30": {
        "Diluted EPS": 0.2,
        "Total Revenue": 146,
        "Gross Profit": 61,
        "Operating Income": 37,
        "EBIT": 40,
        "Net Income": 24
    },
    "2016-03-31": {
        "Diluted EPS": 0.2,
        "Total Revenue": 132,
        "Gross Profit": 58,
        "Operating Income": 37,
        "EBIT": 41,
        "Net Income": 24
    },
    "2015-12-31": {
        "Diluted EPS": 0.07,
        "Total Revenue": 89,
        "Gross Profit": 32,
        "Operating Income": 13,
        "EBIT": 17,
        "Net Income": 8
    },
    "2015-09-30": {
        "Diluted EPS": 0.03,
        "Total Revenue": 94,
        "Gross Profit": 22,
        "Operating Income": 6,
        "EBIT": 10,
        "Net Income": 4
    },
    "2015-06-30": {
        "Diluted EPS": 0.15,
        "Total Revenue": 137,
        "Gross Profit": 53,
        "Operating Income": 30,
        "EBIT": 34,
        "Net Income": 19
    },
    "2015-03-31": {
        "Diluted EPS": 0.14,
        "Total Revenue": 121,
        "Gross Profit": 48,
        "Operating Income": 28,
        "EBIT": 31,
        "Net Income": 18
    },
    "2014-12-31": {
        "Diluted EPS": 0.04,
        "Total Revenue": 74,
        "Gross Profit": 27,
        "Operating Income": 9,
        "EBIT": 12,
        "Net Income": 5
    },
    "2014-09-30": {
        "Diluted EPS": 0.07,
        "Total Revenue": 96,
        "Gross Profit": 30,
        "Operating Income": 14,
        "EBIT": 18,
        "Net Income": 9
    },
    "2014-06-30": {
        "Diluted EPS": 0.12,
        "Total Revenue": 121,
        "Gross Profit": 45,
        "Operating Income": 25,
        "EBIT": 29,
        "Net Income": 15
    },
    "2014-03-31": {
        "Diluted EPS": 0.09,
        "Total Revenue": 101,
        "Gross Profit": 38,
        "Operating Income": 20,
        "EBIT": 24,
        "Net Income": 12
    },
    "2013-12-31": {
        "Diluted EPS": 0.11,
        "Total Revenue": 64,
        "Gross Profit": 20,
        "Operating Income": 4,
        "EBIT": 8,
        "Net Income": 15
    },
    "2013-09-30": {
        "Diluted EPS": -0.11,
        "Total Revenue": 72,
        "Gross Profit": 0,
        "Operating Income": -15,
        "EBIT": -11,
        "Net Income": -15
    },
    "2013-06-30": {
        "Diluted EPS": 0.1,
        "Total Revenue": 99,
        "Gross Profit": 37,
        "Operating Income": 14,
        "EBIT": 18,
        "Net Income": 13
    },
    "2013-03-31": {
        "Diluted EPS": 0.16,
        "Total Revenue": 108,
        "Gross Profit": 42,
        "Operating Income": 22,
        "EBIT": 26,
        "Net Income": 22
    },
    "2012-12-31": {
        "Diluted EPS": -0.03,
        "Total Revenue": 46,
        "Gross Profit": 13,
        "Operating Income": -3,
        "EBIT": 1,
        "Net Income": -4
    },
    "2012-09-30": {
        "Diluted EPS": -0.11,
        "Total Revenue": 71,
        "Gross Profit": 2,
        "Operating Income": -14,
        "EBIT": -9,
        "Net Income": -14
    },
    "2012-06-30": {
        "Diluted EPS": 0.06,
        "Total Revenue": 94,
        "Gross Profit": 34,
        "Operating Income": 13,
        "EBIT": 20,
        "Net Income": 8
    },
    "2012-03-31": {
        "Diluted EPS": 0.09,
        "Total Revenue": 96,
        "Gross Profit": 35,
        "Operating Income": 17,
        "EBIT": 24,
        "Net Income": 12
    },
    "2011-12-31": {
        "Diluted EPS": -0.14,
        "Total Revenue": 51,
        "Gross Profit": -1,
        "Operating Income": -15,
        "EBIT": -8,
        "Net Income": -18
    },
    "2011-09-30": {
        "Diluted EPS": -0.0,
        "Total Revenue": 68,
        "Gross Profit": 17,
        "Operating Income": 4,
        "EBIT": 12,
        "Net Income": 0
    },
    "2011-06-30": {
        "Diluted EPS": 0.02,
        "Total Revenue": 78,
        "Gross Profit": 24,
        "Operating Income": 6,
        "EBIT": 13,
        "Net Income": 2
    },
    "2011-03-31": {
        "Diluted EPS": 0.04,
        "Total Revenue": 69,
        "Gross Profit": 23,
        "Operating Income": 6,
        "EBIT": 14,
        "Net Income": 5
    },
    "2010-12-31": {
        "Diluted EPS": -0.0,
        "Total Revenue": 75,
        "Gross Profit": 19,
        "Operating Income": 3,
        "EBIT": 10,
        "Net Income": -1
    },
    "2010-09-30": {
        "Diluted EPS": -0.07,
        "Total Revenue": 61,
        "Gross Profit": 9,
        "Operating Income": -5,
        "EBIT": 2,
        "Net Income": -9
    },
    "2010-06-30": {
        "Diluted EPS": 0.04,
        "Total Revenue": 115,
        "Gross Profit": 30,
        "Operating Income": 9,
        "EBIT": 16,
        "Net Income": 5
    },
    "2010-03-31": {
        "Diluted EPS": -0.05,
        "Total Revenue": 66,
        "Gross Profit": 15,
        "Operating Income": -2,
        "EBIT": 6,
        "Net Income": -6
    },
    "2009-12-31": {
        "Diluted EPS": 0.01,
        "Total Revenue": 51,
        "Gross Profit": 17,
        "Operating Income": -1,
        "EBIT": 7,
        "Net Income": 1
    },
    "2009-09-30": {
        "Diluted EPS": -0.19,
        "Total Revenue": 62,
        "Gross Profit": 18,
        "Operating Income": -19,
        "EBIT": -10,
        "Net Income": -22
    },
    "2009-06-30": {
        "Diluted EPS": 0.06,
        "Total Revenue": 91,
        "Gross Profit": 29,
        "Operating Income": 11,
        "EBIT": 19,
        "Net Income": 7
    },
    "2009-03-31": {
        "Diluted EPS": -0.03,
        "Total Revenue": 68,
        "Gross Profit": 17,
        "Operating Income": 0,
        "EBIT": 8,
        "Net Income": -3
    },
    "2023-09-30": {
        "Tax Effect Of Unusual Items": NaN,
        "Tax Rate For Calcs": NaN,
        "Normalized EBITDA": NaN,
        "Net Income From Continuing Operation Net Minority Interest": NaN,
        "Reconciled Depreciation": NaN,
        "Reconciled Cost Of Revenue": NaN,
        "EBITDA": NaN,
        "EBIT": NaN,
        "Net Interest Income": NaN,
        "Normalized Income": NaN,
        "Net Income From Continuing And Discontinued Operation": NaN,
        "Total Expenses": NaN,
        "Total Operating Income As Reported": NaN,
        "Diluted Average Shares": NaN,
        "Basic Average Shares": NaN,
        "Diluted EPS": NaN,
        "Basic EPS": NaN,
        "Diluted NI Availto Com Stockholders": NaN,
        "Net Income Common Stockholders": NaN,
        "Net Income": NaN,
        "Net Income Including Noncontrolling Interests": NaN,
        "Net Income Continuous Operations": NaN,
        "Tax Provision": NaN,
        "Pretax Income": NaN,
        "Net Non Operating Interest Income Expense": NaN,
        "Total Other Finance Cost": -734000.0,
        "Operating Income": NaN,
        "Operating Expense": NaN,
        "Selling General And Administration": NaN,
        "Gross Profit": NaN,
        "Cost Of Revenue": NaN,
        "Total Revenue": NaN,
        "Operating Revenue": NaN
    },
    "2023-12-31": {
        "Tax Effect Of Unusual Items": NaN,
        "Tax Rate For Calcs": NaN,
        "Normalized EBITDA": NaN,
        "Net Income From Continuing Operation Net Minority Interest": NaN,
        "Reconciled Depreciation": NaN,
        "Reconciled Cost Of Revenue": NaN,
        "EBITDA": NaN,
        "EBIT": NaN,
        "Net Interest Income": NaN,
        "Normalized Income": NaN,
        "Net Income From Continuing And Discontinued Operation": NaN,
        "Total Expenses": NaN,
        "Total Operating Income As Reported": NaN,
        "Diluted Average Shares": NaN,
        "Basic Average Shares": NaN,
        "Diluted EPS": NaN,
        "Basic EPS": NaN,
        "Diluted NI Availto Com Stockholders": NaN,
        "Net Income Common Stockholders": NaN,
        "Net Income": NaN,
        "Net Income Including Noncontrolling Interests": NaN,
        "Net Income Continuous Operations": NaN,
        "Tax Provision": NaN,
        "Pretax Income": NaN,
        "Net Non Operating Interest Income Expense": NaN,
        "Total Other Finance Cost": -2550000.0,
        "Operating Income": NaN,
        "Operating Expense": NaN,
        "Selling General And Administration": NaN,
        "Gross Profit": NaN,
        "Cost Of Revenue": NaN,
        "Total Revenue": NaN,
        "Operating Revenue": NaN
    },
    "2024-03-31": {
        "Tax Effect Of Unusual Items": 0.0,
        "Tax Rate For Calcs": 0.25162,
        "Normalized EBITDA": 133166000.0,
        "Net Income From Continuing Operation Net Minority Interest": 89070000.0,
        "Reconciled Depreciation": 14154000.0,
        "Reconciled Cost Of Revenue": 204023000.0,
        "EBITDA": 133166000.0,
        "EBIT": 119012000.0,
        "Net Interest Income": 5000.0,
        "Normalized Income": 89070000.0,
        "Net Income From Continuing And Discontinued Operation": 89070000.0,
        "Total Expenses": 254623000.0,
        "Total Operating Income As Reported": 119012000.0,
        "Diluted Average Shares": 108790625.0,
        "Basic Average Shares": 108640168.0,
        "Diluted EPS": 0.82,
        "Basic EPS": 0.82,
        "Diluted NI Availto Com Stockholders": 89070000.0,
        "Net Income Common Stockholders": 89070000.0,
        "Net Income": 89070000.0,
        "Net Income Including Noncontrolling Interests": 89070000.0,
        "Net Income Continuous Operations": 89070000.0,
        "Tax Provision": 29947000.0,
        "Pretax Income": 119017000.0,
        "Net Non Operating Interest Income Expense": 5000.0,
        "Total Other Finance Cost": -5000.0,
        "Operating Income": 119012000.0,
        "Operating Expense": 50600000.0,
        "Selling General And Administration": 50600000.0,
        "Gross Profit": 169612000.0,
        "Cost Of Revenue": 204023000.0,
        "Total Revenue": 373635000.0,
        "Operating Revenue": 373635000.0
    },
    "2024-06-30": {
        "Tax Effect Of Unusual Items": 0.0,
        "Tax Rate For Calcs": 0.256,
        "Normalized EBITDA": 130356000.0,
        "Net Income From Continuing Operation Net Minority Interest": 86998000.0,
        "Reconciled Depreciation": 13452000.0,
        "Reconciled Cost Of Revenue": 208360000.0,
        "EBITDA": 130356000.0,
        "EBIT": 116904000.0,
        "Net Interest Income": 0.0,
        "Normalized Income": 86998000.0,
        "Net Income From Continuing And Discontinued Operation": 86998000.0,
        "Total Expenses": 259566000.0,
        "Total Operating Income As Reported": 116904000.0,
        "Diluted Average Shares": 108810296.0,
        "Basic Average Shares": 108693887.0,
        "Diluted EPS": 0.8,
        "Basic EPS": 0.8,
        "Diluted NI Availto Com Stockholders": 86998000.0,
        "Net Income Common Stockholders": 86998000.0,
        "Net Income": 86998000.0,
        "Net Income Including Noncontrolling Interests": 86998000.0,
        "Net Income Continuous Operations": 86998000.0,
        "Tax Provision": 29906000.0,
        "Pretax Income": 116904000.0,
        "Net Non Operating Interest Income Expense": 0.0,
        "Total Other Finance Cost": NaN,
        "Operating Income": 116904000.0,
        "Operating Expense": 51206000.0,
        "Selling General And Administration": 51206000.0,
        "Gross Profit": 168110000.0,
        "Cost Of Revenue": 208360000.0,
        "Total Revenue": 376470000.0,
        "Operating Revenue": 376470000.0
    },
    "2024-09-30": {
        "Tax Effect Of Unusual Items": 0.0,
        "Tax Rate For Calcs": 0.253,
        "Normalized EBITDA": 67916000.0,
        "Net Income From Continuing Operation Net Minority Interest": 40553000.0,
        "Reconciled Depreciation": 13612000.0,
        "Reconciled Cost Of Revenue": 140512000.0,
        "EBITDA": 67916000.0,
        "EBIT": 54304000.0,
        "Net Interest Income": 5000.0,
        "Normalized Income": 40553000.0,
        "Net Income From Continuing And Discontinued Operation": 40553000.0,
        "Total Expenses": 179413000.0,
        "Total Operating Income As Reported": 54304000.0,
        "Diluted Average Shares": 108379416.0,
        "Basic Average Shares": 108258401.0,
        "Diluted EPS": 0.37,
        "Basic EPS": 0.37,
        "Diluted NI Availto Com Stockholders": 40553000.0,
        "Net Income Common Stockholders": 40553000.0,
        "Net Income": 40553000.0,
        "Net Income Including Noncontrolling Interests": 40553000.0,
        "Net Income Continuous Operations": 40553000.0,
        "Tax Provision": 13756000.0,
        "Pretax Income": 54309000.0,
        "Net Non Operating Interest Income Expense": 5000.0,
        "Total Other Finance Cost": -5000.0,
        "Operating Income": 54304000.0,
        "Operating Expense": 38901000.0,
        "Selling General And Administration": 38901000.0,
        "Gross Profit": 93205000.0,
        "Cost Of Revenue": 140512000.0,
        "Total Revenue": 233717000.0,
        "Operating Revenue": 233717000.0
    },
    "2024-12-31": {
        "Tax Effect Of Unusual Items": 0.0,
        "Tax Rate For Calcs": 0.367713,
        "Normalized EBITDA": 28907000.0,
        "Net Income From Continuing Operation Net Minority Interest": 9772000.0,
        "Reconciled Depreciation": 13452000.0,
        "Reconciled Cost Of Revenue": 112885000.0,
        "EBITDA": 28907000.0,
        "EBIT": 15455000.0,
        "Net Interest Income": 0.0,
        "Normalized Income": 9772000.0,
        "Net Income From Continuing And Discontinued Operation": 9772000.0,
        "Total Expenses": 152172000.0,
        "Total Operating Income As Reported": 15455000.0,
        "Diluted Average Shares": 107320299.0,
        "Basic Average Shares": 107184416.0,
        "Diluted EPS": 0.09,
        "Basic EPS": 0.09,
        "Diluted NI Availto Com Stockholders": 9772000.0,
        "Net Income Common Stockholders": 9772000.0,
        "Net Income": 9772000.0,
        "Net Income Including Noncontrolling Interests": 9772000.0,
        "Net Income Continuous Operations": 9772000.0,
        "Tax Provision": 5683000.0,
        "Pretax Income": 15455000.0,
        "Net Non Operating Interest Income Expense": 0.0,
        "Total Other Finance Cost": 0.0,
        "Operating Income": 15455000.0,
        "Operating Expense": 39287000.0,
        "Selling General And Administration": 39287000.0,
        "Gross Profit": 54742000.0,
        "Cost Of Revenue": 112885000.0,
        "Total Revenue": 167627000.0,
        "Operating Revenue": 167627000.0
    },
    "2025-03-31": {
        "Tax Effect Of Unusual Items": 0.0,
        "Tax Rate For Calcs": 0.259269,
        "Normalized EBITDA": 95912000.0,
        "Net Income From Continuing Operation Net Minority Interest": 60434000.0,
        "Reconciled Depreciation": 14249000.0,
        "Reconciled Cost Of Revenue": 202262000.0,
        "EBITDA": 95912000.0,
        "EBIT": 81663000.0,
        "Net Interest Income": -76000.0,
        "Normalized Income": 60434000.0,
        "Net Income From Continuing And Discontinued Operation": 60434000.0,
        "Total Expenses": 258330000.0,
        "Total Operating Income As Reported": 81663000.0,
        "Diluted Average Shares": 107284084.0,
        "Basic Average Shares": 107180665.0,
        "Diluted EPS": 0.56,
        "Basic EPS": 0.56,
        "Diluted NI Availto Com Stockholders": 60434000.0,
        "Net Income Common Stockholders": 60434000.0,
        "Net Income": 60434000.0,
        "Net Income Including Noncontrolling Interests": 60434000.0,
        "Net Income Continuous Operations": 60434000.0,
        "Tax Provision": 21153000.0,
        "Pretax Income": 81587000.0,
        "Net Non Operating Interest Income Expense": -76000.0,
        "Total Other Finance Cost": 76000.0,
        "Operating Income": 81663000.0,
        "Operating Expense": 56068000.0,
        "Selling General And Administration": 56068000.0,
        "Gross Profit": 137731000.0,
        "Cost Of Revenue": 202262000.0,
        "Total Revenue": 339993000.0,
        "Operating Revenue": 339993000.0
    }
}