{
    "2023-03-31": {
        "Tax Effect Of Unusual Items": NaN,
        "Tax Rate For Calcs": NaN,
        "Normalized EBITDA": NaN,
        "Total Unusual Items": NaN,
        "Total Unusual Items Excluding Goodwill": NaN,
        "Net Income From Continuing Operation Net Minority Interest": NaN,
        "Reconciled Depreciation": NaN,
        "Reconciled Cost Of Revenue": NaN,
        "EBITDA": NaN,
        "EBIT": NaN,
        "Net Interest Income": NaN,
        "Interest Expense": NaN,
        "Interest Income": NaN,
        "Normalized Income": NaN,
        "Net Income From Continuing And Discontinued Operation": NaN,
        "Total Expenses": NaN,
        "Total Operating Income As Reported": NaN,
        "Diluted Average Shares": 141000000.0,
        "Basic Average Shares": 141000000.0,
        "Diluted EPS": -0.52,
        "Basic EPS": -0.52,
        "Diluted NI Availto Com Stockholders": NaN,
        "Net Income Common Stockholders": NaN,
        "Net Income": NaN,
        "Net Income Including Noncontrolling Interests": NaN,
        "Net Income Continuous Operations": NaN,
        "Tax Provision": NaN,
        "Pretax Income": NaN,
        "Other Income Expense": -1000000.0,
        "Other Non Operating Income Expenses": -1000000.0,
        "Special Income Charges": NaN,
        "Restructuring And Mergern Acquisition": NaN,
        "Net Non Operating Interest Income Expense": NaN,
        "Interest Expense Non Operating": NaN,
        "Interest Income Non Operating": NaN,
        "Operating Income": NaN,
        "Operating Expense": NaN,
        "Other Operating Expenses": NaN,
        "Depreciation Amortization Depletion Income Statement": NaN,
        "Depreciation And Amortization In Income Statement": NaN,
        "Amortization": NaN,
        "Amortization Of Intangibles Income Statement": NaN,
        "Depreciation Income Statement": NaN,
        "Selling General And Administration": NaN,
        "Selling And Marketing Expense": NaN,
        "General And Administrative Expense": NaN,
        "Other Gand A": NaN,
        "Salaries And Wages": NaN,
        "Gross Profit": NaN,
        "Cost Of Revenue": NaN,
        "Total Revenue": NaN,
        "Operating Revenue": NaN
    },
    "2022-12-31": {
        "Tax Effect Of Unusual Items": NaN,
        "Tax Rate For Calcs": NaN,
        "Normalized EBITDA": NaN,
        "Total Unusual Items": NaN,
        "Total Unusual Items Excluding Goodwill": NaN,
        "Net Income From Continuing Operation Net Minority Interest": NaN,
        "Reconciled Depreciation": NaN,
        "Reconciled Cost Of Revenue": NaN,
        "EBITDA": NaN,
        "EBIT": NaN,
        "Net Interest Income": NaN,
        "Interest Expense": NaN,
        "Interest Income": NaN,
        "Normalized Income": NaN,
        "Net Income From Continuing And Discontinued Operation": NaN,
        "Total Expenses": NaN,
        "Total Operating Income As Reported": NaN,
        "Diluted Average Shares": 141000000.0,
        "Basic Average Shares": 141000000.0,
        "Diluted EPS": -0.02,
        "Basic EPS": -0.02,
        "Diluted NI Availto Com Stockholders": NaN,
        "Net Income Common Stockholders": NaN,
        "Net Income": NaN,
        "Net Income Including Noncontrolling Interests": NaN,
        "Net Income Continuous Operations": NaN,
        "Tax Provision": NaN,
        "Pretax Income": NaN,
        "Other Income Expense": NaN,
        "Other Non Operating Income Expenses": NaN,
        "Special Income Charges": NaN,
        "Restructuring And Mergern Acquisition": NaN,
        "Net Non Operating Interest Income Expense": NaN,
        "Interest Expense Non Operating": NaN,
        "Interest Income Non Operating": NaN,
        "Operating Income": NaN,
        "Operating Expense": NaN,
        "Other Operating Expenses": NaN,
        "Depreciation Amortization Depletion Income Statement": NaN,
        "Depreciation And Amortization In Income Statement": NaN,
        "Amortization": NaN,
        "Amortization Of Intangibles Income Statement": NaN,
        "Depreciation Income Statement": NaN,
        "Selling General And Administration": NaN,
        "Selling And Marketing Expense": NaN,
        "General And Administrative Expense": NaN,
        "Other Gand A": NaN,
        "Salaries And Wages": NaN,
        "Gross Profit": NaN,
        "Cost Of Revenue": NaN,
        "Total Revenue": NaN,
        "Operating Revenue": NaN
    },
    "2022-09-30": {
        "Tax Effect Of Unusual Items": NaN,
        "Tax Rate For Calcs": NaN,
        "Normalized EBITDA": NaN,
        "Total Unusual Items": 0.0,
        "Total Unusual Items Excluding Goodwill": 0.0,
        "Net Income From Continuing Operation Net Minority Interest": NaN,
        "Reconciled Depreciation": NaN,
        "Reconciled Cost Of Revenue": NaN,
        "EBITDA": NaN,
        "EBIT": NaN,
        "Net Interest Income": NaN,
        "Interest Expense": NaN,
        "Interest Income": NaN,
        "Normalized Income": NaN,
        "Net Income From Continuing And Discontinued Operation": NaN,
        "Total Expenses": NaN,
        "Total Operating Income As Reported": NaN,
        "Diluted Average Shares": NaN,
        "Basic Average Shares": NaN,
        "Diluted EPS": NaN,
        "Basic EPS": NaN,
        "Diluted NI Availto Com Stockholders": NaN,
        "Net Income Common Stockholders": NaN,
        "Net Income": NaN,
        "Net Income Including Noncontrolling Interests": NaN,
        "Net Income Continuous Operations": NaN,
        "Tax Provision": NaN,
        "Pretax Income": NaN,
        "Other Income Expense": NaN,
        "Other Non Operating Income Expenses": NaN,
        "Special Income Charges": 0.0,
        "Restructuring And Mergern Acquisition": 0.0,
        "Net Non Operating Interest Income Expense": NaN,
        "Interest Expense Non Operating": NaN,
        "Interest Income Non Operating": NaN,
        "Operating Income": NaN,
        "Operating Expense": NaN,
        "Other Operating Expenses": NaN,
        "Depreciation Amortization Depletion Income Statement": NaN,
        "Depreciation And Amortization In Income Statement": NaN,
        "Amortization": NaN,
        "Amortization Of Intangibles Income Statement": NaN,
        "Depreciation Income Statement": NaN,
        "Selling General And Administration": NaN,
        "Selling And Marketing Expense": NaN,
        "General And Administrative Expense": NaN,
        "Other Gand A": NaN,
        "Salaries And Wages": NaN,
        "Gross Profit": NaN,
        "Cost Of Revenue": NaN,
        "Total Revenue": NaN,
        "Operating Revenue": NaN
    },
    "2022-06-30": {
        "Tax Effect Of Unusual Items": 0.0,
        "Tax Rate For Calcs": 0.4,
        "Normalized EBITDA": 89000000.0,
        "Net Income From Continuing Operation Net Minority Interest": 31000000.0,
        "Reconciled Depreciation": 25000000.0,
        "Reconciled Cost Of Revenue": 31000000.0,
        "EBITDA": 89000000.0,
        "EBIT": 64000000.0,
        "Net Interest Income": -10000000.0,
        "Interest Expense": 11000000.0,
        "Interest Income": 1000000.0,
        "Normalized Income": 31000000.0,
        "Net Income From Continuing And Discontinued Operation": 31000000.0,
        "Total Expenses": 354000000.0,
        "Total Operating Income As Reported": 63000000.0,
        "Diluted Average Shares": 145496000.0,
        "Basic Average Shares": 139692000.0,
        "Diluted EPS": 0.21,
        "Basic EPS": 0.22,
        "Diluted NI Availto Com Stockholders": 31000000.0,
        "Net Income Common Stockholders": 31000000.0,
        "Net Income": 31000000.0,
        "Net Income Including Noncontrolling Interests": 31000000.0,
        "Net Income Continuous Operations": 31000000.0,
        "Tax Provision": 22000000.0,
        "Pretax Income": 53000000.0,
        "Other Income Expense": NaN,
        "Other Non Operating Income Expenses": NaN,
        "Net Non Operating Interest Income Expense": -10000000.0,
        "Interest Expense Non Operating": 11000000.0,
        "Interest Income Non Operating": 1000000.0,
        "Operating Income": 63000000.0,
        "Operating Expense": 323000000.0,
        "Other Operating Expenses": 53000000.0,
        "Depreciation Amortization Depletion Income Statement": 25000000.0,
        "Depreciation And Amortization In Income Statement": 25000000.0,
        "Amortization": 3000000.0,
        "Amortization Of Intangibles Income Statement": 3000000.0,
        "Depreciation Income Statement": 22000000.0,
        "Selling General And Administration": 298000000.0,
        "Selling And Marketing Expense": 217000000.0,
        "General And Administrative Expense": 81000000.0,
        "Other Gand A": 53000000.0,
        "Salaries And Wages": 28000000.0,
        "Gross Profit": 386000000.0,
        "Cost Of Revenue": 31000000.0,
        "Total Revenue": 417000000.0,
        "Operating Revenue": 417000000.0
    },
    "2023-06-30": {
        "Tax Effect Of Unusual Items": NaN,
        "Tax Rate For Calcs": NaN,
        "Normalized EBITDA": NaN,
        "Total Unusual Items": NaN,
        "Total Unusual Items Excluding Goodwill": NaN,
        "Net Income From Continuing Operation Net Minority Interest": NaN,
        "Reconciled Depreciation": NaN,
        "Reconciled Cost Of Revenue": NaN,
        "EBITDA": NaN,
        "EBIT": NaN,
        "Net Interest Income": NaN,
        "Interest Expense": NaN,
        "Interest Income": NaN,
        "Normalized Income": NaN,
        "Net Income From Continuing And Discontinued Operation": NaN,
        "Total Expenses": NaN,
        "Total Operating Income As Reported": NaN,
        "Diluted Average Shares": 145115000.0,
        "Basic Average Shares": 139881000.0,
        "Diluted EPS": 0.17,
        "Basic EPS": 0.17,
        "Diluted NI Availto Com Stockholders": NaN,
        "Net Income Common Stockholders": NaN,
        "Net Income": NaN,
        "Net Income Including Noncontrolling Interests": NaN,
        "Net Income Continuous Operations": NaN,
        "Tax Provision": NaN,
        "Pretax Income": NaN,
        "Other Income Expense": -1000000.0,
        "Other Non Operating Income Expenses": -1000000.0,
        "Special Income Charges": NaN,
        "Restructuring And Mergern Acquisition": NaN,
        "Net Non Operating Interest Income Expense": NaN,
        "Interest Expense Non Operating": NaN,
        "Interest Income Non Operating": NaN,
        "Operating Income": NaN,
        "Operating Expense": NaN,
        "Other Operating Expenses": NaN,
        "Depreciation Amortization Depletion Income Statement": NaN,
        "Depreciation And Amortization In Income Statement": NaN,
        "Amortization": NaN,
        "Amortization Of Intangibles Income Statement": NaN,
        "Depreciation Income Statement": NaN,
        "Selling General And Administration": NaN,
        "Selling And Marketing Expense": NaN,
        "General And Administrative Expense": NaN,
        "Other Gand A": NaN,
        "Salaries And Wages": NaN,
        "Gross Profit": NaN,
        "Cost Of Revenue": NaN,
        "Total Revenue": NaN,
        "Operating Revenue": NaN
    },
    "2022-03-31": {
        "Diluted EPS": -0.24,
        "Total Revenue": 649,
        "Gross Profit": 481,
        "Operating Income": -55,
        "EBIT": -55,
        "Net Income": -155
    },
    "2021-12-31": {
        "Diluted EPS": -0.22,
        "Total Revenue": 771,
        "Gross Profit": 587,
        "Operating Income": -116,
        "EBIT": -116,
        "Net Income": -128
    },
    "2021-09-30": {
        "Diluted EPS": -0.2,
        "Total Revenue": 831,
        "Gross Profit": 641,
        "Operating Income": -37,
        "EBIT": -37,
        "Net Income": -131
    },
    "2021-06-30": {
        "Diluted EPS": -0.16,
        "Total Revenue": 912,
        "Gross Profit": 723,
        "Operating Income": 51,
        "EBIT": 51,
        "Net Income": -100
    },
    "2021-03-31": {
        "Diluted EPS": 0.44,
        "Total Revenue": 628,
        "Gross Profit": 470,
        "Operating Income": -119,
        "EBIT": -119,
        "Net Income": 273
    },
    "2020-12-31": {
        "Diluted EPS": 0.17,
        "Total Revenue": 885,
        "Gross Profit": 714,
        "Operating Income": -27,
        "EBIT": -27,
        "Net Income": 90
    },
    "2020-09-30": {
        "Diluted EPS": 0.38,
        "Total Revenue": 805,
        "Gross Profit": 653,
        "Operating Income": 117,
        "EBIT": 117,
        "Net Income": 234
    },
    "2020-06-30": {
        "Diluted EPS": -0.11,
        "Total Revenue": 448,
        "Gross Profit": 325,
        "Operating Income": -97,
        "EBIT": -97,
        "Net Income": -67
    },
    "2020-03-31": {
        "Diluted EPS": -1.27,
        "Total Revenue": 669,
        "Gross Profit": 497,
        "Operating Income": -211,
        "EBIT": -211,
        "Net Income": -754
    },
    "2019-12-31": {
        "Diluted EPS": 0.46,
        "Total Revenue": NaN,
        "Gross Profit": 930,
        "Operating Income": 83,
        "EBIT": 83,
        "Net Income": 266
    },
    "2019-09-30": {
        "Diluted EPS": 0.19,
        "Total Revenue": NaN,
        "Gross Profit": NaN,
        "Operating Income": 314,
        "EBIT": 314,
        "Net Income": 112
    },
    "2019-06-30": {
        "Diluted EPS": -0.11,
        "Total Revenue": NaN,
        "Gross Profit": NaN,
        "Operating Income": 194,
        "EBIT": 194,
        "Net Income": -59
    },
    "2019-03-31": {
        "Diluted EPS": 1.11,
        "Total Revenue": NaN,
        "Gross Profit": 965,
        "Operating Income": 132,
        "EBIT": 132,
        "Net Income": 687
    },
    "2018-12-31": {
        "Diluted EPS": -0.29,
        "Total Revenue": 963,
        "Gross Profit": 753,
        "Operating Income": -41,
        "EBIT": -41,
        "Net Income": -203
    },
    "2018-09-30": {
        "Diluted EPS": -0.3,
        "Total Revenue": NaN,
        "Gross Profit": NaN,
        "Operating Income": 215,
        "EBIT": 215,
        "Net Income": -165
    },
    "2018-06-30": {
        "Diluted EPS": 0.59,
        "Total Revenue": NaN,
        "Gross Profit": 884,
        "Operating Income": 110,
        "EBIT": 110,
        "Net Income": 360
    },
    "2018-03-31": {
        "Diluted EPS": 0.29,
        "Total Revenue": NaN,
        "Gross Profit": 875,
        "Operating Income": 95,
        "EBIT": 95,
        "Net Income": 170
    },
    "2017-12-31": {
        "Diluted EPS": 0.16,
        "Total Revenue": NaN,
        "Gross Profit": 914,
        "Operating Income": 90,
        "EBIT": 90,
        "Net Income": 84
    },
    "2017-09-30": {
        "Diluted EPS": 0.32,
        "Total Revenue": NaN,
        "Gross Profit": 991,
        "Operating Income": 204,
        "EBIT": 204,
        "Net Income": 185
    },
    "2017-06-30": {
        "Diluted EPS": 0.09,
        "Total Revenue": 946,
        "Gross Profit": 781,
        "Operating Income": 95,
        "EBIT": 95,
        "Net Income": 48
    },
    "2017-03-31": {
        "Diluted EPS": 0.02,
        "Total Revenue": 884,
        "Gross Profit": 711,
        "Operating Income": 60,
        "EBIT": 60,
        "Net Income": 12
    },
    "2016-09-30": {
        "Diluted EPS": 0.01,
        "Total Revenue": 836,
        "Gross Profit": 650,
        "Operating Income": 67,
        "EBIT": 67,
        "Net Income": 4
    },
    "2016-06-30": {
        "Diluted EPS": -0.17,
        "Total Revenue": 664,
        "Gross Profit": 478,
        "Operating Income": -60,
        "EBIT": -60,
        "Net Income": -78
    },
    "2016-03-31": {
        "Diluted EPS": -0.54,
        "Total Revenue": 648,
        "Gross Profit": 472,
        "Operating Income": -283,
        "Net Income": -245
    },
    "2015-12-31": {
        "Diluted EPS": 0.06,
        "Total Revenue": 358,
        "Gross Profit": 252,
        "Operating Income": -29,
        "EBIT": -19,
        "Net Income": 4
    },
    "2015-09-30": {
        "Diluted EPS": 1.05,
        "Total Revenue": 501,
        "Gross Profit": 368,
        "Operating Income": 64,
        "EBIT": 64,
        "Net Income": 380
    },
    "2015-06-30": {
        "Diluted EPS": 0.08,
        "Total Revenue": 430,
        "Gross Profit": 312,
        "Operating Income": 32,
        "EBIT": 32,
        "Net Income": 23
    },
    "2015-03-31": {
        "Diluted EPS": -0.08,
        "Total Revenue": 394,
        "Gross Profit": 280,
        "Operating Income": -8,
        "EBIT": -8,
        "Net Income": -20
    },
    "2014-12-31": {
        "Diluted EPS": -0.13,
        "Total Revenue": 326,
        "Gross Profit": 232,
        "Operating Income": -44,
        "EBIT": -44,
        "Net Income": -36
    },
    "2014-09-30": {
        "Diluted EPS": 0.11,
        "Total Revenue": 368,
        "Gross Profit": 272,
        "Operating Income": 36,
        "EBIT": 36,
        "Net Income": 35
    },
    "2014-06-30": {
        "Diluted EPS": 0.07,
        "Total Revenue": 293,
        "Gross Profit": 216,
        "Operating Income": 30,
        "EBIT": 30,
        "Net Income": 22
    },
    "2014-03-31": {
        "Diluted EPS": 0.06,
        "Total Revenue": 272,
        "Gross Profit": 200,
        "Operating Income": 29,
        "EBIT": 29,
        "Net Income": 19
    },
    "2013-12-31": {
        "Diluted EPS": 0.14,
        "Total Revenue": 252,
        "Gross Profit": 185,
        "Operating Income": 36,
        "EBIT": 36,
        "Net Income": 43
    },
    "2013-09-30": {
        "Diluted EPS": 0.2,
        "Total Revenue": 268,
        "Gross Profit": 206,
        "Operating Income": 65,
        "EBIT": 65,
        "Net Income": 61
    },
    "2013-06-30": {
        "Diluted EPS": 0.12,
        "Total Revenue": 215,
        "Gross Profit": 165,
        "Operating Income": 44,
        "EBIT": 44,
        "Net Income": 34
    },
    "2013-03-31": {
        "Diluted EPS": 0.09,
        "Total Revenue": 198,
        "Gross Profit": 149,
        "Operating Income": 37,
        "EBIT": 37,
        "Net Income": 25
    },
    "2012-12-31": {
        "Diluted EPS": 0.11,
        "Total Revenue": 187,
        "Gross Profit": 140,
        "Operating Income": 25,
        "EBIT": 25,
        "Net Income": 31
    },
    "2012-09-30": {
        "Diluted EPS": 0.11,
        "Total Revenue": 198,
        "Gross Profit": 153,
        "Operating Income": 42,
        "EBIT": 42,
        "Net Income": 31
    },
    "2012-06-30": {
        "Diluted EPS": 0.07,
        "Total Revenue": 162,
        "Gross Profit": 124,
        "Operating Income": 35,
        "EBIT": 35,
        "Net Income": 19
    },
    "2012-03-31": {
        "Diluted EPS": 0.09,
        "Total Revenue": 153,
        "Gross Profit": 117,
        "Operating Income": 36,
        "EBIT": 36,
        "Net Income": 27
    },
    "2011-12-31": {
        "Diluted EPS": 0.14,
        "Total Revenue": 157,
        "Gross Profit": 119,
        "Operating Income": 39,
        "EBIT": 39,
        "Net Income": 40
    },
    "2011-09-30": {
        "Diluted EPS": 0.17,
        "Total Revenue": 163,
        "Gross Profit": 127,
        "Operating Income": 58,
        "EBIT": 58,
        "Net Income": 51
    },
    "2011-06-30": {
        "Diluted EPS": 0.14,
        "Total Revenue": 129,
        "Gross Profit": 100,
        "Operating Income": 42,
        "EBIT": 42,
        "Net Income": 41
    },
    "2011-03-31": {
        "Diluted EPS": 0.12,
        "Total Revenue": 124,
        "Gross Profit": 99,
        "Operating Income": 48,
        "EBIT": 48,
        "Net Income": 36
    },
    "2010-12-31": {
        "Diluted EPS": 0.15,
        "Total Revenue": 119,
        "Gross Profit": 92,
        "Operating Income": 39,
        "EBIT": 39,
        "Net Income": 46
    },
    "2010-09-30": {
        "Diluted EPS": 0.16,
        "Total Revenue": 129,
        "Gross Profit": 103,
        "Operating Income": 54,
        "EBIT": 54,
        "Net Income": 48
    },
    "2010-06-30": {
        "Diluted EPS": 0.12,
        "Total Revenue": 109,
        "Gross Profit": 87,
        "Operating Income": 45,
        "EBIT": 45,
        "Net Income": 35
    },
    "2010-03-31": {
        "Diluted EPS": 0.1,
        "Total Revenue": 86,
        "Gross Profit": 67,
        "Operating Income": 29,
        "EBIT": 29,
        "Net Income": 28
    },
    "2009-12-31": {
        "Diluted EPS": 0.1,
        "Total Revenue": 88,
        "Gross Profit": 70,
        "Operating Income": 33,
        "EBIT": 33,
        "Net Income": 28
    },
    "2009-09-30": {
        "Diluted EPS": 0.1,
        "Total Revenue": 80,
        "Gross Profit": 62,
        "Operating Income": 29,
        "EBIT": 29,
        "Net Income": 28
    },
    "2009-06-30": {
        "Diluted EPS": 0.09,
        "Total Revenue": 74,
        "Gross Profit": 59,
        "Operating Income": 29,
        "EBIT": 29,
        "Net Income": 23
    },
    "2009-03-31": {
        "Diluted EPS": 0.07,
        "Total Revenue": 59,
        "Gross Profit": 45,
        "Operating Income": 20,
        "EBIT": 20,
        "Net Income": 18
    },
    "2023-09-30": {
        "Tax Effect Of Unusual Items": NaN,
        "Tax Rate For Calcs": NaN,
        "Normalized EBITDA": NaN,
        "Total Unusual Items": -18000000.0,
        "Total Unusual Items Excluding Goodwill": -18000000.0,
        "Net Income From Continuing Operation Net Minority Interest": NaN,
        "Reconciled Depreciation": NaN,
        "Reconciled Cost Of Revenue": NaN,
        "EBITDA": NaN,
        "EBIT": NaN,
        "Net Interest Income": NaN,
        "Interest Expense": NaN,
        "Interest Income": NaN,
        "Normalized Income": NaN,
        "Net Income From Continuing And Discontinued Operation": NaN,
        "Total Expenses": NaN,
        "Total Operating Income As Reported": NaN,
        "Diluted Average Shares": 143000000.0,
        "Basic Average Shares": 138000000.0,
        "Diluted EPS": 0.19,
        "Basic EPS": 0.2,
        "Diluted NI Availto Com Stockholders": NaN,
        "Net Income Common Stockholders": NaN,
        "Net Income": NaN,
        "Net Income Including Noncontrolling Interests": NaN,
        "Net Income Continuous Operations": NaN,
        "Tax Provision": NaN,
        "Pretax Income": NaN,
        "Other Income Expense": -20000000.0,
        "Other Non Operating Income Expenses": -2000000.0,
        "Special Income Charges": -18000000.0,
        "Restructuring And Mergern Acquisition": 18000000.0,
        "Net Non Operating Interest Income Expense": NaN,
        "Interest Expense Non Operating": NaN,
        "Interest Income Non Operating": NaN,
        "Operating Income": NaN,
        "Operating Expense": NaN,
        "Other Operating Expenses": NaN,
        "Depreciation Amortization Depletion Income Statement": NaN,
        "Depreciation And Amortization In Income Statement": NaN,
        "Amortization": NaN,
        "Amortization Of Intangibles Income Statement": NaN,
        "Depreciation Income Statement": NaN,
        "Selling General And Administration": NaN,
        "Selling And Marketing Expense": NaN,
        "General And Administrative Expense": NaN,
        "Other Gand A": NaN,
        "Salaries And Wages": NaN,
        "Gross Profit": NaN,
        "Cost Of Revenue": NaN,
        "Total Revenue": NaN,
        "Operating Revenue": NaN
    },
    "2023-12-31": {
        "Tax Effect Of Unusual Items": NaN,
        "Tax Rate For Calcs": NaN,
        "Normalized EBITDA": NaN,
        "Total Unusual Items": -9000000.0,
        "Total Unusual Items Excluding Goodwill": -9000000.0,
        "Net Income From Continuing Operation Net Minority Interest": NaN,
        "Reconciled Depreciation": NaN,
        "Reconciled Cost Of Revenue": NaN,
        "EBITDA": NaN,
        "EBIT": NaN,
        "Net Interest Income": NaN,
        "Interest Expense": NaN,
        "Interest Income": NaN,
        "Normalized Income": NaN,
        "Net Income From Continuing And Discontinued Operation": NaN,
        "Total Expenses": NaN,
        "Total Operating Income As Reported": NaN,
        "Diluted Average Shares": NaN,
        "Basic Average Shares": NaN,
        "Diluted EPS": NaN,
        "Basic EPS": NaN,
        "Diluted NI Availto Com Stockholders": NaN,
        "Net Income Common Stockholders": NaN,
        "Net Income": NaN,
        "Net Income Including Noncontrolling Interests": NaN,
        "Net Income Continuous Operations": NaN,
        "Tax Provision": NaN,
        "Pretax Income": NaN,
        "Other Income Expense": -5000000.0,
        "Other Non Operating Income Expenses": 6000000.0,
        "Special Income Charges": -4000000.0,
        "Restructuring And Mergern Acquisition": 4000000.0,
        "Net Non Operating Interest Income Expense": NaN,
        "Interest Expense Non Operating": NaN,
        "Interest Income Non Operating": NaN,
        "Operating Income": NaN,
        "Operating Expense": NaN,
        "Other Operating Expenses": NaN,
        "Depreciation Amortization Depletion Income Statement": NaN,
        "Depreciation And Amortization In Income Statement": NaN,
        "Amortization": NaN,
        "Amortization Of Intangibles Income Statement": NaN,
        "Depreciation Income Statement": NaN,
        "Selling General And Administration": NaN,
        "Selling And Marketing Expense": NaN,
        "General And Administrative Expense": NaN,
        "Other Gand A": NaN,
        "Salaries And Wages": NaN,
        "Gross Profit": NaN,
        "Cost Of Revenue": NaN,
        "Total Revenue": NaN,
        "Operating Revenue": NaN
    },
    "2024-03-31": {
        "Tax Effect Of Unusual Items": -210000.0,
        "Tax Rate For Calcs": 0.21,
        "Normalized EBITDA": 18000000.0,
        "Total Unusual Items": -1000000.0,
        "Total Unusual Items Excluding Goodwill": -1000000.0,
        "Net Income From Continuing Operation Net Minority Interest": -59000000.0,
        "Reconciled Depreciation": 22000000.0,
        "Reconciled Cost Of Revenue": 24700000.0,
        "EBITDA": 17000000.0,
        "EBIT": -5000000.0,
        "Net Interest Income": 2000000.0,
        "Interest Expense": 11000000.0,
        "Interest Income": 13000000.0,
        "Normalized Income": -58210000.0,
        "Net Income From Continuing And Discontinued Operation": -59000000.0,
        "Total Expenses": 408700000.0,
        "Total Operating Income As Reported": -15000000.0,
        "Diluted Average Shares": 138438000.0,
        "Basic Average Shares": 138438000.0,
        "Diluted EPS": -0.43,
        "Basic EPS": -0.43,
        "Diluted NI Availto Com Stockholders": -59000000.0,
        "Net Income Common Stockholders": -59000000.0,
        "Net Income": -59000000.0,
        "Net Income Including Noncontrolling Interests": -59000000.0,
        "Net Income Continuous Operations": -59000000.0,
        "Tax Provision": 43000000.0,
        "Pretax Income": -16000000.0,
        "Other Income Expense": -4000000.0,
        "Other Non Operating Income Expenses": -3000000.0,
        "Special Income Charges": -1000000.0,
        "Restructuring And Mergern Acquisition": 1000000.0,
        "Net Non Operating Interest Income Expense": 2000000.0,
        "Interest Expense Non Operating": 11000000.0,
        "Interest Income Non Operating": 13000000.0,
        "Operating Income": -13700000.0,
        "Operating Expense": 383700000.0,
        "Other Operating Expenses": 22000000.0,
        "Depreciation Amortization Depletion Income Statement": 21700000.0,
        "Depreciation And Amortization In Income Statement": 21700000.0,
        "Amortization": 2200000.0,
        "Amortization Of Intangibles Income Statement": 2200000.0,
        "Depreciation Income Statement": 19500000.0,
        "Selling General And Administration": 340000000.0,
        "Selling And Marketing Expense": 162000000.0,
        "General And Administrative Expense": 178000000.0,
        "Other Gand A": 29000000.0,
        "Salaries And Wages": 149000000.0,
        "Gross Profit": 370000000.0,
        "Cost Of Revenue": 25000000.0,
        "Total Revenue": 395000000.0,
        "Operating Revenue": 395000000.0
    },
    "2024-06-30": {
        "Tax Effect Of Unusual Items": 0.0,
        "Tax Rate For Calcs": 0.368,
        "Normalized EBITDA": 70000000.0,
        "Total Unusual Items": NaN,
        "Total Unusual Items Excluding Goodwill": NaN,
        "Net Income From Continuing Operation Net Minority Interest": 24000000.0,
        "Reconciled Depreciation": 20000000.0,
        "Reconciled Cost Of Revenue": 47000000.0,
        "EBITDA": 70000000.0,
        "EBIT": 49000000.0,
        "Net Interest Income": 2000000.0,
        "Interest Expense": 11000000.0,
        "Interest Income": 13000000.0,
        "Normalized Income": 24000000.0,
        "Net Income From Continuing And Discontinued Operation": 24000000.0,
        "Total Expenses": 461000000.0,
        "Total Operating Income As Reported": 36000000.0,
        "Diluted Average Shares": 145218000.0,
        "Basic Average Shares": 139234000.0,
        "Diluted EPS": 0.17,
        "Basic EPS": 0.17,
        "Diluted NI Availto Com Stockholders": 24000000.0,
        "Net Income Common Stockholders": 24000000.0,
        "Net Income": 24000000.0,
        "Net Income Including Noncontrolling Interests": 24000000.0,
        "Net Income Continuous Operations": 24000000.0,
        "Tax Provision": 14000000.0,
        "Pretax Income": 38000000.0,
        "Other Income Expense": NaN,
        "Other Non Operating Income Expenses": NaN,
        "Special Income Charges": NaN,
        "Restructuring And Mergern Acquisition": NaN,
        "Net Non Operating Interest Income Expense": 2000000.0,
        "Interest Expense Non Operating": 11000000.0,
        "Interest Income Non Operating": 13000000.0,
        "Operating Income": 36000000.0,
        "Operating Expense": 415000000.0,
        "Other Operating Expenses": 10000000.0,
        "Depreciation Amortization Depletion Income Statement": 21000000.0,
        "Depreciation And Amortization In Income Statement": 21000000.0,
        "Amortization": 2000000.0,
        "Amortization Of Intangibles Income Statement": 2000000.0,
        "Depreciation Income Statement": 19000000.0,
        "Selling General And Administration": 384000000.0,
        "Selling And Marketing Expense": 208000000.0,
        "General And Administrative Expense": 176000000.0,
        "Other Gand A": 21000000.0,
        "Salaries And Wages": 155000000.0,
        "Gross Profit": 451000000.0,
        "Cost Of Revenue": 46000000.0,
        "Total Revenue": 497000000.0,
        "Operating Revenue": 497000000.0
    },
    "2024-09-30": {
        "Tax Effect Of Unusual Items": 210000.0,
        "Tax Rate For Calcs": 0.21,
        "Normalized EBITDA": 99000000.0,
        "Total Unusual Items": 1000000.0,
        "Total Unusual Items Excluding Goodwill": 1000000.0,
        "Net Income From Continuing Operation Net Minority Interest": 39000000.0,
        "Reconciled Depreciation": 21000000.0,
        "Reconciled Cost Of Revenue": 47000000.0,
        "EBITDA": 100000000.0,
        "EBIT": 79000000.0,
        "Net Interest Income": 0.0,
        "Interest Expense": 13000000.0,
        "Interest Income": 13000000.0,
        "Normalized Income": 38210000.0,
        "Net Income From Continuing And Discontinued Operation": 39000000.0,
        "Total Expenses": 463000000.0,
        "Total Operating Income As Reported": 70000000.0,
        "Diluted Average Shares": 144000000.0,
        "Basic Average Shares": 139000000.0,
        "Diluted EPS": 0.27,
        "Basic EPS": 0.28,
        "Diluted NI Availto Com Stockholders": 39000000.0,
        "Net Income Common Stockholders": 39000000.0,
        "Net Income": 39000000.0,
        "Net Income Including Noncontrolling Interests": 39000000.0,
        "Net Income Continuous Operations": 39000000.0,
        "Tax Provision": 27000000.0,
        "Pretax Income": 66000000.0,
        "Other Income Expense": -3000000.0,
        "Other Non Operating Income Expenses": -4000000.0,
        "Special Income Charges": 1000000.0,
        "Restructuring And Mergern Acquisition": -1000000.0,
        "Net Non Operating Interest Income Expense": 0.0,
        "Interest Expense Non Operating": 13000000.0,
        "Interest Income Non Operating": 13000000.0,
        "Operating Income": 69000000.0,
        "Operating Expense": 416000000.0,
        "Other Operating Expenses": 11000000.0,
        "Depreciation Amortization Depletion Income Statement": 21000000.0,
        "Depreciation And Amortization In Income Statement": 21000000.0,
        "Amortization": 2000000.0,
        "Amortization Of Intangibles Income Statement": 2000000.0,
        "Depreciation Income Statement": 19000000.0,
        "Selling General And Administration": 384000000.0,
        "Selling And Marketing Expense": 217000000.0,
        "General And Administrative Expense": 167000000.0,
        "Other Gand A": 18000000.0,
        "Salaries And Wages": 149000000.0,
        "Gross Profit": 485000000.0,
        "Cost Of Revenue": 47000000.0,
        "Total Revenue": 532000000.0,
        "Operating Revenue": 532000000.0
    },
    "2024-12-31": {
        "Tax Effect Of Unusual Items": -5040000.0,
        "Tax Rate For Calcs": 0.21,
        "Normalized EBITDA": 56000000.0,
        "Total Unusual Items": -24000000.0,
        "Total Unusual Items Excluding Goodwill": -24000000.0,
        "Net Income From Continuing Operation Net Minority Interest": 1000000.0,
        "Reconciled Depreciation": 22000000.0,
        "Reconciled Cost Of Revenue": 3000000.0,
        "EBITDA": 32000000.0,
        "EBIT": 10000000.0,
        "Net Interest Income": -1000000.0,
        "Interest Expense": 11000000.0,
        "Interest Income": 10000000.0,
        "Normalized Income": 19960000.0,
        "Net Income From Continuing And Discontinued Operation": 1000000.0,
        "Total Expenses": 391000000.0,
        "Total Operating Income As Reported": 0.0,
        "Diluted Average Shares": 145000000.0,
        "Basic Average Shares": 140000000.0,
        "Diluted EPS": 0.01,
        "Basic EPS": 0.01,
        "Diluted NI Availto Com Stockholders": 1000000.0,
        "Net Income Common Stockholders": 1000000.0,
        "Net Income": 1000000.0,
        "Net Income Including Noncontrolling Interests": 1000000.0,
        "Net Income Continuous Operations": 1000000.0,
        "Tax Provision": -2000000.0,
        "Pretax Income": -1000000.0,
        "Other Income Expense": -20000000.0,
        "Other Non Operating Income Expenses": 6000000.0,
        "Special Income Charges": -22000000.0,
        "Restructuring And Mergern Acquisition": 20000000.0,
        "Net Non Operating Interest Income Expense": -1000000.0,
        "Interest Expense Non Operating": 11000000.0,
        "Interest Income Non Operating": 10000000.0,
        "Operating Income": 20000000.0,
        "Operating Expense": 388000000.0,
        "Other Operating Expenses": 61000000.0,
        "Depreciation Amortization Depletion Income Statement": 22000000.0,
        "Depreciation And Amortization In Income Statement": 22000000.0,
        "Amortization": 1000000.0,
        "Amortization Of Intangibles Income Statement": 1000000.0,
        "Depreciation Income Statement": 21000000.0,
        "Selling General And Administration": 305000000.0,
        "Selling And Marketing Expense": 136000000.0,
        "General And Administrative Expense": 169000000.0,
        "Other Gand A": 28000000.0,
        "Salaries And Wages": 141000000.0,
        "Gross Profit": 408000000.0,
        "Cost Of Revenue": 3000000.0,
        "Total Revenue": 411000000.0,
        "Operating Revenue": 411000000.0
    },
    "2025-03-31": {
        "Tax Effect Of Unusual Items": -4000000.0,
        "Tax Rate For Calcs": 0.4,
        "Normalized EBITDA": 23300000.0,
        "Total Unusual Items": -10000000.0,
        "Total Unusual Items Excluding Goodwill": -10000000.0,
        "Net Income From Continuing Operation Net Minority Interest": -11000000.0,
        "Reconciled Depreciation": 21000000.0,
        "Reconciled Cost Of Revenue": 27300000.0,
        "EBITDA": 13300000.0,
        "EBIT": -8000000.0,
        "Net Interest Income": -2000000.0,
        "Interest Expense": 12000000.0,
        "Interest Income": 10000000.0,
        "Normalized Income": -5000000.0,
        "Net Income From Continuing And Discontinued Operation": -11000000.0,
        "Total Expenses": 403300000.0,
        "Total Operating Income As Reported": -15000000.0,
        "Diluted Average Shares": 141000000.0,
        "Basic Average Shares": 141000000.0,
        "Diluted EPS": -0.08,
        "Basic EPS": -0.08,
        "Diluted NI Availto Com Stockholders": -11000000.0,
        "Net Income Common Stockholders": -11000000.0,
        "Net Income": -11000000.0,
        "Net Income Including Noncontrolling Interests": -11000000.0,
        "Net Income Continuous Operations": -11000000.0,
        "Tax Provision": -9000000.0,
        "Pretax Income": -20000000.0,
        "Other Income Expense": -13000000.0,
        "Other Non Operating Income Expenses": -3000000.0,
        "Special Income Charges": -10000000.0,
        "Restructuring And Mergern Acquisition": 10000000.0,
        "Net Non Operating Interest Income Expense": -2000000.0,
        "Interest Expense Non Operating": 12000000.0,
        "Interest Income Non Operating": 10000000.0,
        "Operating Income": -5300000.0,
        "Operating Expense": 376300000.0,
        "Other Operating Expenses": 22000000.0,
        "Depreciation Amortization Depletion Income Statement": 21300000.0,
        "Depreciation And Amortization In Income Statement": 21300000.0,
        "Amortization": 700000.0,
        "Amortization Of Intangibles Income Statement": 700000.0,
        "Depreciation Income Statement": 20600000.0,
        "Selling General And Administration": 333000000.0,
        "Selling And Marketing Expense": 172000000.0,
        "General And Administrative Expense": 161000000.0,
        "Other Gand A": 17000000.0,
        "Salaries And Wages": 144000000.0,
        "Gross Profit": 371000000.0,
        "Cost Of Revenue": 27000000.0,
        "Total Revenue": 398000000.0,
        "Operating Revenue": 398000000.0
    }
}