{
    "2023-03-31": {
        "Tax Effect Of Unusual Items": NaN,
        "Tax Rate For Calcs": NaN,
        "Normalized EBITDA": NaN,
        "Total Unusual Items": NaN,
        "Total Unusual Items Excluding Goodwill": NaN,
        "Net Income From Continuing Operation Net Minority Interest": NaN,
        "Reconciled Depreciation": NaN,
        "Reconciled Cost Of Revenue": NaN,
        "EBITDA": NaN,
        "EBIT": NaN,
        "Net Interest Income": NaN,
        "Interest Expense": NaN,
        "Interest Income": NaN,
        "Normalized Income": NaN,
        "Net Income From Continuing And Discontinued Operation": NaN,
        "Total Expenses": NaN,
        "Total Operating Income As Reported": NaN,
        "Diluted Average Shares": NaN,
        "Basic Average Shares": NaN,
        "Diluted EPS": NaN,
        "Basic EPS": NaN,
        "Diluted NI Availto Com Stockholders": NaN,
        "Net Income Common Stockholders": NaN,
        "Net Income": NaN,
        "Minority Interests": NaN,
        "Net Income Including Noncontrolling Interests": NaN,
        "Net Income Continuous Operations": NaN,
        "Tax Provision": NaN,
        "Pretax Income": NaN,
        "Other Income Expense": NaN,
        "Special Income Charges": NaN,
        "Gain On Sale Of Ppe": NaN,
        "Impairment Of Capital Assets": 0.0,
        "Earnings From Equity Interest": 0.0,
        "Net Non Operating Interest Income Expense": NaN,
        "Interest Expense Non Operating": NaN,
        "Interest Income Non Operating": NaN,
        "Operating Income": NaN,
        "Operating Expense": NaN,
        "Other Operating Expenses": NaN,
        "Depreciation Amortization Depletion Income Statement": NaN,
        "Depreciation And Amortization In Income Statement": NaN,
        "Selling General And Administration": NaN,
        "General And Administrative Expense": NaN,
        "Other Gand A": NaN,
        "Gross Profit": NaN,
        "Cost Of Revenue": NaN,
        "Total Revenue": NaN,
        "Operating Revenue": NaN
    },
    "2022-12-31": {
        "Tax Effect Of Unusual Items": NaN,
        "Tax Rate For Calcs": NaN,
        "Normalized EBITDA": NaN,
        "Total Unusual Items": NaN,
        "Total Unusual Items Excluding Goodwill": NaN,
        "Net Income From Continuing Operation Net Minority Interest": NaN,
        "Reconciled Depreciation": NaN,
        "Reconciled Cost Of Revenue": NaN,
        "EBITDA": NaN,
        "EBIT": NaN,
        "Net Interest Income": NaN,
        "Interest Expense": NaN,
        "Interest Income": NaN,
        "Normalized Income": NaN,
        "Net Income From Continuing And Discontinued Operation": NaN,
        "Total Expenses": NaN,
        "Total Operating Income As Reported": NaN,
        "Diluted Average Shares": NaN,
        "Basic Average Shares": NaN,
        "Diluted EPS": NaN,
        "Basic EPS": NaN,
        "Diluted NI Availto Com Stockholders": NaN,
        "Net Income Common Stockholders": NaN,
        "Net Income": NaN,
        "Minority Interests": NaN,
        "Net Income Including Noncontrolling Interests": NaN,
        "Net Income Continuous Operations": NaN,
        "Tax Provision": NaN,
        "Pretax Income": NaN,
        "Other Income Expense": NaN,
        "Special Income Charges": NaN,
        "Gain On Sale Of Ppe": NaN,
        "Impairment Of Capital Assets": 47000.0,
        "Earnings From Equity Interest": -48000.0,
        "Net Non Operating Interest Income Expense": NaN,
        "Interest Expense Non Operating": NaN,
        "Interest Income Non Operating": NaN,
        "Operating Income": NaN,
        "Operating Expense": NaN,
        "Other Operating Expenses": NaN,
        "Depreciation Amortization Depletion Income Statement": NaN,
        "Depreciation And Amortization In Income Statement": NaN,
        "Selling General And Administration": NaN,
        "General And Administrative Expense": NaN,
        "Other Gand A": NaN,
        "Gross Profit": NaN,
        "Cost Of Revenue": NaN,
        "Total Revenue": NaN,
        "Operating Revenue": NaN
    },
    "2022-09-30": {
        "Tax Effect Of Unusual Items": NaN,
        "Tax Rate For Calcs": NaN,
        "Normalized EBITDA": NaN,
        "Total Unusual Items": NaN,
        "Total Unusual Items Excluding Goodwill": NaN,
        "Net Income From Continuing Operation Net Minority Interest": NaN,
        "Reconciled Depreciation": NaN,
        "Reconciled Cost Of Revenue": NaN,
        "EBITDA": NaN,
        "EBIT": NaN,
        "Net Interest Income": NaN,
        "Interest Expense": NaN,
        "Interest Income": NaN,
        "Normalized Income": NaN,
        "Net Income From Continuing And Discontinued Operation": NaN,
        "Total Expenses": NaN,
        "Total Operating Income As Reported": NaN,
        "Diluted Average Shares": 82500000.0,
        "Basic Average Shares": 81500000.0,
        "Diluted EPS": 2.63,
        "Basic EPS": 2.66,
        "Diluted NI Availto Com Stockholders": NaN,
        "Net Income Common Stockholders": NaN,
        "Net Income": NaN,
        "Minority Interests": NaN,
        "Net Income Including Noncontrolling Interests": NaN,
        "Net Income Continuous Operations": NaN,
        "Tax Provision": NaN,
        "Pretax Income": NaN,
        "Other Income Expense": NaN,
        "Special Income Charges": NaN,
        "Gain On Sale Of Ppe": NaN,
        "Impairment Of Capital Assets": NaN,
        "Earnings From Equity Interest": NaN,
        "Net Non Operating Interest Income Expense": NaN,
        "Interest Expense Non Operating": NaN,
        "Interest Income Non Operating": NaN,
        "Operating Income": NaN,
        "Operating Expense": NaN,
        "Other Operating Expenses": NaN,
        "Depreciation Amortization Depletion Income Statement": NaN,
        "Depreciation And Amortization In Income Statement": NaN,
        "Selling General And Administration": NaN,
        "General And Administrative Expense": NaN,
        "Other Gand A": NaN,
        "Gross Profit": NaN,
        "Cost Of Revenue": NaN,
        "Total Revenue": NaN,
        "Operating Revenue": NaN
    },
    "2022-06-30": {
        "Tax Effect Of Unusual Items": 2242.990654,
        "Tax Rate For Calcs": 0.003738,
        "Normalized EBITDA": 152900000.0,
        "Total Unusual Items": 600000.0,
        "Total Unusual Items Excluding Goodwill": 600000.0,
        "Net Income From Continuing Operation Net Minority Interest": 106600000.0,
        "Reconciled Depreciation": 34500000.0,
        "Reconciled Cost Of Revenue": 163400000.0,
        "EBITDA": 153500000.0,
        "EBIT": 119000000.0,
        "Net Interest Income": -11700000.0,
        "Interest Expense": 12000000.0,
        "Interest Income": 300000.0,
        "Normalized Income": 106002242.990654,
        "Net Income From Continuing And Discontinued Operation": 106600000.0,
        "Total Expenses": 220300000.0,
        "Total Operating Income As Reported": 118700000.0,
        "Diluted Average Shares": 81400000.0,
        "Basic Average Shares": 81200000.0,
        "Diluted EPS": 1.31,
        "Basic EPS": 1.31,
        "Diluted NI Availto Com Stockholders": 106600000.0,
        "Net Income Common Stockholders": 106600000.0,
        "Net Income": 106600000.0,
        "Minority Interests": NaN,
        "Net Income Including Noncontrolling Interests": 106600000.0,
        "Net Income Continuous Operations": 106600000.0,
        "Tax Provision": 400000.0,
        "Pretax Income": 107000000.0,
        "Other Income Expense": 500000.0,
        "Special Income Charges": 600000.0,
        "Gain On Sale Of Ppe": 800000.0,
        "Impairment Of Capital Assets": 200000.0,
        "Earnings From Equity Interest": -100000.0,
        "Net Non Operating Interest Income Expense": -11700000.0,
        "Interest Expense Non Operating": 12000000.0,
        "Interest Income Non Operating": 300000.0,
        "Operating Income": 118200000.0,
        "Operating Expense": 56900000.0,
        "Other Operating Expenses": 44400000.0,
        "Depreciation Amortization Depletion Income Statement": NaN,
        "Depreciation And Amortization In Income Statement": NaN,
        "Selling General And Administration": 12500000.0,
        "General And Administrative Expense": 12500000.0,
        "Other Gand A": 12500000.0,
        "Gross Profit": 175100000.0,
        "Cost Of Revenue": 163400000.0,
        "Total Revenue": 338500000.0,
        "Operating Revenue": 338500000.0
    },
    "2022-03-31": {
        "Diluted EPS": 0.12,
        "Total Revenue": 209,
        "Gross Profit": 160,
        "Operating Income": 25,
        "EBIT": 60,
        "Net Income": 10
    },
    "2021-12-31": {
        "Diluted EPS": -0.1,
        "Total Revenue": 189,
        "Gross Profit": 137,
        "Operating Income": -5,
        "EBIT": 30,
        "Net Income": -8
    },
    "2021-09-30": {
        "Diluted EPS": -0.19,
        "Total Revenue": 156,
        "Gross Profit": 107,
        "Operating Income": -4,
        "EBIT": 31,
        "Net Income": -15
    },
    "2021-06-30": {
        "Diluted EPS": 0.03,
        "Total Revenue": 151,
        "Gross Profit": 105,
        "Operating Income": 27,
        "EBIT": 58,
        "Net Income": 2
    },
    "2021-03-31": {
        "Diluted EPS": -0.28,
        "Total Revenue": 124,
        "Gross Profit": 80,
        "Operating Income": -12,
        "EBIT": 19,
        "Net Income": -21
    },
    "2020-12-31": {
        "Diluted EPS": -0.53,
        "Total Revenue": 116,
        "Gross Profit": 71,
        "Operating Income": -22,
        "EBIT": 8,
        "Net Income": -40
    },
    "2020-09-30": {
        "Diluted EPS": 0.01,
        "Total Revenue": 161,
        "Gross Profit": 114,
        "Operating Income": 13,
        "EBIT": 43,
        "Net Income": 1
    },
    "2020-06-30": {
        "Diluted EPS": 0.96,
        "Total Revenue": 228,
        "Gross Profit": 185,
        "Operating Income": 88,
        "EBIT": 119,
        "Net Income": 71
    },
    "2020-03-31": {
        "Diluted EPS": 0.75,
        "Total Revenue": 243,
        "Gross Profit": 200,
        "Operating Income": 70,
        "EBIT": 102,
        "Net Income": 56
    },
    "2019-12-31": {
        "Diluted EPS": 1.98,
        "Total Revenue": 193,
        "Gross Profit": 148,
        "Operating Income": 38,
        "EBIT": 67,
        "Net Income": 147
    },
    "2019-09-30": {
        "Diluted EPS": -0.12,
        "Total Revenue": 147,
        "Gross Profit": 105,
        "Operating Income": 4,
        "EBIT": 32,
        "Net Income": -9
    },
    "2019-06-30": {
        "Diluted EPS": 0.07,
        "Total Revenue": 166,
        "Gross Profit": 123,
        "Operating Income": 14,
        "EBIT": 40,
        "Net Income": 5
    },
    "2019-03-31": {
        "Diluted EPS": 0.31,
        "Total Revenue": 186,
        "Gross Profit": 144,
        "Operating Income": 35,
        "EBIT": 61,
        "Net Income": 23
    },
    "2018-12-31": {
        "Diluted EPS": -0.03,
        "Total Revenue": 169,
        "Gross Profit": 125,
        "Operating Income": 10,
        "EBIT": 39,
        "Net Income": -2
    },
    "2018-09-30": {
        "Diluted EPS": -0.34,
        "Total Revenue": 140,
        "Gross Profit": 96,
        "Operating Income": -14,
        "EBIT": 15,
        "Net Income": -25
    },
    "2018-06-30": {
        "Diluted EPS": -0.12,
        "Total Revenue": 163,
        "Gross Profit": 116,
        "Operating Income": 0,
        "EBIT": 29,
        "Net Income": -9
    },
    "2018-03-31": {
        "Diluted EPS": 0.01,
        "Total Revenue": 163,
        "Gross Profit": 117,
        "Operating Income": 8,
        "EBIT": 37,
        "Net Income": 1
    },
    "2017-12-31": {
        "Diluted EPS": 0.04,
        "Total Revenue": 171,
        "Gross Profit": 125,
        "Operating Income": 13,
        "EBIT": 123,
        "Net Income": 4
    },
    "2017-09-30": {
        "Diluted EPS": -0.07,
        "Total Revenue": 156,
        "Gross Profit": 109,
        "Operating Income": 8,
        "EBIT": -46,
        "Net Income": -4
    },
    "2017-06-30": {
        "Diluted EPS": -0.03,
        "Total Revenue": 157,
        "Gross Profit": 110,
        "Operating Income": 5,
        "EBIT": 33,
        "Net Income": -2
    },
    "2017-03-31": {
        "Diluted EPS": 0.1,
        "Total Revenue": 173,
        "Gross Profit": 124,
        "Operating Income": 15,
        "EBIT": 44,
        "Net Income": 5
    },
    "2016-12-31": {
        "Diluted EPS": 0.0,
        "Total Revenue": NaN,
        "Gross Profit": NaN,
        "Operating Income": NaN,
        "EBIT": NaN,
        "Net Income": NaN
    },
    "2016-06-30": {
        "Diluted EPS": 0.2,
        "Total Revenue": 177,
        "Gross Profit": 127,
        "Operating Income": 25,
        "EBIT": 25,
        "Net Income": 15
    },
    "2015-12-31": {
        "Diluted EPS": 0.0,
        "Total Revenue": NaN,
        "Gross Profit": NaN,
        "Operating Income": NaN,
        "EBIT": NaN,
        "Net Income": NaN
    },
    "2023-06-30": {
        "Tax Effect Of Unusual Items": NaN,
        "Tax Rate For Calcs": NaN,
        "Normalized EBITDA": NaN,
        "Total Unusual Items": NaN,
        "Total Unusual Items Excluding Goodwill": NaN,
        "Net Income From Continuing Operation Net Minority Interest": NaN,
        "Reconciled Depreciation": NaN,
        "Reconciled Cost Of Revenue": NaN,
        "EBITDA": NaN,
        "EBIT": NaN,
        "Net Interest Income": NaN,
        "Interest Expense": NaN,
        "Interest Income": NaN,
        "Normalized Income": NaN,
        "Net Income From Continuing And Discontinued Operation": NaN,
        "Total Expenses": NaN,
        "Total Operating Income As Reported": NaN,
        "Diluted Average Shares": 86700000.0,
        "Basic Average Shares": 83500000.0,
        "Diluted EPS": 2.14,
        "Basic EPS": 2.23,
        "Diluted NI Availto Com Stockholders": NaN,
        "Net Income Common Stockholders": NaN,
        "Net Income": NaN,
        "Minority Interests": NaN,
        "Net Income Including Noncontrolling Interests": NaN,
        "Net Income Continuous Operations": NaN,
        "Tax Provision": NaN,
        "Pretax Income": NaN,
        "Other Income Expense": NaN,
        "Special Income Charges": NaN,
        "Gain On Sale Of Ppe": NaN,
        "Impairment Of Capital Assets": 0.0,
        "Earnings From Equity Interest": 0.0,
        "Net Non Operating Interest Income Expense": NaN,
        "Interest Expense Non Operating": NaN,
        "Interest Income Non Operating": NaN,
        "Operating Income": NaN,
        "Operating Expense": NaN,
        "Other Operating Expenses": NaN,
        "Depreciation Amortization Depletion Income Statement": 37000000.0,
        "Depreciation And Amortization In Income Statement": 37000000.0,
        "Selling General And Administration": NaN,
        "General And Administrative Expense": NaN,
        "Other Gand A": NaN,
        "Gross Profit": NaN,
        "Cost Of Revenue": NaN,
        "Total Revenue": NaN,
        "Operating Revenue": NaN
    },
    "2023-09-30": {
        "Tax Effect Of Unusual Items": NaN,
        "Tax Rate For Calcs": NaN,
        "Normalized EBITDA": NaN,
        "Total Unusual Items": NaN,
        "Total Unusual Items Excluding Goodwill": NaN,
        "Net Income From Continuing Operation Net Minority Interest": NaN,
        "Reconciled Depreciation": NaN,
        "Reconciled Cost Of Revenue": NaN,
        "EBITDA": NaN,
        "EBIT": NaN,
        "Net Interest Income": NaN,
        "Interest Expense": NaN,
        "Interest Income": NaN,
        "Normalized Income": NaN,
        "Net Income From Continuing And Discontinued Operation": NaN,
        "Total Expenses": NaN,
        "Total Operating Income As Reported": NaN,
        "Diluted Average Shares": 87500000.0,
        "Basic Average Shares": 84400000.0,
        "Diluted EPS": 1.42,
        "Basic EPS": 1.47,
        "Diluted NI Availto Com Stockholders": NaN,
        "Net Income Common Stockholders": NaN,
        "Net Income": NaN,
        "Minority Interests": NaN,
        "Net Income Including Noncontrolling Interests": NaN,
        "Net Income Continuous Operations": NaN,
        "Tax Provision": NaN,
        "Pretax Income": NaN,
        "Other Income Expense": NaN,
        "Special Income Charges": NaN,
        "Gain On Sale Of Ppe": NaN,
        "Impairment Of Capital Assets": 0.0,
        "Earnings From Equity Interest": 0.0,
        "Net Non Operating Interest Income Expense": NaN,
        "Interest Expense Non Operating": NaN,
        "Interest Income Non Operating": NaN,
        "Operating Income": NaN,
        "Operating Expense": NaN,
        "Other Operating Expenses": NaN,
        "Selling General And Administration": NaN,
        "General And Administrative Expense": NaN,
        "Other Gand A": NaN,
        "Gross Profit": NaN,
        "Cost Of Revenue": NaN,
        "Total Revenue": NaN,
        "Operating Revenue": NaN
    },
    "2023-12-31": {
        "Tax Effect Of Unusual Items": NaN,
        "Tax Rate For Calcs": NaN,
        "Normalized EBITDA": NaN,
        "Total Unusual Items": NaN,
        "Total Unusual Items Excluding Goodwill": NaN,
        "Net Income From Continuing Operation Net Minority Interest": NaN,
        "Reconciled Depreciation": NaN,
        "Reconciled Cost Of Revenue": NaN,
        "EBITDA": NaN,
        "EBIT": NaN,
        "Net Interest Income": NaN,
        "Interest Expense": NaN,
        "Interest Income": NaN,
        "Normalized Income": NaN,
        "Net Income From Continuing And Discontinued Operation": NaN,
        "Total Expenses": NaN,
        "Total Operating Income As Reported": NaN,
        "Diluted Average Shares": NaN,
        "Basic Average Shares": NaN,
        "Diluted EPS": NaN,
        "Basic EPS": NaN,
        "Diluted NI Availto Com Stockholders": NaN,
        "Net Income Common Stockholders": NaN,
        "Net Income": NaN,
        "Minority Interests": NaN,
        "Net Income Including Noncontrolling Interests": NaN,
        "Net Income Continuous Operations": NaN,
        "Tax Provision": NaN,
        "Pretax Income": NaN,
        "Other Income Expense": NaN,
        "Special Income Charges": NaN,
        "Gain On Sale Of Ppe": NaN,
        "Impairment Of Capital Assets": 0.0,
        "Earnings From Equity Interest": 0.0,
        "Net Non Operating Interest Income Expense": NaN,
        "Interest Expense Non Operating": NaN,
        "Interest Income Non Operating": NaN,
        "Operating Income": NaN,
        "Operating Expense": NaN,
        "Other Operating Expenses": NaN,
        "Selling General And Administration": NaN,
        "General And Administrative Expense": NaN,
        "Other Gand A": NaN,
        "Gross Profit": NaN,
        "Cost Of Revenue": NaN,
        "Total Revenue": NaN,
        "Operating Revenue": NaN
    },
    "2024-03-31": {
        "Tax Effect Of Unusual Items": NaN,
        "Tax Rate For Calcs": NaN,
        "Normalized EBITDA": NaN,
        "Total Unusual Items": NaN,
        "Total Unusual Items Excluding Goodwill": NaN,
        "Net Income From Continuing Operation Net Minority Interest": NaN,
        "Reconciled Depreciation": NaN,
        "Reconciled Cost Of Revenue": NaN,
        "EBITDA": NaN,
        "EBIT": NaN,
        "Net Interest Income": NaN,
        "Interest Expense": NaN,
        "Interest Income": NaN,
        "Normalized Income": NaN,
        "Net Income From Continuing And Discontinued Operation": NaN,
        "Total Expenses": NaN,
        "Total Operating Income As Reported": NaN,
        "Diluted Average Shares": 92600000.0,
        "Basic Average Shares": 89800000.0,
        "Diluted EPS": 2.26,
        "Basic EPS": 2.34,
        "Diluted NI Availto Com Stockholders": NaN,
        "Net Income Common Stockholders": NaN,
        "Net Income": NaN,
        "Minority Interests": NaN,
        "Net Income Including Noncontrolling Interests": NaN,
        "Net Income Continuous Operations": NaN,
        "Tax Provision": NaN,
        "Pretax Income": NaN,
        "Other Income Expense": NaN,
        "Special Income Charges": NaN,
        "Gain On Sale Of Ppe": NaN,
        "Net Non Operating Interest Income Expense": NaN,
        "Interest Expense Non Operating": NaN,
        "Interest Income Non Operating": NaN,
        "Operating Income": NaN,
        "Operating Expense": NaN,
        "Other Operating Expenses": NaN,
        "Selling General And Administration": NaN,
        "General And Administrative Expense": NaN,
        "Other Gand A": NaN,
        "Gross Profit": NaN,
        "Cost Of Revenue": NaN,
        "Total Revenue": NaN,
        "Operating Revenue": NaN
    },
    "2024-06-30": {
        "Tax Effect Of Unusual Items": NaN,
        "Tax Rate For Calcs": NaN,
        "Normalized EBITDA": NaN,
        "Total Unusual Items": NaN,
        "Total Unusual Items Excluding Goodwill": NaN,
        "Net Income From Continuing Operation Net Minority Interest": NaN,
        "Reconciled Depreciation": NaN,
        "Reconciled Cost Of Revenue": NaN,
        "EBITDA": NaN,
        "EBIT": NaN,
        "Net Interest Income": NaN,
        "Interest Expense": NaN,
        "Interest Income": NaN,
        "Normalized Income": NaN,
        "Net Income From Continuing And Discontinued Operation": NaN,
        "Total Expenses": NaN,
        "Total Operating Income As Reported": NaN,
        "Diluted Average Shares": 96400000.0,
        "Basic Average Shares": 93700000.0,
        "Diluted EPS": 2.02,
        "Basic EPS": 2.08,
        "Diluted NI Availto Com Stockholders": NaN,
        "Net Income Common Stockholders": NaN,
        "Net Income": NaN,
        "Minority Interests": NaN,
        "Net Income Including Noncontrolling Interests": NaN,
        "Net Income Continuous Operations": NaN,
        "Tax Provision": NaN,
        "Pretax Income": NaN,
        "Other Income Expense": NaN,
        "Special Income Charges": NaN,
        "Gain On Sale Of Ppe": NaN,
        "Net Non Operating Interest Income Expense": NaN,
        "Interest Expense Non Operating": NaN,
        "Interest Income Non Operating": NaN,
        "Operating Income": NaN,
        "Operating Expense": NaN,
        "Other Operating Expenses": NaN,
        "Selling General And Administration": NaN,
        "General And Administrative Expense": NaN,
        "Other Gand A": NaN,
        "Salaries And Wages": NaN,
        "Gross Profit": NaN,
        "Cost Of Revenue": NaN,
        "Total Revenue": NaN,
        "Operating Revenue": NaN
    },
    "2024-09-30": {
        "Tax Effect Of Unusual Items": 8486.238532,
        "Tax Rate For Calcs": 0.000765,
        "Normalized EBITDA": 187500000.0,
        "Total Unusual Items": 11100000.0,
        "Total Unusual Items Excluding Goodwill": 11100000.0,
        "Net Income From Continuing Operation Net Minority Interest": 130500000.0,
        "Reconciled Depreciation": 49400000.0,
        "Reconciled Cost Of Revenue": 155400000.0,
        "EBITDA": 198600000.0,
        "EBIT": 149200000.0,
        "Net Interest Income": -11500000.0,
        "Interest Expense": 18400000.0,
        "Interest Income": 6900000.0,
        "Normalized Income": 119408486.238532,
        "Net Income From Continuing And Discontinued Operation": 130500000.0,
        "Total Expenses": 240900000.0,
        "Total Operating Income As Reported": 142300000.0,
        "Diluted Average Shares": 97000000.0,
        "Basic Average Shares": 94400000.0,
        "Diluted EPS": 1.35,
        "Basic EPS": 1.38,
        "Diluted NI Availto Com Stockholders": 130500000.0,
        "Net Income Common Stockholders": 130500000.0,
        "Net Income": 130500000.0,
        "Minority Interests": -200000.0,
        "Net Income Including Noncontrolling Interests": 130700000.0,
        "Net Income Continuous Operations": 130700000.0,
        "Tax Provision": 100000.0,
        "Pretax Income": 130800000.0,
        "Other Income Expense": 11100000.0,
        "Special Income Charges": 11100000.0,
        "Gain On Sale Of Ppe": 11100000.0,
        "Net Non Operating Interest Income Expense": -11500000.0,
        "Interest Expense Non Operating": 18400000.0,
        "Interest Income Non Operating": 6900000.0,
        "Operating Income": 131200000.0,
        "Operating Expense": 85500000.0,
        "Other Operating Expenses": 60700000.0,
        "Selling General And Administration": 24800000.0,
        "General And Administrative Expense": 24800000.0,
        "Other Gand A": 4300000.0,
        "Salaries And Wages": 20500000.0,
        "Gross Profit": 216700000.0,
        "Cost Of Revenue": 155400000.0,
        "Total Revenue": 372100000.0,
        "Operating Revenue": 372100000.0
    },
    "2024-12-31": {
        "Tax Effect Of Unusual Items": 2975000.0,
        "Tax Rate For Calcs": 0.25,
        "Normalized EBITDA": 130400000.0,
        "Total Unusual Items": 11900000.0,
        "Total Unusual Items Excluding Goodwill": 11900000.0,
        "Net Income From Continuing Operation Net Minority Interest": 77700000.0,
        "Reconciled Depreciation": 52700000.0,
        "Reconciled Cost Of Revenue": 142600000.0,
        "EBITDA": 142300000.0,
        "EBIT": 89600000.0,
        "Net Interest Income": -14000000.0,
        "Interest Expense": 14800000.0,
        "Interest Income": 3600000.0,
        "Normalized Income": 68775000.0,
        "Net Income From Continuing And Discontinued Operation": 77700000.0,
        "Total Expenses": 228500000.0,
        "Total Operating Income As Reported": 89500000.0,
        "Diluted Average Shares": NaN,
        "Basic Average Shares": NaN,
        "Diluted EPS": NaN,
        "Basic EPS": NaN,
        "Diluted NI Availto Com Stockholders": 77700000.0,
        "Net Income Common Stockholders": 77700000.0,
        "Net Income": 77700000.0,
        "Minority Interests": 300000.0,
        "Net Income Including Noncontrolling Interests": 77400000.0,
        "Net Income Continuous Operations": 77400000.0,
        "Tax Provision": -2600000.0,
        "Pretax Income": 74800000.0,
        "Other Income Expense": 11900000.0,
        "Special Income Charges": 12600000.0,
        "Gain On Sale Of Ppe": 12600000.0,
        "Net Non Operating Interest Income Expense": -14000000.0,
        "Interest Expense Non Operating": 14800000.0,
        "Interest Income Non Operating": 3600000.0,
        "Operating Income": 76900000.0,
        "Operating Expense": 85900000.0,
        "Other Operating Expenses": 62900000.0,
        "Selling General And Administration": 23000000.0,
        "General And Administrative Expense": 23000000.0,
        "Other Gand A": 23000000.0,
        "Salaries And Wages": NaN,
        "Gross Profit": 162800000.0,
        "Cost Of Revenue": 142600000.0,
        "Total Revenue": 305400000.0,
        "Operating Revenue": 305400000.0
    },
    "2025-03-31": {
        "Tax Effect Of Unusual Items": 743191.800878,
        "Tax Rate For Calcs": 0.079063,
        "Normalized EBITDA": 130000000.0,
        "Total Unusual Items": 9400000.0,
        "Total Unusual Items Excluding Goodwill": 9400000.0,
        "Net Income From Continuing Operation Net Minority Interest": 62900000.0,
        "Reconciled Depreciation": 53300000.0,
        "Reconciled Cost Of Revenue": 163700000.0,
        "EBITDA": 139400000.0,
        "EBIT": 86100000.0,
        "Net Interest Income": -14000000.0,
        "Interest Expense": 17800000.0,
        "Interest Income": 3800000.0,
        "Normalized Income": 54243191.800878,
        "Net Income From Continuing And Discontinued Operation": 62900000.0,
        "Total Expenses": 256200000.0,
        "Total Operating Income As Reported": 82300000.0,
        "Diluted Average Shares": 100700000.0,
        "Basic Average Shares": 97400000.0,
        "Diluted EPS": 0.62,
        "Basic EPS": 0.64,
        "Diluted NI Availto Com Stockholders": 62900000.0,
        "Net Income Common Stockholders": 62900000.0,
        "Net Income": 62900000.0,
        "Minority Interests": 600000.0,
        "Net Income Including Noncontrolling Interests": 62900000.0,
        "Net Income Continuous Operations": 62900000.0,
        "Tax Provision": 5400000.0,
        "Pretax Income": 68300000.0,
        "Other Income Expense": 9400000.0,
        "Special Income Charges": 9400000.0,
        "Gain On Sale Of Ppe": 9400000.0,
        "Net Non Operating Interest Income Expense": -14000000.0,
        "Interest Expense Non Operating": 17800000.0,
        "Interest Income Non Operating": 3800000.0,
        "Operating Income": 72900000.0,
        "Operating Expense": 92500000.0,
        "Other Operating Expenses": 66600000.0,
        "Selling General And Administration": 25900000.0,
        "General And Administrative Expense": 25900000.0,
        "Other Gand A": 25900000.0,
        "Salaries And Wages": NaN,
        "Gross Profit": 165400000.0,
        "Cost Of Revenue": 163700000.0,
        "Total Revenue": 329100000.0,
        "Operating Revenue": 329100000.0
    },
    "2025-06-30": {
        "Tax Effect Of Unusual Items": 151986.754967,
        "Tax Rate For Calcs": 0.028146,
        "Normalized EBITDA": 124900000.0,
        "Total Unusual Items": 5400000.0,
        "Total Unusual Items Excluding Goodwill": 5400000.0,
        "Net Income From Continuing Operation Net Minority Interest": 58600000.0,
        "Reconciled Depreciation": 52100000.0,
        "Reconciled Cost Of Revenue": 157100000.0,
        "EBITDA": 130300000.0,
        "EBIT": 78200000.0,
        "Net Interest Income": -14200000.0,
        "Interest Expense": 17800000.0,
        "Interest Income": 3600000.0,
        "Normalized Income": 53351986.754967,
        "Net Income From Continuing And Discontinued Operation": 58600000.0,
        "Total Expenses": 246000000.0,
        "Total Operating Income As Reported": 74600000.0,
        "Diluted Average Shares": 100800000.0,
        "Basic Average Shares": 97800000.0,
        "Diluted EPS": 0.58,
        "Basic EPS": 0.6,
        "Diluted NI Availto Com Stockholders": 58600000.0,
        "Net Income Common Stockholders": 58600000.0,
        "Net Income": 58600000.0,
        "Minority Interests": -100000.0,
        "Net Income Including Noncontrolling Interests": 58700000.0,
        "Net Income Continuous Operations": 58700000.0,
        "Tax Provision": 1700000.0,
        "Pretax Income": 60400000.0,
        "Other Income Expense": 5400000.0,
        "Special Income Charges": 5400000.0,
        "Gain On Sale Of Ppe": 5400000.0,
        "Net Non Operating Interest Income Expense": -14200000.0,
        "Interest Expense Non Operating": 17800000.0,
        "Interest Income Non Operating": 3600000.0,
        "Operating Income": 69200000.0,
        "Operating Expense": 88900000.0,
        "Other Operating Expenses": 64400000.0,
        "Selling General And Administration": 24500000.0,
        "General And Administrative Expense": 24500000.0,
        "Other Gand A": 24500000.0,
        "Salaries And Wages": NaN,
        "Gross Profit": 158100000.0,
        "Cost Of Revenue": 157100000.0,
        "Total Revenue": 315200000.0,
        "Operating Revenue": 315200000.0
    },
    "2025-09-30": {
        "Tax Effect Of Unusual Items": 19796.954315,
        "Tax Rate For Calcs": 0.015228,
        "Normalized EBITDA": 154300000.0,
        "Total Unusual Items": 1300000.0,
        "Total Unusual Items Excluding Goodwill": 1300000.0,
        "Net Income From Continuing Operation Net Minority Interest": 77600000.0,
        "Reconciled Depreciation": 53100000.0,
        "Reconciled Cost Of Revenue": 159000000.0,
        "EBITDA": 155600000.0,
        "EBIT": 102500000.0,
        "Net Interest Income": -20200000.0,
        "Interest Expense": 23700000.0,
        "Interest Income": 3500000.0,
        "Normalized Income": 76319796.954315,
        "Net Income From Continuing And Discontinued Operation": 77600000.0,
        "Total Expenses": 244900000.0,
        "Total Operating Income As Reported": 99000000.0,
        "Diluted Average Shares": 100800000.0,
        "Basic Average Shares": 98000000.0,
        "Diluted EPS": 0.77,
        "Basic EPS": 0.79,
        "Diluted NI Availto Com Stockholders": 77600000.0,
        "Net Income Common Stockholders": 77600000.0,
        "Net Income": 77600000.0,
        "Minority Interests": 0.0,
        "Net Income Including Noncontrolling Interests": 77600000.0,
        "Net Income Continuous Operations": 77600000.0,
        "Tax Provision": 1200000.0,
        "Pretax Income": 78800000.0,
        "Other Income Expense": 1300000.0,
        "Special Income Charges": 1300000.0,
        "Gain On Sale Of Ppe": 1300000.0,
        "Net Non Operating Interest Income Expense": -20200000.0,
        "Interest Expense Non Operating": 23700000.0,
        "Interest Income Non Operating": 3500000.0,
        "Operating Income": 97700000.0,
        "Operating Expense": 85900000.0,
        "Other Operating Expenses": 56700000.0,
        "Selling General And Administration": 29200000.0,
        "General And Administrative Expense": 29200000.0,
        "Other Gand A": 4400000.0,
        "Salaries And Wages": 24800000.0,
        "Gross Profit": 183600000.0,
        "Cost Of Revenue": 159000000.0,
        "Total Revenue": 342600000.0,
        "Operating Revenue": 342600000.0
    }
}