{
    "2023-09-30": {
        "Tax Effect Of Unusual Items": NaN,
        "Tax Rate For Calcs": NaN,
        "Normalized EBITDA": NaN,
        "Total Unusual Items": 449000.0,
        "Total Unusual Items Excluding Goodwill": 449000.0,
        "Net Income From Continuing Operation Net Minority Interest": NaN,
        "Reconciled Depreciation": NaN,
        "EBITDA": NaN,
        "EBIT": NaN,
        "Net Interest Income": 1917000.0,
        "Normalized Income": NaN,
        "Net Income From Continuing And Discontinued Operation": NaN,
        "Total Expenses": NaN,
        "Total Operating Income As Reported": NaN,
        "Diluted Average Shares": NaN,
        "Basic Average Shares": NaN,
        "Diluted EPS": NaN,
        "Basic EPS": NaN,
        "Diluted NI Availto Com Stockholders": NaN,
        "Net Income Common Stockholders": NaN,
        "Net Income": NaN,
        "Net Income Including Noncontrolling Interests": NaN,
        "Net Income Continuous Operations": NaN,
        "Pretax Income": NaN,
        "Other Income Expense": NaN,
        "Other Non Operating Income Expenses": NaN,
        "Special Income Charges": 449000.0,
        "Gain On Sale Of Ppe": 538000.0,
        "Restructuring And Mergern Acquisition": 89000.0,
        "Net Non Operating Interest Income Expense": 1917000.0,
        "Total Other Finance Cost": -1917000.0,
        "Operating Income": NaN,
        "Operating Expense": NaN,
        "Research And Development": NaN,
        "Selling General And Administration": NaN,
        "General And Administrative Expense": NaN,
        "Other Gand A": NaN,
        "Salaries And Wages": 1621000.0,
        "Total Revenue": NaN,
        "Operating Revenue": NaN
    },
    "2022-12-31": {
        "Tax Effect Of Unusual Items": 0.0,
        "Tax Rate For Calcs": 0.21,
        "Normalized EBITDA": 36951000.0,
        "Total Unusual Items": NaN,
        "Total Unusual Items Excluding Goodwill": NaN,
        "Net Income From Continuing Operation Net Minority Interest": 35665000.0,
        "Reconciled Depreciation": -1603000.0,
        "EBITDA": 36951000.0,
        "EBIT": 36951000.0,
        "Net Interest Income": NaN,
        "Normalized Income": 35665000.0,
        "Net Income From Continuing And Discontinued Operation": 35665000.0,
        "Total Expenses": -36951000.0,
        "Total Operating Income As Reported": NaN,
        "Diluted Average Shares": NaN,
        "Basic Average Shares": NaN,
        "Diluted EPS": NaN,
        "Basic EPS": NaN,
        "Diluted NI Availto Com Stockholders": 35665000.0,
        "Net Income Common Stockholders": 35665000.0,
        "Net Income": 35665000.0,
        "Net Income Including Noncontrolling Interests": 35665000.0,
        "Net Income Continuous Operations": 35665000.0,
        "Pretax Income": 35665000.0,
        "Other Income Expense": NaN,
        "Special Income Charges": NaN,
        "Gain On Sale Of Ppe": NaN,
        "Restructuring And Mergern Acquisition": NaN,
        "Net Non Operating Interest Income Expense": NaN,
        "Total Other Finance Cost": NaN,
        "Operating Income": 36951000.0,
        "Operating Expense": -36951000.0,
        "Research And Development": -24838000.0,
        "Selling General And Administration": -12113000.0,
        "General And Administrative Expense": -12113000.0,
        "Other Gand A": -4695000.0,
        "Salaries And Wages": NaN,
        "Total Revenue": 0.0,
        "Operating Revenue": 0.0
    },
    "2022-09-30": {
        "Tax Effect Of Unusual Items": NaN,
        "Tax Rate For Calcs": NaN,
        "Normalized EBITDA": NaN,
        "Total Unusual Items": 0.0,
        "Total Unusual Items Excluding Goodwill": 0.0,
        "Net Income From Continuing Operation Net Minority Interest": NaN,
        "Reconciled Depreciation": NaN,
        "EBITDA": NaN,
        "EBIT": NaN,
        "Net Interest Income": 812000.0,
        "Normalized Income": NaN,
        "Net Income From Continuing And Discontinued Operation": NaN,
        "Total Expenses": NaN,
        "Total Operating Income As Reported": NaN,
        "Diluted Average Shares": 20336773.0,
        "Basic Average Shares": 20336773.0,
        "Diluted EPS": -0.934809,
        "Basic EPS": -0.934809,
        "Diluted NI Availto Com Stockholders": NaN,
        "Net Income Common Stockholders": NaN,
        "Net Income": NaN,
        "Net Income Including Noncontrolling Interests": NaN,
        "Net Income Continuous Operations": NaN,
        "Pretax Income": NaN,
        "Other Income Expense": NaN,
        "Other Non Operating Income Expenses": NaN,
        "Special Income Charges": 0.0,
        "Gain On Sale Of Ppe": 0.0,
        "Restructuring And Mergern Acquisition": 0.0,
        "Net Non Operating Interest Income Expense": 812000.0,
        "Total Other Finance Cost": -812000.0,
        "Operating Income": NaN,
        "Operating Expense": NaN,
        "Research And Development": NaN,
        "Selling General And Administration": NaN,
        "General And Administrative Expense": NaN,
        "Other Gand A": NaN,
        "Salaries And Wages": 2699000.0,
        "Total Revenue": NaN,
        "Operating Revenue": NaN
    },
    "2023-12-31": {
        "Tax Effect Of Unusual Items": 0.0,
        "Tax Rate For Calcs": 0.21,
        "Normalized EBITDA": -6317000.0,
        "Total Unusual Items": NaN,
        "Total Unusual Items Excluding Goodwill": NaN,
        "Net Income From Continuing Operation Net Minority Interest": 2126000.0,
        "Reconciled Depreciation": -1105000.0,
        "EBITDA": -6317000.0,
        "EBIT": -6317000.0,
        "Net Interest Income": NaN,
        "Normalized Income": 2126000.0,
        "Net Income From Continuing And Discontinued Operation": 2126000.0,
        "Total Expenses": 6317000.0,
        "Total Operating Income As Reported": 4103000.0,
        "Diluted Average Shares": NaN,
        "Basic Average Shares": NaN,
        "Diluted EPS": NaN,
        "Basic EPS": NaN,
        "Diluted NI Availto Com Stockholders": 2126000.0,
        "Net Income Common Stockholders": 2126000.0,
        "Net Income": 2126000.0,
        "Net Income Including Noncontrolling Interests": 2126000.0,
        "Net Income Continuous Operations": 2126000.0,
        "Pretax Income": 2126000.0,
        "Other Income Expense": 13705000.0,
        "Other Non Operating Income Expenses": NaN,
        "Special Income Charges": NaN,
        "Gain On Sale Of Ppe": NaN,
        "Restructuring And Mergern Acquisition": NaN,
        "Net Non Operating Interest Income Expense": NaN,
        "Total Other Finance Cost": NaN,
        "Operating Income": -6317000.0,
        "Operating Expense": 6317000.0,
        "Research And Development": 14598000.0,
        "Selling General And Administration": -8281000.0,
        "General And Administrative Expense": -8281000.0,
        "Other Gand A": -1813000.0,
        "Salaries And Wages": NaN,
        "Total Revenue": 0.0,
        "Operating Revenue": 0.0
    },
    "2024-03-31": {
        "Tax Effect Of Unusual Items": 0.0,
        "Tax Rate For Calcs": 0.0,
        "Normalized EBITDA": -17507000.0,
        "Total Unusual Items": NaN,
        "Total Unusual Items Excluding Goodwill": NaN,
        "Net Income From Continuing Operation Net Minority Interest": -13311000.0,
        "Reconciled Depreciation": 10000.0,
        "EBITDA": -17507000.0,
        "EBIT": -17517000.0,
        "Net Interest Income": NaN,
        "Normalized Income": -13311000.0,
        "Net Income From Continuing And Discontinued Operation": -13311000.0,
        "Total Expenses": 17517000.0,
        "Total Operating Income As Reported": -17517000.0,
        "Diluted Average Shares": 24082000.0,
        "Basic Average Shares": 24082000.0,
        "Diluted EPS": -0.55,
        "Basic EPS": -0.55,
        "Diluted NI Availto Com Stockholders": -13311000.0,
        "Net Income Common Stockholders": -13311000.0,
        "Net Income": -13311000.0,
        "Net Income Including Noncontrolling Interests": -13311000.0,
        "Net Income Continuous Operations": -13311000.0,
        "Pretax Income": -13311000.0,
        "Other Income Expense": 4206000.0,
        "Other Non Operating Income Expenses": 4206000.0,
        "Special Income Charges": NaN,
        "Gain On Sale Of Ppe": NaN,
        "Restructuring And Mergern Acquisition": NaN,
        "Net Non Operating Interest Income Expense": NaN,
        "Total Other Finance Cost": NaN,
        "Operating Income": -17517000.0,
        "Operating Expense": 17517000.0,
        "Research And Development": 11376000.0,
        "Selling General And Administration": 6141000.0,
        "General And Administrative Expense": 6141000.0,
        "Other Gand A": 6141000.0,
        "Salaries And Wages": NaN,
        "Total Revenue": 0.0,
        "Operating Revenue": 0.0
    },
    "2023-06-30": {
        "Tax Effect Of Unusual Items": NaN,
        "Tax Rate For Calcs": NaN,
        "Normalized EBITDA": NaN,
        "Total Unusual Items": NaN,
        "Total Unusual Items Excluding Goodwill": NaN,
        "Net Income From Continuing Operation Net Minority Interest": NaN,
        "Reconciled Depreciation": NaN,
        "EBITDA": NaN,
        "EBIT": NaN,
        "Net Interest Income": NaN,
        "Normalized Income": NaN,
        "Net Income From Continuing And Discontinued Operation": NaN,
        "Total Expenses": NaN,
        "Total Operating Income As Reported": NaN,
        "Diluted Average Shares": 20336773.0,
        "Basic Average Shares": 20336773.0,
        "Diluted EPS": -0.793095,
        "Basic EPS": -0.793095,
        "Diluted NI Availto Com Stockholders": NaN,
        "Net Income Common Stockholders": NaN,
        "Net Income": NaN,
        "Net Income Including Noncontrolling Interests": NaN,
        "Net Income Continuous Operations": NaN,
        "Pretax Income": NaN,
        "Other Income Expense": NaN,
        "Other Non Operating Income Expenses": 245000.0,
        "Special Income Charges": NaN,
        "Gain On Sale Of Ppe": NaN,
        "Restructuring And Mergern Acquisition": NaN,
        "Net Non Operating Interest Income Expense": NaN,
        "Total Other Finance Cost": NaN,
        "Operating Income": NaN,
        "Operating Expense": NaN,
        "Research And Development": NaN,
        "Selling General And Administration": NaN,
        "General And Administrative Expense": NaN,
        "Other Gand A": NaN,
        "Salaries And Wages": NaN,
        "Total Revenue": NaN,
        "Operating Revenue": NaN
    },
    "2023-03-31": {
        "Tax Effect Of Unusual Items": NaN,
        "Tax Rate For Calcs": NaN,
        "Normalized EBITDA": NaN,
        "Total Unusual Items": NaN,
        "Total Unusual Items Excluding Goodwill": NaN,
        "Net Income From Continuing Operation Net Minority Interest": NaN,
        "Reconciled Depreciation": NaN,
        "EBITDA": NaN,
        "EBIT": NaN,
        "Net Interest Income": NaN,
        "Normalized Income": NaN,
        "Net Income From Continuing And Discontinued Operation": NaN,
        "Total Expenses": NaN,
        "Total Operating Income As Reported": NaN,
        "Diluted Average Shares": 20336773.0,
        "Basic Average Shares": 20336773.0,
        "Diluted EPS": -0.368888,
        "Basic EPS": -0.368888,
        "Diluted NI Availto Com Stockholders": NaN,
        "Net Income Common Stockholders": NaN,
        "Net Income": NaN,
        "Net Income Including Noncontrolling Interests": NaN,
        "Net Income Continuous Operations": NaN,
        "Pretax Income": NaN,
        "Other Income Expense": NaN,
        "Other Non Operating Income Expenses": NaN,
        "Special Income Charges": NaN,
        "Gain On Sale Of Ppe": NaN,
        "Restructuring And Mergern Acquisition": NaN,
        "Net Non Operating Interest Income Expense": NaN,
        "Total Other Finance Cost": NaN,
        "Operating Income": NaN,
        "Operating Expense": NaN,
        "Research And Development": NaN,
        "Selling General And Administration": NaN,
        "General And Administrative Expense": NaN,
        "Other Gand A": NaN,
        "Salaries And Wages": NaN,
        "Total Revenue": NaN,
        "Operating Revenue": NaN
    },
    "2024-06-30": {
        "Tax Effect Of Unusual Items": 0.0,
        "Tax Rate For Calcs": 0.0,
        "Normalized EBITDA": -21961000.0,
        "Total Unusual Items": NaN,
        "Total Unusual Items Excluding Goodwill": NaN,
        "Net Income From Continuing Operation Net Minority Interest": -17487000.0,
        "Reconciled Depreciation": 10000.0,
        "EBITDA": -21961000.0,
        "EBIT": -21971000.0,
        "Net Interest Income": NaN,
        "Normalized Income": -17487000.0,
        "Net Income From Continuing And Discontinued Operation": -17487000.0,
        "Total Expenses": 21971000.0,
        "Total Operating Income As Reported": -21971000.0,
        "Diluted Average Shares": 25724000.0,
        "Basic Average Shares": 25724000.0,
        "Diluted EPS": -0.68,
        "Basic EPS": -0.68,
        "Diluted NI Availto Com Stockholders": -17487000.0,
        "Net Income Common Stockholders": -17487000.0,
        "Net Income": -17487000.0,
        "Net Income Including Noncontrolling Interests": -17487000.0,
        "Net Income Continuous Operations": -17487000.0,
        "Pretax Income": -17487000.0,
        "Other Income Expense": 4484000.0,
        "Other Non Operating Income Expenses": 4484000.0,
        "Special Income Charges": NaN,
        "Gain On Sale Of Ppe": NaN,
        "Restructuring And Mergern Acquisition": NaN,
        "Net Non Operating Interest Income Expense": NaN,
        "Total Other Finance Cost": NaN,
        "Operating Income": -21971000.0,
        "Operating Expense": 21971000.0,
        "Research And Development": 15734000.0,
        "Selling General And Administration": 6237000.0,
        "General And Administrative Expense": 6237000.0,
        "Other Gand A": 6237000.0,
        "Salaries And Wages": NaN,
        "Total Revenue": 0.0,
        "Operating Revenue": 0.0
    },
    "2024-09-30": {
        "Tax Effect Of Unusual Items": 0.0,
        "Tax Rate For Calcs": 0.0,
        "Normalized EBITDA": -24428000.0,
        "Total Unusual Items": NaN,
        "Total Unusual Items Excluding Goodwill": NaN,
        "Net Income From Continuing Operation Net Minority Interest": -20177000.0,
        "Reconciled Depreciation": 10000.0,
        "EBITDA": -24428000.0,
        "EBIT": -24438000.0,
        "Net Interest Income": NaN,
        "Normalized Income": -20177000.0,
        "Net Income From Continuing And Discontinued Operation": -20177000.0,
        "Total Expenses": 24438000.0,
        "Total Operating Income As Reported": -24438000.0,
        "Diluted Average Shares": 25767000.0,
        "Basic Average Shares": 25767000.0,
        "Diluted EPS": -0.78,
        "Basic EPS": -0.78,
        "Diluted NI Availto Com Stockholders": -20177000.0,
        "Net Income Common Stockholders": -20177000.0,
        "Net Income": -20177000.0,
        "Net Income Including Noncontrolling Interests": -20177000.0,
        "Net Income Continuous Operations": -20177000.0,
        "Pretax Income": -20177000.0,
        "Other Income Expense": 4261000.0,
        "Other Non Operating Income Expenses": 4261000.0,
        "Special Income Charges": NaN,
        "Gain On Sale Of Ppe": NaN,
        "Restructuring And Mergern Acquisition": NaN,
        "Net Non Operating Interest Income Expense": NaN,
        "Total Other Finance Cost": NaN,
        "Operating Income": -24438000.0,
        "Operating Expense": 24438000.0,
        "Research And Development": 19330000.0,
        "Selling General And Administration": 5108000.0,
        "General And Administrative Expense": 5108000.0,
        "Other Gand A": 5108000.0,
        "Salaries And Wages": NaN,
        "Total Revenue": 0.0,
        "Operating Revenue": 0.0
    },
    "2024-12-31": {
        "Tax Effect Of Unusual Items": 0.0,
        "Tax Rate For Calcs": 0.0,
        "Normalized EBITDA": -25797000.0,
        "Total Unusual Items": NaN,
        "Total Unusual Items Excluding Goodwill": NaN,
        "Net Income From Continuing Operation Net Minority Interest": -22235000.0,
        "Reconciled Depreciation": 9000.0,
        "EBITDA": -25797000.0,
        "EBIT": -25806000.0,
        "Net Interest Income": NaN,
        "Normalized Income": -22235000.0,
        "Net Income From Continuing And Discontinued Operation": -22235000.0,
        "Total Expenses": 25806000.0,
        "Total Operating Income As Reported": -25806000.0,
        "Diluted Average Shares": 25796000.0,
        "Basic Average Shares": 25796000.0,
        "Diluted EPS": -0.86,
        "Basic EPS": -0.86,
        "Diluted NI Availto Com Stockholders": -22235000.0,
        "Net Income Common Stockholders": -22235000.0,
        "Net Income": -22235000.0,
        "Net Income Including Noncontrolling Interests": -22235000.0,
        "Net Income Continuous Operations": -22235000.0,
        "Pretax Income": -22235000.0,
        "Other Income Expense": 3571000.0,
        "Other Non Operating Income Expenses": 3571000.0,
        "Special Income Charges": NaN,
        "Gain On Sale Of Ppe": NaN,
        "Restructuring And Mergern Acquisition": NaN,
        "Net Non Operating Interest Income Expense": NaN,
        "Total Other Finance Cost": NaN,
        "Operating Income": -25806000.0,
        "Operating Expense": 25806000.0,
        "Research And Development": 20545000.0,
        "Selling General And Administration": 5261000.0,
        "General And Administrative Expense": 5261000.0,
        "Other Gand A": 5261000.0,
        "Salaries And Wages": NaN,
        "Total Revenue": 0.0,
        "Operating Revenue": 0.0
    },
    "2025-03-31": {
        "Tax Effect Of Unusual Items": 0.0,
        "Tax Rate For Calcs": 0.0,
        "Normalized EBITDA": -26219000.0,
        "Total Unusual Items": NaN,
        "Total Unusual Items Excluding Goodwill": NaN,
        "Net Income From Continuing Operation Net Minority Interest": -22970000.0,
        "Reconciled Depreciation": 12000.0,
        "EBITDA": -26219000.0,
        "EBIT": -26231000.0,
        "Net Interest Income": NaN,
        "Normalized Income": -22970000.0,
        "Net Income From Continuing And Discontinued Operation": -22970000.0,
        "Total Expenses": 26231000.0,
        "Total Operating Income As Reported": -26231000.0,
        "Diluted Average Shares": 25692000.0,
        "Basic Average Shares": 25692000.0,
        "Diluted EPS": -0.89,
        "Basic EPS": -0.89,
        "Diluted NI Availto Com Stockholders": -22970000.0,
        "Net Income Common Stockholders": -22970000.0,
        "Net Income": -22970000.0,
        "Net Income Including Noncontrolling Interests": -22970000.0,
        "Net Income Continuous Operations": -22970000.0,
        "Pretax Income": -22970000.0,
        "Other Income Expense": 3261000.0,
        "Other Non Operating Income Expenses": 3261000.0,
        "Special Income Charges": NaN,
        "Gain On Sale Of Ppe": NaN,
        "Restructuring And Mergern Acquisition": NaN,
        "Net Non Operating Interest Income Expense": NaN,
        "Total Other Finance Cost": NaN,
        "Operating Income": -26231000.0,
        "Operating Expense": 26231000.0,
        "Research And Development": 20258000.0,
        "Selling General And Administration": 5973000.0,
        "General And Administrative Expense": 5973000.0,
        "Other Gand A": 5973000.0,
        "Salaries And Wages": NaN,
        "Total Revenue": 0.0,
        "Operating Revenue": 0.0
    }
}