{
    "2023-03-31": {
        "Tax Effect Of Unusual Items": 3129000.0,
        "Tax Rate For Calcs": 0.21,
        "Normalized EBITDA": 126500000.0,
        "Total Unusual Items": 14900000.0,
        "Total Unusual Items Excluding Goodwill": 14900000.0,
        "Net Income From Continuing Operation Net Minority Interest": 7500000.0,
        "Reconciled Depreciation": 74000000.0,
        "Reconciled Cost Of Revenue": 538500000.0,
        "EBITDA": 141400000.0,
        "EBIT": 67400000.0,
        "Net Interest Income": -62100000.0,
        "Interest Expense": 62100000.0,
        "Normalized Income": -4271000.0,
        "Net Income From Continuing And Discontinued Operation": 4400000.0,
        "Total Expenses": 588400000.0,
        "Total Operating Income As Reported": 69000000.0,
        "Diluted Average Shares": 83200000.0,
        "Basic Average Shares": 80800000.0,
        "Diluted EPS": 0.05,
        "Basic EPS": 0.05,
        "Diluted NI Availto Com Stockholders": 4400000.0,
        "Net Income Common Stockholders": 4400000.0,
        "Net Income": 4400000.0,
        "Minority Interests": -9300000.0,
        "Net Income Including Noncontrolling Interests": 13700000.0,
        "Net Income Discontinuous Operations": -3100000.0,
        "Net Income Continuous Operations": 16800000.0,
        "Tax Provision": -11500000.0,
        "Pretax Income": 5300000.0,
        "Other Income Expense": 13300000.0,
        "Other Non Operating Income Expenses": -1600000.0,
        "Special Income Charges": 14900000.0,
        "Gain On Sale Of Ppe": 15300000.0,
        "Other Special Charges": NaN,
        "Restructuring And Mergern Acquisition": 400000.0,
        "Net Non Operating Interest Income Expense": -62100000.0,
        "Interest Expense Non Operating": 62100000.0,
        "Operating Income": 53300000.0,
        "Operating Expense": 49900000.0,
        "Selling General And Administration": 49900000.0,
        "Gross Profit": 103200000.0,
        "Cost Of Revenue": 538500000.0,
        "Total Revenue": 641700000.0,
        "Operating Revenue": 641700000.0
    },
    "2022-12-31": {
        "Tax Effect Of Unusual Items": NaN,
        "Tax Rate For Calcs": NaN,
        "Normalized EBITDA": NaN,
        "Total Unusual Items": NaN,
        "Total Unusual Items Excluding Goodwill": NaN,
        "Net Income From Continuing Operation Net Minority Interest": NaN,
        "Reconciled Depreciation": NaN,
        "Reconciled Cost Of Revenue": NaN,
        "EBITDA": NaN,
        "EBIT": NaN,
        "Net Interest Income": NaN,
        "Interest Expense": NaN,
        "Normalized Income": NaN,
        "Net Income From Continuing And Discontinued Operation": NaN,
        "Total Expenses": NaN,
        "Total Operating Income As Reported": NaN,
        "Diluted Average Shares": NaN,
        "Basic Average Shares": NaN,
        "Diluted EPS": NaN,
        "Basic EPS": NaN,
        "Diluted NI Availto Com Stockholders": NaN,
        "Net Income Common Stockholders": NaN,
        "Net Income": NaN,
        "Minority Interests": NaN,
        "Net Income Including Noncontrolling Interests": NaN,
        "Net Income Discontinuous Operations": NaN,
        "Net Income Continuous Operations": NaN,
        "Tax Provision": NaN,
        "Pretax Income": NaN,
        "Other Income Expense": NaN,
        "Other Non Operating Income Expenses": NaN,
        "Special Income Charges": NaN,
        "Gain On Sale Of Ppe": NaN,
        "Other Special Charges": 0.0,
        "Restructuring And Mergern Acquisition": NaN,
        "Net Non Operating Interest Income Expense": NaN,
        "Interest Expense Non Operating": NaN,
        "Operating Income": NaN,
        "Operating Expense": NaN,
        "Selling General And Administration": NaN,
        "Gross Profit": NaN,
        "Cost Of Revenue": NaN,
        "Total Revenue": NaN,
        "Operating Revenue": NaN
    },
    "2022-09-30": {
        "Tax Effect Of Unusual Items": 8865000.0,
        "Tax Rate For Calcs": 0.225,
        "Normalized EBITDA": 123700000.0,
        "Total Unusual Items": 39400000.0,
        "Total Unusual Items Excluding Goodwill": 39400000.0,
        "Net Income From Continuing Operation Net Minority Interest": 29200000.0,
        "Reconciled Depreciation": 69800000.0,
        "Reconciled Cost Of Revenue": 395300000.0,
        "EBITDA": 163100000.0,
        "EBIT": 93300000.0,
        "Net Interest Income": -55000000.0,
        "Interest Expense": 55000000.0,
        "Normalized Income": -1335000.0,
        "Net Income From Continuing And Discontinued Operation": 25800000.0,
        "Total Expenses": 443300000.0,
        "Total Operating Income As Reported": 92700000.0,
        "Diluted Average Shares": 83300000.0,
        "Basic Average Shares": 81700000.0,
        "Diluted EPS": 0.31,
        "Basic EPS": 0.32,
        "Diluted NI Availto Com Stockholders": 25800000.0,
        "Net Income Common Stockholders": 25800000.0,
        "Net Income": 25800000.0,
        "Minority Interests": -500000.0,
        "Net Income Including Noncontrolling Interests": 26300000.0,
        "Net Income Discontinuous Operations": -3400000.0,
        "Net Income Continuous Operations": 29700000.0,
        "Tax Provision": 8600000.0,
        "Pretax Income": 38300000.0,
        "Other Income Expense": 40000000.0,
        "Other Non Operating Income Expenses": 600000.0,
        "Special Income Charges": 39400000.0,
        "Gain On Sale Of Ppe": 39400000.0,
        "Other Special Charges": NaN,
        "Restructuring And Mergern Acquisition": 0.0,
        "Net Non Operating Interest Income Expense": -55000000.0,
        "Interest Expense Non Operating": 55000000.0,
        "Operating Income": 53300000.0,
        "Operating Expense": 48000000.0,
        "Selling General And Administration": 48000000.0,
        "General And Administrative Expense": NaN,
        "Other Gand A": NaN,
        "Salaries And Wages": NaN,
        "Gross Profit": 101300000.0,
        "Cost Of Revenue": 395300000.0,
        "Total Revenue": 496600000.0,
        "Operating Revenue": 496600000.0
    },
    "2022-06-30": {
        "Tax Effect Of Unusual Items": 6578000.0,
        "Tax Rate For Calcs": 0.26,
        "Normalized EBITDA": 116000000.0,
        "Total Unusual Items": 25300000.0,
        "Total Unusual Items Excluding Goodwill": 25300000.0,
        "Net Income From Continuing Operation Net Minority Interest": 11700000.0,
        "Reconciled Depreciation": 69300000.0,
        "Reconciled Cost Of Revenue": 325600000.0,
        "EBITDA": 141300000.0,
        "EBIT": 72000000.0,
        "Net Interest Income": -49700000.0,
        "Interest Expense": 49700000.0,
        "Normalized Income": -7022000.0,
        "Net Income From Continuing And Discontinued Operation": 3700000.0,
        "Total Expenses": 370600000.0,
        "Total Operating Income As Reported": 73000000.0,
        "Diluted Average Shares": 84400000.0,
        "Basic Average Shares": 82400000.0,
        "Diluted EPS": 0.04,
        "Basic EPS": 0.04,
        "Diluted NI Availto Com Stockholders": 3700000.0,
        "Net Income Common Stockholders": 3700000.0,
        "Net Income": 3700000.0,
        "Minority Interests": -4800000.0,
        "Net Income Including Noncontrolling Interests": 8500000.0,
        "Net Income Discontinuous Operations": -8000000.0,
        "Net Income Continuous Operations": 16500000.0,
        "Tax Provision": 5800000.0,
        "Pretax Income": 22300000.0,
        "Other Income Expense": 25800000.0,
        "Other Non Operating Income Expenses": 500000.0,
        "Special Income Charges": 25300000.0,
        "Gain On Sale Of Ppe": 27800000.0,
        "Other Special Charges": 1500000.0,
        "Restructuring And Mergern Acquisition": 1000000.0,
        "Net Non Operating Interest Income Expense": -49700000.0,
        "Interest Expense Non Operating": 49700000.0,
        "Operating Income": 46200000.0,
        "Operating Expense": 45000000.0,
        "Selling General And Administration": 45000000.0,
        "General And Administrative Expense": NaN,
        "Other Gand A": NaN,
        "Salaries And Wages": NaN,
        "Gross Profit": 91200000.0,
        "Cost Of Revenue": 325600000.0,
        "Total Revenue": 416800000.0,
        "Operating Revenue": 416800000.0
    },
    "2023-06-30": {
        "Tax Effect Of Unusual Items": 7695800.0,
        "Tax Rate For Calcs": 0.239,
        "Normalized EBITDA": 138400000.0,
        "Total Unusual Items": 32200000.0,
        "Total Unusual Items Excluding Goodwill": 32200000.0,
        "Net Income From Continuing Operation Net Minority Interest": 19300000.0,
        "Reconciled Depreciation": 72800000.0,
        "Reconciled Cost Of Revenue": 601200000.0,
        "EBITDA": 170600000.0,
        "EBIT": 97800000.0,
        "Net Interest Income": -66900000.0,
        "Interest Expense": 66900000.0,
        "Normalized Income": -5204200.0,
        "Net Income From Continuing And Discontinued Operation": 17000000.0,
        "Total Expenses": 655500000.0,
        "Total Operating Income As Reported": 99100000.0,
        "Diluted Average Shares": 83400000.0,
        "Basic Average Shares": 81200000.0,
        "Diluted EPS": 0.2,
        "Basic EPS": 0.21,
        "Diluted NI Availto Com Stockholders": 17000000.0,
        "Net Income Common Stockholders": 17000000.0,
        "Net Income": 17000000.0,
        "Minority Interests": -4200000.0,
        "Net Income Including Noncontrolling Interests": 21200000.0,
        "Net Income Discontinuous Operations": -2300000.0,
        "Net Income Continuous Operations": 23500000.0,
        "Tax Provision": 7400000.0,
        "Pretax Income": 30900000.0,
        "Other Income Expense": 30900000.0,
        "Other Non Operating Income Expenses": -1300000.0,
        "Special Income Charges": 32200000.0,
        "Gain On Sale Of Ppe": 30400000.0,
        "Restructuring And Mergern Acquisition": -1800000.0,
        "Net Non Operating Interest Income Expense": -66900000.0,
        "Interest Expense Non Operating": 66900000.0,
        "Operating Income": 66900000.0,
        "Operating Expense": 54300000.0,
        "Selling General And Administration": 54300000.0,
        "Gross Profit": 121200000.0,
        "Cost Of Revenue": 601200000.0,
        "Total Revenue": 722400000.0,
        "Operating Revenue": 722400000.0
    },
    "2022-03-31": {
        "Diluted EPS": -0.01,
        "Total Revenue": 473,
        "Gross Profit": 74,
        "Operating Income": 55,
        "EBIT": 122,
        "Net Income": -1
    },
    "2021-12-31": {
        "Diluted EPS": 1.27,
        "Total Revenue": 472,
        "Gross Profit": 97,
        "Operating Income": 69,
        "EBIT": 135,
        "Net Income": 134
    },
    "2021-09-30": {
        "Diluted EPS": 0.33,
        "Total Revenue": 420,
        "Gross Profit": 82,
        "Operating Income": 78,
        "EBIT": 147,
        "Net Income": 32
    },
    "2021-06-30": {
        "Diluted EPS": 0.12,
        "Total Revenue": 293,
        "Gross Profit": 91,
        "Operating Income": 58,
        "EBIT": 125,
        "Net Income": 13
    },
    "2021-03-31": {
        "Diluted EPS": 0.03,
        "Total Revenue": 331,
        "Gross Profit": 84,
        "Operating Income": 52,
        "EBIT": 116,
        "Net Income": 3
    },
    "2020-12-31": {
        "Diluted EPS": -1.05,
        "Total Revenue": 166,
        "Gross Profit": 52,
        "Operating Income": 7,
        "EBIT": 66,
        "Net Income": -127
    },
    "2020-09-30": {
        "Diluted EPS": 0.21,
        "Total Revenue": 459,
        "Gross Profit": 125,
        "Operating Income": 73,
        "EBIT": 138,
        "Net Income": 25
    },
    "2020-06-30": {
        "Diluted EPS": -1.76,
        "Total Revenue": 509,
        "Gross Profit": 113,
        "Operating Income": -307,
        "EBIT": -240,
        "Net Income": -207
    },
    "2020-03-31": {
        "Diluted EPS": 1.33,
        "Total Revenue": 615,
        "Gross Profit": 133,
        "Operating Income": 73,
        "EBIT": 140,
        "Net Income": 162
    },
    "2019-12-31": {
        "Diluted EPS": 0.17,
        "Total Revenue": 598,
        "Gross Profit": 111,
        "Operating Income": 78,
        "EBIT": 144,
        "Net Income": 22
    },
    "2019-09-30": {
        "Diluted EPS": 0.39,
        "Total Revenue": 814,
        "Gross Profit": 165,
        "Operating Income": 120,
        "EBIT": 193,
        "Net Income": 49
    },
    "2019-06-30": {
        "Diluted EPS": 0.28,
        "Total Revenue": 736,
        "Gross Profit": 158,
        "Operating Income": 107,
        "EBIT": 178,
        "Net Income": 36
    },
    "2019-03-31": {
        "Diluted EPS": 0.23,
        "Total Revenue": 605,
        "Gross Profit": 141,
        "Operating Income": 92,
        "EBIT": 159,
        "Net Income": 31
    },
    "2018-12-31": {
        "Diluted EPS": 0.19,
        "Total Revenue": 735,
        "Gross Profit": 145,
        "Operating Income": 90,
        "EBIT": 157,
        "Net Income": 27
    },
    "2018-09-30": {
        "Diluted EPS": 0.19,
        "Total Revenue": 607,
        "Gross Profit": 140,
        "Operating Income": 75,
        "EBIT": 140,
        "Net Income": 28
    },
    "2018-06-30": {
        "Diluted EPS": 0.43,
        "Total Revenue": 634,
        "Gross Profit": 152,
        "Operating Income": 88,
        "EBIT": 150,
        "Net Income": 64
    },
    "2018-03-31": {
        "Diluted EPS": 0.26,
        "Total Revenue": 533,
        "Gross Profit": 133,
        "Operating Income": 62,
        "EBIT": 120,
        "Net Income": 40
    },
    "2017-12-31": {
        "Diluted EPS": 3.46,
        "Total Revenue": -359,
        "Gross Profit": -69,
        "Operating Income": -35,
        "EBIT": -26,
        "Net Income": 539
    },
    "2017-09-30": {
        "Diluted EPS": 0.43,
        "Total Revenue": 974,
        "Gross Profit": 251,
        "Operating Income": 152,
        "EBIT": 227,
        "Net Income": 67
    },
    "2017-06-30": {
        "Diluted EPS": 0.33,
        "Total Revenue": 906,
        "Gross Profit": 223,
        "Operating Income": 135,
        "EBIT": 208,
        "Net Income": 51
    },
    "2017-03-31": {
        "Diluted EPS": 0.3,
        "Total Revenue": 877,
        "Gross Profit": 217,
        "Operating Income": 116,
        "EBIT": 189,
        "Net Income": 46
    },
    "2016-12-31": {
        "Diluted EPS": 0.44,
        "Total Revenue": -395,
        "Gross Profit": -92,
        "Operating Income": -100,
        "EBIT": -93,
        "Net Income": 68
    },
    "2016-09-30": {
        "Diluted EPS": 0.55,
        "Total Revenue": NaN,
        "Gross Profit": 284,
        "Operating Income": 184,
        "EBIT": 254,
        "Net Income": 84
    },
    "2016-06-30": {
        "Diluted EPS": 0.62,
        "Total Revenue": NaN,
        "Gross Profit": 287,
        "Operating Income": 192,
        "EBIT": 262,
        "Net Income": 95
    },
    "2016-03-31": {
        "Diluted EPS": 0.64,
        "Total Revenue": NaN,
        "Gross Profit": 298,
        "Operating Income": 203,
        "EBIT": 273,
        "Net Income": 97
    },
    "2015-12-31": {
        "Diluted EPS": 1.31,
        "Total Revenue": NaN,
        "Gross Profit": 431,
        "Operating Income": 358,
        "EBIT": 427,
        "Net Income": 200
    },
    "2015-09-30": {
        "Diluted EPS": 1.31,
        "Total Revenue": NaN,
        "Gross Profit": 433,
        "Operating Income": 365,
        "EBIT": 432,
        "Net Income": 204
    },
    "2015-06-30": {
        "Diluted EPS": 1.33,
        "Total Revenue": NaN,
        "Gross Profit": 457,
        "Operating Income": 383,
        "EBIT": 449,
        "Net Income": 212
    },
    "2015-03-31": {
        "Diluted EPS": 1.13,
        "Total Revenue": NaN,
        "Gross Profit": 416,
        "Operating Income": 333,
        "EBIT": 397,
        "Net Income": 180
    },
    "2014-12-31": {
        "Diluted EPS": 0.85,
        "Total Revenue": NaN,
        "Gross Profit": 386,
        "Operating Income": 277,
        "EBIT": 350,
        "Net Income": 138
    },
    "2014-09-30": {
        "Diluted EPS": 0.91,
        "Total Revenue": NaN,
        "Gross Profit": 391,
        "Operating Income": 281,
        "EBIT": 342,
        "Net Income": 149
    },
    "2014-06-30": {
        "Diluted EPS": 1.01,
        "Total Revenue": NaN,
        "Gross Profit": 387,
        "Operating Income": 302,
        "EBIT": 358,
        "Net Income": 164
    },
    "2014-03-31": {
        "Diluted EPS": 1.42,
        "Total Revenue": NaN,
        "Gross Profit": 387,
        "Operating Income": 391,
        "EBIT": 447,
        "Net Income": 226
    },
    "2013-12-31": {
        "Diluted EPS": 0.74,
        "Total Revenue": NaN,
        "Gross Profit": 293,
        "Operating Income": 224,
        "EBIT": 280,
        "Net Income": 113
    },
    "2013-09-30": {
        "Diluted EPS": 0.63,
        "Total Revenue": NaN,
        "Gross Profit": 274,
        "Operating Income": 206,
        "EBIT": 259,
        "Net Income": 100
    },
    "2013-06-30": {
        "Diluted EPS": 0.52,
        "Total Revenue": NaN,
        "Gross Profit": 254,
        "Operating Income": 183,
        "EBIT": 236,
        "Net Income": 84
    },
    "2013-03-31": {
        "Diluted EPS": 0.5,
        "Total Revenue": 933,
        "Gross Profit": 222,
        "Operating Income": 160,
        "EBIT": 210,
        "Net Income": 79
    },
    "2012-12-31": {
        "Diluted EPS": 0.44,
        "Total Revenue": NaN,
        "Gross Profit": 212,
        "Operating Income": 159,
        "EBIT": 208,
        "Net Income": 75
    },
    "2012-09-30": {
        "Diluted EPS": 0.4,
        "Total Revenue": 907,
        "Gross Profit": 179,
        "Operating Income": 141,
        "EBIT": 189,
        "Net Income": 63
    },
    "2012-06-30": {
        "Diluted EPS": 0.42,
        "Total Revenue": 996,
        "Gross Profit": 203,
        "Operating Income": 153,
        "EBIT": 201,
        "Net Income": 64
    },
    "2012-03-31": {
        "Diluted EPS": 0.33,
        "Total Revenue": 896,
        "Gross Profit": 166,
        "Operating Income": 123,
        "EBIT": 170,
        "Net Income": 53
    },
    "2011-12-31": {
        "Diluted EPS": 0.35,
        "Total Revenue": 805,
        "Gross Profit": 151,
        "Operating Income": 141,
        "EBIT": 184,
        "Net Income": 58
    },
    "2011-09-30": {
        "Diluted EPS": 0.2,
        "Total Revenue": 791,
        "Gross Profit": 157,
        "Operating Income": 105,
        "EBIT": 154,
        "Net Income": 31
    },
    "2011-06-30": {
        "Diluted EPS": 0.19,
        "Total Revenue": 708,
        "Gross Profit": 139,
        "Operating Income": 95,
        "EBIT": 143,
        "Net Income": 29
    },
    "2011-03-31": {
        "Diluted EPS": 0.15,
        "Total Revenue": 634,
        "Gross Profit": 134,
        "Operating Income": 86,
        "EBIT": 133,
        "Net Income": 24
    },
    "2010-12-31": {
        "Diluted EPS": 0.12,
        "Total Revenue": 394,
        "Gross Profit": 84,
        "Operating Income": 71,
        "EBIT": 109,
        "Net Income": 17
    },
    "2010-09-30": {
        "Diluted EPS": 0.19,
        "Total Revenue": 540,
        "Gross Profit": 130,
        "Operating Income": 92,
        "EBIT": 139,
        "Net Income": 30
    },
    "2010-06-30": {
        "Diluted EPS": 0.12,
        "Total Revenue": 543,
        "Gross Profit": 124,
        "Operating Income": 79,
        "EBIT": 127,
        "Net Income": 18
    },
    "2010-03-31": {
        "Diluted EPS": 0.01,
        "Total Revenue": 454,
        "Gross Profit": 100,
        "Operating Income": 52,
        "EBIT": 100,
        "Net Income": 2
    },
    "2009-12-31": {
        "Diluted EPS": 0.11,
        "Total Revenue": 354,
        "Gross Profit": 82,
        "Operating Income": 59,
        "EBIT": 99,
        "Net Income": 15
    },
    "2009-09-30": {
        "Diluted EPS": 0.15,
        "Total Revenue": 557,
        "Gross Profit": 108,
        "Operating Income": 65,
        "EBIT": 105,
        "Net Income": 23
    },
    "2009-06-30": {
        "Diluted EPS": -1.38,
        "Total Revenue": 716,
        "Gross Profit": 132,
        "Operating Income": -240,
        "EBIT": 125,
        "Net Income": -209
    },
    "2009-03-31": {
        "Diluted EPS": 0.22,
        "Total Revenue": 794,
        "Gross Profit": 135,
        "Operating Income": 86,
        "EBIT": 126,
        "Net Income": 34
    },
    "2023-09-30": {
        "Tax Effect Of Unusual Items": NaN,
        "Tax Rate For Calcs": NaN,
        "Normalized EBITDA": NaN,
        "Total Unusual Items": NaN,
        "Total Unusual Items Excluding Goodwill": NaN,
        "Net Income From Continuing Operation Net Minority Interest": NaN,
        "Reconciled Depreciation": NaN,
        "Reconciled Cost Of Revenue": NaN,
        "EBITDA": NaN,
        "EBIT": NaN,
        "Net Interest Income": NaN,
        "Interest Expense": NaN,
        "Normalized Income": NaN,
        "Net Income From Continuing And Discontinued Operation": NaN,
        "Total Expenses": NaN,
        "Total Operating Income As Reported": NaN,
        "Diluted Average Shares": 83500000.0,
        "Basic Average Shares": 81600000.0,
        "Diluted EPS": 0.26,
        "Basic EPS": 0.27,
        "Diluted NI Availto Com Stockholders": NaN,
        "Net Income Common Stockholders": NaN,
        "Net Income": NaN,
        "Minority Interests": NaN,
        "Net Income Including Noncontrolling Interests": NaN,
        "Net Income Discontinuous Operations": NaN,
        "Net Income Continuous Operations": NaN,
        "Tax Provision": NaN,
        "Pretax Income": NaN,
        "Other Income Expense": NaN,
        "Other Non Operating Income Expenses": NaN,
        "Special Income Charges": NaN,
        "Gain On Sale Of Ppe": NaN,
        "Restructuring And Mergern Acquisition": NaN,
        "Net Non Operating Interest Income Expense": NaN,
        "Interest Expense Non Operating": NaN,
        "Operating Income": NaN,
        "Operating Expense": NaN,
        "Selling General And Administration": NaN,
        "Gross Profit": NaN,
        "Cost Of Revenue": NaN,
        "Total Revenue": NaN,
        "Operating Revenue": NaN
    },
    "2023-12-31": {
        "Tax Effect Of Unusual Items": NaN,
        "Tax Rate For Calcs": NaN,
        "Normalized EBITDA": NaN,
        "Total Unusual Items": NaN,
        "Total Unusual Items Excluding Goodwill": NaN,
        "Net Income From Continuing Operation Net Minority Interest": NaN,
        "Reconciled Depreciation": NaN,
        "Reconciled Cost Of Revenue": NaN,
        "EBITDA": NaN,
        "EBIT": NaN,
        "Net Interest Income": NaN,
        "Interest Expense": NaN,
        "Normalized Income": NaN,
        "Net Income From Continuing And Discontinued Operation": NaN,
        "Total Expenses": NaN,
        "Total Operating Income As Reported": NaN,
        "Diluted Average Shares": NaN,
        "Basic Average Shares": NaN,
        "Diluted EPS": NaN,
        "Basic EPS": NaN,
        "Diluted NI Availto Com Stockholders": NaN,
        "Net Income Common Stockholders": NaN,
        "Net Income": NaN,
        "Minority Interests": NaN,
        "Net Income Including Noncontrolling Interests": NaN,
        "Net Income Discontinuous Operations": NaN,
        "Net Income Continuous Operations": NaN,
        "Tax Provision": NaN,
        "Pretax Income": NaN,
        "Other Income Expense": NaN,
        "Other Non Operating Income Expenses": NaN,
        "Special Income Charges": NaN,
        "Gain On Sale Of Ppe": NaN,
        "Restructuring And Mergern Acquisition": 0.0,
        "Net Non Operating Interest Income Expense": NaN,
        "Interest Expense Non Operating": NaN,
        "Operating Income": NaN,
        "Operating Expense": NaN,
        "Selling General And Administration": NaN,
        "Gross Profit": NaN,
        "Cost Of Revenue": NaN,
        "Total Revenue": NaN,
        "Operating Revenue": NaN
    },
    "2024-03-31": {
        "Tax Effect Of Unusual Items": NaN,
        "Tax Rate For Calcs": NaN,
        "Normalized EBITDA": NaN,
        "Total Unusual Items": NaN,
        "Total Unusual Items Excluding Goodwill": NaN,
        "Net Income From Continuing Operation Net Minority Interest": NaN,
        "Reconciled Depreciation": NaN,
        "Reconciled Cost Of Revenue": NaN,
        "EBITDA": NaN,
        "EBIT": NaN,
        "Net Interest Income": NaN,
        "Interest Expense": NaN,
        "Normalized Income": NaN,
        "Net Income From Continuing And Discontinued Operation": NaN,
        "Total Expenses": NaN,
        "Total Operating Income As Reported": NaN,
        "Diluted Average Shares": NaN,
        "Basic Average Shares": NaN,
        "Diluted EPS": NaN,
        "Basic EPS": NaN,
        "Diluted NI Availto Com Stockholders": NaN,
        "Net Income Common Stockholders": NaN,
        "Net Income": NaN,
        "Minority Interests": NaN,
        "Net Income Including Noncontrolling Interests": NaN,
        "Net Income Discontinuous Operations": NaN,
        "Net Income Continuous Operations": NaN,
        "Tax Provision": NaN,
        "Pretax Income": NaN,
        "Other Income Expense": NaN,
        "Other Non Operating Income Expenses": NaN,
        "Special Income Charges": NaN,
        "Gain On Sale Of Ppe": NaN,
        "Restructuring And Mergern Acquisition": 0.0,
        "Net Non Operating Interest Income Expense": NaN,
        "Interest Expense Non Operating": NaN,
        "Operating Income": NaN,
        "Operating Expense": NaN,
        "Selling General And Administration": NaN,
        "Gross Profit": NaN,
        "Cost Of Revenue": NaN,
        "Total Revenue": NaN,
        "Operating Revenue": NaN
    },
    "2024-06-30": {
        "Tax Effect Of Unusual Items": 5493400.0,
        "Tax Rate For Calcs": 0.227,
        "Normalized EBITDA": 194900000.0,
        "Total Unusual Items": 24200000.0,
        "Total Unusual Items Excluding Goodwill": 24200000.0,
        "Net Income From Continuing Operation Net Minority Interest": 56100000.0,
        "Reconciled Depreciation": 73800000.0,
        "Reconciled Cost Of Revenue": 662400000.0,
        "EBITDA": 219100000.0,
        "EBIT": 145300000.0,
        "Net Interest Income": -70100000.0,
        "Interest Expense": 70100000.0,
        "Normalized Income": 37393400.0,
        "Net Income From Continuing And Discontinued Operation": 54400000.0,
        "Total Expenses": 723700000.0,
        "Total Operating Income As Reported": 141900000.0,
        "Diluted Average Shares": 84100000.0,
        "Basic Average Shares": 82400000.0,
        "Diluted EPS": 0.65,
        "Basic EPS": 0.66,
        "Diluted NI Availto Com Stockholders": 54400000.0,
        "Net Income Common Stockholders": 54400000.0,
        "Net Income": 54400000.0,
        "Minority Interests": -2000000.0,
        "Net Income Including Noncontrolling Interests": 56400000.0,
        "Net Income Discontinuous Operations": -1700000.0,
        "Net Income Continuous Operations": 58100000.0,
        "Tax Provision": 17100000.0,
        "Pretax Income": 75200000.0,
        "Other Income Expense": 27600000.0,
        "Other Non Operating Income Expenses": 3400000.0,
        "Special Income Charges": 24200000.0,
        "Gain On Sale Of Ppe": 24200000.0,
        "Restructuring And Mergern Acquisition": 0.0,
        "Net Non Operating Interest Income Expense": -70100000.0,
        "Interest Expense Non Operating": 70100000.0,
        "Operating Income": 117700000.0,
        "Operating Expense": 61300000.0,
        "Selling General And Administration": 61300000.0,
        "Gross Profit": 179000000.0,
        "Cost Of Revenue": 662400000.0,
        "Total Revenue": 841400000.0,
        "Operating Revenue": 841400000.0
    },
    "2024-09-30": {
        "Tax Effect Of Unusual Items": 3711800.0,
        "Tax Rate For Calcs": 0.277,
        "Normalized EBITDA": 183400000.0,
        "Total Unusual Items": 13400000.0,
        "Total Unusual Items Excluding Goodwill": 13400000.0,
        "Net Income From Continuing Operation Net Minority Interest": 36700000.0,
        "Reconciled Depreciation": 73000000.0,
        "Reconciled Cost Of Revenue": 629300000.0,
        "EBITDA": 196800000.0,
        "EBIT": 123800000.0,
        "Net Interest Income": -67400000.0,
        "Interest Expense": 67400000.0,
        "Normalized Income": 27011800.0,
        "Net Income From Continuing And Discontinued Operation": 31400000.0,
        "Total Expenses": 689800000.0,
        "Total Operating Income As Reported": 122400000.0,
        "Diluted Average Shares": 84100000.0,
        "Basic Average Shares": 82200000.0,
        "Diluted EPS": 0.37,
        "Basic EPS": 0.38,
        "Diluted NI Availto Com Stockholders": 31400000.0,
        "Net Income Common Stockholders": 31400000.0,
        "Net Income": 31400000.0,
        "Minority Interests": -4100000.0,
        "Net Income Including Noncontrolling Interests": 35500000.0,
        "Net Income Discontinuous Operations": -5300000.0,
        "Net Income Continuous Operations": 40800000.0,
        "Tax Provision": 15600000.0,
        "Pretax Income": 56400000.0,
        "Other Income Expense": 14800000.0,
        "Other Non Operating Income Expenses": 1400000.0,
        "Special Income Charges": 13400000.0,
        "Gain On Sale Of Ppe": 13400000.0,
        "Restructuring And Mergern Acquisition": 0.0,
        "Net Non Operating Interest Income Expense": -67400000.0,
        "Interest Expense Non Operating": 67400000.0,
        "Operating Income": 109000000.0,
        "Operating Expense": 60500000.0,
        "Selling General And Administration": 60500000.0,
        "Gross Profit": 169500000.0,
        "Cost Of Revenue": 629300000.0,
        "Total Revenue": 798800000.0,
        "Operating Revenue": 798800000.0
    },
    "2024-12-31": {
        "Tax Effect Of Unusual Items": 2623578.947368,
        "Tax Rate For Calcs": 0.141053,
        "Normalized EBITDA": 169400000.0,
        "Total Unusual Items": 18600000.0,
        "Total Unusual Items Excluding Goodwill": 18600000.0,
        "Net Income From Continuing Operation Net Minority Interest": 31900000.0,
        "Reconciled Depreciation": 73600000.0,
        "Reconciled Cost Of Revenue": 474400000.0,
        "EBITDA": 188000000.0,
        "EBIT": 114400000.0,
        "Net Interest Income": -66900000.0,
        "Interest Expense": 66900000.0,
        "Normalized Income": 15923578.947368,
        "Net Income From Continuing And Discontinued Operation": 28900000.0,
        "Total Expenses": 536000000.0,
        "Total Operating Income As Reported": 112000000.0,
        "Diluted Average Shares": 84500000.0,
        "Basic Average Shares": 81900000.0,
        "Diluted EPS": 0.34,
        "Basic EPS": 0.35,
        "Diluted NI Availto Com Stockholders": 28900000.0,
        "Net Income Common Stockholders": 28900000.0,
        "Net Income": 28900000.0,
        "Minority Interests": -8900000.0,
        "Net Income Including Noncontrolling Interests": 37800000.0,
        "Net Income Discontinuous Operations": -3000000.0,
        "Net Income Continuous Operations": 40800000.0,
        "Tax Provision": 6700000.0,
        "Pretax Income": 47500000.0,
        "Other Income Expense": 21000000.0,
        "Other Non Operating Income Expenses": 2400000.0,
        "Special Income Charges": 18600000.0,
        "Gain On Sale Of Ppe": 22900000.0,
        "Restructuring And Mergern Acquisition": 4300000.0,
        "Net Non Operating Interest Income Expense": -66900000.0,
        "Interest Expense Non Operating": 66900000.0,
        "Operating Income": 93400000.0,
        "Operating Expense": 61600000.0,
        "Selling General And Administration": 61600000.0,
        "Gross Profit": 155000000.0,
        "Cost Of Revenue": 474400000.0,
        "Total Revenue": 629400000.0,
        "Operating Revenue": 629400000.0
    },
    "2025-03-31": {
        "Tax Effect Of Unusual Items": 1542800.0,
        "Tax Rate For Calcs": 0.203,
        "Normalized EBITDA": 169200000.0,
        "Total Unusual Items": 7600000.0,
        "Total Unusual Items Excluding Goodwill": 7600000.0,
        "Net Income From Continuing Operation Net Minority Interest": 24000000.0,
        "Reconciled Depreciation": 74300000.0,
        "Reconciled Cost Of Revenue": 443200000.0,
        "EBITDA": 176800000.0,
        "EBIT": 102500000.0,
        "Net Interest Income": -66100000.0,
        "Interest Expense": 66100000.0,
        "Normalized Income": 17942800.0,
        "Net Income From Continuing And Discontinued Operation": 22100000.0,
        "Total Expenses": 493200000.0,
        "Total Operating Income As Reported": 99800000.0,
        "Diluted Average Shares": 83800000.0,
        "Basic Average Shares": 81600000.0,
        "Diluted EPS": 0.26,
        "Basic EPS": 0.27,
        "Diluted NI Availto Com Stockholders": 22100000.0,
        "Net Income Common Stockholders": 22100000.0,
        "Net Income": 22100000.0,
        "Minority Interests": -5000000.0,
        "Net Income Including Noncontrolling Interests": 27100000.0,
        "Net Income Discontinuous Operations": -1900000.0,
        "Net Income Continuous Operations": 29000000.0,
        "Tax Provision": 7400000.0,
        "Pretax Income": 36400000.0,
        "Other Income Expense": 10300000.0,
        "Other Non Operating Income Expenses": 2700000.0,
        "Special Income Charges": 7600000.0,
        "Gain On Sale Of Ppe": 7600000.0,
        "Restructuring And Mergern Acquisition": NaN,
        "Net Non Operating Interest Income Expense": -66100000.0,
        "Interest Expense Non Operating": 66100000.0,
        "Operating Income": 92200000.0,
        "Operating Expense": 50000000.0,
        "Selling General And Administration": 50000000.0,
        "Gross Profit": 142200000.0,
        "Cost Of Revenue": 443200000.0,
        "Total Revenue": 585400000.0,
        "Operating Revenue": 585400000.0
    },
    "2025-06-30": {
        "Tax Effect Of Unusual Items": 1801200.0,
        "Tax Rate For Calcs": 0.158,
        "Normalized EBITDA": 157500000.0,
        "Total Unusual Items": 11400000.0,
        "Total Unusual Items Excluding Goodwill": 11400000.0,
        "Net Income From Continuing Operation Net Minority Interest": 16000000.0,
        "Reconciled Depreciation": 75200000.0,
        "Reconciled Cost Of Revenue": 372800000.0,
        "EBITDA": 168900000.0,
        "EBIT": 93700000.0,
        "Net Interest Income": -67700000.0,
        "Interest Expense": 67700000.0,
        "Normalized Income": 6401200.0,
        "Net Income From Continuing And Discontinued Operation": 14100000.0,
        "Total Expenses": 422200000.0,
        "Total Operating Income As Reported": 95400000.0,
        "Diluted Average Shares": 82900000.0,
        "Basic Average Shares": 81300000.0,
        "Diluted EPS": 0.17,
        "Basic EPS": 0.17,
        "Diluted NI Availto Com Stockholders": 14100000.0,
        "Net Income Common Stockholders": 14100000.0,
        "Net Income": 14100000.0,
        "Minority Interests": -5900000.0,
        "Net Income Including Noncontrolling Interests": 20000000.0,
        "Net Income Discontinuous Operations": -1900000.0,
        "Net Income Continuous Operations": 21900000.0,
        "Tax Provision": 4100000.0,
        "Pretax Income": 26000000.0,
        "Other Income Expense": 9700000.0,
        "Other Non Operating Income Expenses": -1700000.0,
        "Special Income Charges": 11400000.0,
        "Gain On Sale Of Ppe": 11400000.0,
        "Restructuring And Mergern Acquisition": NaN,
        "Net Non Operating Interest Income Expense": -67700000.0,
        "Interest Expense Non Operating": 67700000.0,
        "Operating Income": 84000000.0,
        "Operating Expense": 49400000.0,
        "Selling General And Administration": 49400000.0,
        "Gross Profit": 133400000.0,
        "Cost Of Revenue": 372800000.0,
        "Total Revenue": 506200000.0,
        "Operating Revenue": 506200000.0
    }
}