{
    "2023-03-31": {
        "Tax Effect Of Unusual Items": 0.0,
        "Tax Rate For Calcs": 0.242022,
        "Normalized EBITDA": 8567000.0,
        "Net Income From Continuing Operation Net Minority Interest": 3658000.0,
        "Reconciled Depreciation": 2712000.0,
        "Reconciled Cost Of Revenue": 42917000.0,
        "EBITDA": 8567000.0,
        "EBIT": 5855000.0,
        "Net Interest Income": -1029000.0,
        "Interest Expense": 1029000.0,
        "Interest Income": NaN,
        "Normalized Income": 3658000.0,
        "Net Income From Continuing And Discontinued Operation": 3658000.0,
        "Total Expenses": 56212000.0,
        "Total Operating Income As Reported": 5855000.0,
        "Diluted Average Shares": NaN,
        "Basic Average Shares": NaN,
        "Diluted EPS": NaN,
        "Basic EPS": NaN,
        "Diluted NI Availto Com Stockholders": 3658000.0,
        "Net Income Common Stockholders": 3658000.0,
        "Net Income": 3658000.0,
        "Net Income Including Noncontrolling Interests": 3658000.0,
        "Net Income Continuous Operations": 3658000.0,
        "Tax Provision": 1168000.0,
        "Pretax Income": 4826000.0,
        "Other Income Expense": NaN,
        "Other Non Operating Income Expenses": NaN,
        "Net Non Operating Interest Income Expense": -1029000.0,
        "Interest Expense Non Operating": 1029000.0,
        "Interest Income Non Operating": NaN,
        "Operating Income": 5855000.0,
        "Operating Expense": 13295000.0,
        "Selling General And Administration": 13295000.0,
        "Selling And Marketing Expense": 6446000.0,
        "General And Administrative Expense": 6849000.0,
        "Other Gand A": 6849000.0,
        "Gross Profit": 19150000.0,
        "Cost Of Revenue": 42917000.0,
        "Total Revenue": 62067000.0,
        "Operating Revenue": 62067000.0
    },
    "2022-12-31": {
        "Tax Effect Of Unusual Items": NaN,
        "Tax Rate For Calcs": NaN,
        "Normalized EBITDA": NaN,
        "Net Income From Continuing Operation Net Minority Interest": NaN,
        "Reconciled Depreciation": NaN,
        "Reconciled Cost Of Revenue": NaN,
        "EBITDA": NaN,
        "EBIT": NaN,
        "Net Interest Income": NaN,
        "Interest Expense": NaN,
        "Interest Income": 5000.0,
        "Normalized Income": NaN,
        "Net Income From Continuing And Discontinued Operation": NaN,
        "Total Expenses": NaN,
        "Total Operating Income As Reported": NaN,
        "Diluted Average Shares": 7666000.0,
        "Basic Average Shares": 7559000.0,
        "Diluted EPS": 0.21,
        "Basic EPS": 0.21,
        "Diluted NI Availto Com Stockholders": NaN,
        "Net Income Common Stockholders": NaN,
        "Net Income": NaN,
        "Net Income Including Noncontrolling Interests": NaN,
        "Net Income Continuous Operations": NaN,
        "Tax Provision": NaN,
        "Pretax Income": NaN,
        "Other Income Expense": -313000.0,
        "Other Non Operating Income Expenses": -313000.0,
        "Net Non Operating Interest Income Expense": NaN,
        "Interest Expense Non Operating": NaN,
        "Interest Income Non Operating": 5000.0,
        "Operating Income": NaN,
        "Operating Expense": NaN,
        "Selling General And Administration": NaN,
        "Selling And Marketing Expense": NaN,
        "General And Administrative Expense": NaN,
        "Other Gand A": NaN,
        "Gross Profit": NaN,
        "Cost Of Revenue": NaN,
        "Total Revenue": NaN,
        "Operating Revenue": NaN
    },
    "2022-09-30": {
        "Tax Effect Of Unusual Items": NaN,
        "Tax Rate For Calcs": NaN,
        "Normalized EBITDA": NaN,
        "Net Income From Continuing Operation Net Minority Interest": NaN,
        "Reconciled Depreciation": NaN,
        "Reconciled Cost Of Revenue": NaN,
        "EBITDA": NaN,
        "EBIT": NaN,
        "Net Interest Income": NaN,
        "Interest Expense": NaN,
        "Interest Income": NaN,
        "Normalized Income": NaN,
        "Net Income From Continuing And Discontinued Operation": NaN,
        "Total Expenses": NaN,
        "Total Operating Income As Reported": NaN,
        "Diluted Average Shares": 7646000.0,
        "Basic Average Shares": 7550000.0,
        "Diluted EPS": 0.31,
        "Basic EPS": 0.31,
        "Diluted NI Availto Com Stockholders": NaN,
        "Net Income Common Stockholders": NaN,
        "Net Income": NaN,
        "Net Income Including Noncontrolling Interests": NaN,
        "Net Income Continuous Operations": NaN,
        "Tax Provision": NaN,
        "Pretax Income": NaN,
        "Other Income Expense": NaN,
        "Other Non Operating Income Expenses": NaN,
        "Net Non Operating Interest Income Expense": NaN,
        "Interest Expense Non Operating": NaN,
        "Interest Income Non Operating": NaN,
        "Operating Income": NaN,
        "Operating Expense": NaN,
        "Selling General And Administration": NaN,
        "Selling And Marketing Expense": NaN,
        "General And Administrative Expense": NaN,
        "Other Gand A": NaN,
        "Gross Profit": NaN,
        "Cost Of Revenue": NaN,
        "Total Revenue": NaN,
        "Operating Revenue": NaN
    },
    "2022-06-30": {
        "Tax Effect Of Unusual Items": 0.0,
        "Tax Rate For Calcs": 0.109,
        "Normalized EBITDA": 6245000.0,
        "Net Income From Continuing Operation Net Minority Interest": 3072000.0,
        "Reconciled Depreciation": 2641000.0,
        "Reconciled Cost Of Revenue": 38623000.0,
        "EBITDA": 6245000.0,
        "EBIT": 3604000.0,
        "Net Interest Income": -156000.0,
        "Interest Expense": 156000.0,
        "Normalized Income": 3072000.0,
        "Net Income From Continuing And Discontinued Operation": 3072000.0,
        "Total Expenses": 51057000.0,
        "Total Operating Income As Reported": 3604000.0,
        "Diluted Average Shares": 7629000.0,
        "Basic Average Shares": 7535000.0,
        "Diluted EPS": 0.4,
        "Basic EPS": 0.41,
        "Diluted NI Availto Com Stockholders": 3072000.0,
        "Net Income Common Stockholders": 3072000.0,
        "Net Income": 3072000.0,
        "Net Income Including Noncontrolling Interests": 3072000.0,
        "Net Income Continuous Operations": 3072000.0,
        "Tax Provision": 376000.0,
        "Pretax Income": 3448000.0,
        "Net Non Operating Interest Income Expense": -156000.0,
        "Interest Expense Non Operating": 156000.0,
        "Operating Income": 3604000.0,
        "Operating Expense": 12434000.0,
        "Selling General And Administration": 12434000.0,
        "Selling And Marketing Expense": 5820000.0,
        "General And Administrative Expense": 6614000.0,
        "Other Gand A": 6614000.0,
        "Gross Profit": 16038000.0,
        "Cost Of Revenue": 38623000.0,
        "Total Revenue": 54661000.0,
        "Operating Revenue": 54661000.0
    },
    "2023-06-30": {
        "Tax Effect Of Unusual Items": NaN,
        "Tax Rate For Calcs": NaN,
        "Normalized EBITDA": NaN,
        "Net Income From Continuing Operation Net Minority Interest": NaN,
        "Reconciled Depreciation": NaN,
        "Reconciled Cost Of Revenue": NaN,
        "EBITDA": NaN,
        "EBIT": NaN,
        "Net Interest Income": NaN,
        "Interest Expense": NaN,
        "Interest Income": NaN,
        "Normalized Income": NaN,
        "Net Income From Continuing And Discontinued Operation": NaN,
        "Total Expenses": NaN,
        "Total Operating Income As Reported": NaN,
        "Diluted Average Shares": 7762000.0,
        "Basic Average Shares": 7622000.0,
        "Diluted EPS": 0.38,
        "Basic EPS": 0.39,
        "Diluted NI Availto Com Stockholders": NaN,
        "Net Income Common Stockholders": NaN,
        "Net Income": NaN,
        "Net Income Including Noncontrolling Interests": NaN,
        "Net Income Continuous Operations": NaN,
        "Tax Provision": NaN,
        "Pretax Income": NaN,
        "Other Income Expense": NaN,
        "Other Non Operating Income Expenses": NaN,
        "Net Non Operating Interest Income Expense": NaN,
        "Interest Expense Non Operating": NaN,
        "Interest Income Non Operating": NaN,
        "Operating Income": NaN,
        "Operating Expense": NaN,
        "Selling General And Administration": NaN,
        "Selling And Marketing Expense": NaN,
        "General And Administrative Expense": NaN,
        "Other Gand A": NaN,
        "Gross Profit": NaN,
        "Cost Of Revenue": NaN,
        "Total Revenue": NaN,
        "Operating Revenue": NaN
    },
    "2022-03-31": {
        "Diluted EPS": 0.4,
        "Total Revenue": 56,
        "Gross Profit": 17,
        "Operating Income": 5,
        "EBIT": 7,
        "Net Income": 3
    },
    "2021-12-31": {
        "Diluted EPS": 0.21,
        "Total Revenue": 51,
        "Gross Profit": 14,
        "Operating Income": 2,
        "EBIT": 5,
        "Net Income": 2
    },
    "2021-09-30": {
        "Diluted EPS": 0.4,
        "Total Revenue": 50,
        "Gross Profit": 15,
        "Operating Income": 4,
        "EBIT": 6,
        "Net Income": 3
    },
    "2021-06-30": {
        "Diluted EPS": 0.49,
        "Total Revenue": 48,
        "Gross Profit": 14,
        "Operating Income": 4,
        "EBIT": 6,
        "Net Income": 4
    },
    "2021-03-31": {
        "Diluted EPS": 0.42,
        "Total Revenue": 49,
        "Gross Profit": 14,
        "Operating Income": 5,
        "EBIT": 6,
        "Net Income": 3
    },
    "2020-12-31": {
        "Diluted EPS": 0.23,
        "Total Revenue": 44,
        "Gross Profit": 11,
        "Operating Income": 3,
        "EBIT": 4,
        "Net Income": 2
    },
    "2020-09-30": {
        "Diluted EPS": 0.27,
        "Total Revenue": 42,
        "Gross Profit": 11,
        "Operating Income": 3,
        "EBIT": 5,
        "Net Income": 2
    },
    "2020-06-30": {
        "Diluted EPS": 0.11,
        "Total Revenue": 39,
        "Gross Profit": 9,
        "Operating Income": 1,
        "EBIT": 3,
        "Net Income": 1
    },
    "2020-03-31": {
        "Diluted EPS": 0.33,
        "Total Revenue": 46,
        "Gross Profit": 12,
        "Operating Income": 4,
        "EBIT": 5,
        "Net Income": 2
    },
    "2019-12-31": {
        "Diluted EPS": 0.2,
        "Total Revenue": 43,
        "Gross Profit": 10,
        "Operating Income": 2,
        "EBIT": 4,
        "Net Income": 1
    },
    "2019-09-30": {
        "Diluted EPS": 0.32,
        "Total Revenue": 42,
        "Gross Profit": 10,
        "Operating Income": 3,
        "EBIT": 5,
        "Net Income": 2
    },
    "2019-06-30": {
        "Diluted EPS": 0.23,
        "Total Revenue": 42,
        "Gross Profit": 10,
        "Operating Income": 2,
        "EBIT": 4,
        "Net Income": 2
    },
    "2019-03-31": {
        "Diluted EPS": 0.35,
        "Total Revenue": 44,
        "Gross Profit": 12,
        "Operating Income": 4,
        "EBIT": 5,
        "Net Income": 3
    },
    "2018-12-31": {
        "Diluted EPS": 0.21,
        "Total Revenue": 41,
        "Gross Profit": 10,
        "Operating Income": 2,
        "EBIT": 4,
        "Net Income": 2
    },
    "2018-09-30": {
        "Diluted EPS": 0.2,
        "Total Revenue": 39,
        "Gross Profit": 9,
        "Operating Income": 2,
        "EBIT": 4,
        "Net Income": 1
    },
    "2018-06-30": {
        "Diluted EPS": 0.19,
        "Total Revenue": 37,
        "Gross Profit": 9,
        "Operating Income": 2,
        "EBIT": 4,
        "Net Income": 1
    },
    "2018-03-31": {
        "Diluted EPS": 0.33,
        "Total Revenue": 42,
        "Gross Profit": 11,
        "Operating Income": 4,
        "EBIT": 5,
        "Net Income": 2
    },
    "2017-12-31": {
        "Diluted EPS": 0.25,
        "Total Revenue": 40,
        "Gross Profit": 10,
        "Operating Income": 3,
        "EBIT": 4,
        "Net Income": 2
    },
    "2017-09-30": {
        "Diluted EPS": 0.11,
        "Total Revenue": 36,
        "Gross Profit": 8,
        "Operating Income": 1,
        "EBIT": 3,
        "Net Income": 1
    },
    "2017-06-30": {
        "Diluted EPS": 0.12,
        "Total Revenue": 36,
        "Gross Profit": 9,
        "Operating Income": 1,
        "EBIT": 3,
        "Net Income": 1
    },
    "2017-03-31": {
        "Diluted EPS": 0.2,
        "Total Revenue": 38,
        "Gross Profit": 10,
        "Operating Income": 3,
        "EBIT": 4,
        "Net Income": 1
    },
    "2016-12-31": {
        "Diluted EPS": 0.18,
        "Total Revenue": 38,
        "Gross Profit": 9,
        "Operating Income": 2,
        "EBIT": 4,
        "Net Income": 1
    },
    "2016-09-30": {
        "Diluted EPS": 0.13,
        "Total Revenue": 34,
        "Gross Profit": 8,
        "Operating Income": 2,
        "EBIT": 3,
        "Net Income": 1
    },
    "2016-06-30": {
        "Diluted EPS": 0.13,
        "Total Revenue": 33,
        "Gross Profit": 8,
        "Operating Income": 1,
        "EBIT": 3,
        "Net Income": 1
    },
    "2016-03-31": {
        "Diluted EPS": 0.23,
        "Total Revenue": 33,
        "Gross Profit": 9,
        "Operating Income": 2,
        "EBIT": 3,
        "Net Income": 2
    },
    "2015-12-31": {
        "Diluted EPS": 0.15,
        "Total Revenue": 30,
        "Gross Profit": 7,
        "Operating Income": 2,
        "EBIT": 3,
        "Net Income": 1
    },
    "2015-09-30": {
        "Diluted EPS": 0.12,
        "Total Revenue": 29,
        "Gross Profit": 7,
        "Operating Income": 1,
        "EBIT": 2,
        "Net Income": 1
    },
    "2015-06-30": {
        "Diluted EPS": 0.08,
        "Total Revenue": 30,
        "Gross Profit": 7,
        "Operating Income": 1,
        "EBIT": 2,
        "Net Income": 1
    },
    "2015-03-31": {
        "Diluted EPS": 0.28,
        "Total Revenue": 32,
        "Gross Profit": 8,
        "Operating Income": 3,
        "EBIT": 4,
        "Net Income": 2
    },
    "2014-12-31": {
        "Diluted EPS": 0.11,
        "Total Revenue": 31,
        "Gross Profit": 7,
        "Operating Income": 1,
        "EBIT": 2,
        "Net Income": 1
    },
    "2014-09-30": {
        "Diluted EPS": 0.12,
        "Total Revenue": 31,
        "Gross Profit": 7,
        "Operating Income": 2,
        "EBIT": 2,
        "Net Income": 1
    },
    "2014-06-30": {
        "Diluted EPS": 0.06,
        "Total Revenue": 29,
        "Gross Profit": 7,
        "Operating Income": 1,
        "EBIT": 1,
        "Net Income": 0
    },
    "2014-03-31": {
        "Diluted EPS": 0.24,
        "Total Revenue": 30,
        "Gross Profit": 9,
        "Operating Income": 3,
        "EBIT": 4,
        "Net Income": 2
    },
    "2013-12-31": {
        "Diluted EPS": 0.11,
        "Total Revenue": 31,
        "Gross Profit": 7,
        "Operating Income": 1,
        "EBIT": 2,
        "Net Income": 1
    },
    "2013-09-30": {
        "Diluted EPS": 0.1,
        "Total Revenue": 29,
        "Gross Profit": 7,
        "Operating Income": 1,
        "EBIT": 2,
        "Net Income": 1
    },
    "2013-06-30": {
        "Diluted EPS": 0.09,
        "Total Revenue": 29,
        "Gross Profit": 7,
        "Operating Income": 1,
        "EBIT": 2,
        "Net Income": 1
    },
    "2013-03-31": {
        "Diluted EPS": 0.24,
        "Total Revenue": 31,
        "Gross Profit": 8,
        "Operating Income": 3,
        "EBIT": 4,
        "Net Income": 2
    },
    "2012-12-31": {
        "Diluted EPS": 0.1,
        "Total Revenue": 29,
        "Gross Profit": 7,
        "Operating Income": 1,
        "EBIT": 2,
        "Net Income": 1
    },
    "2012-09-30": {
        "Diluted EPS": 0.1,
        "Total Revenue": 27,
        "Gross Profit": 6,
        "Operating Income": 1,
        "EBIT": 2,
        "Net Income": 1
    },
    "2012-06-30": {
        "Diluted EPS": 0.05,
        "Total Revenue": 25,
        "Gross Profit": 6,
        "Operating Income": 1,
        "EBIT": 1,
        "Net Income": 0
    },
    "2012-03-31": {
        "Diluted EPS": 0.16,
        "Total Revenue": 31,
        "Gross Profit": 8,
        "Operating Income": 2,
        "EBIT": 3,
        "Net Income": 1
    },
    "2011-12-31": {
        "Diluted EPS": 0.13,
        "Total Revenue": 28,
        "Gross Profit": 7,
        "Operating Income": 2,
        "EBIT": 2,
        "Net Income": 1
    },
    "2011-09-30": {
        "Diluted EPS": 0.1,
        "Total Revenue": 25,
        "Gross Profit": 6,
        "Operating Income": 1,
        "EBIT": 2,
        "Net Income": 1
    },
    "2011-06-30": {
        "Diluted EPS": 0.04,
        "Total Revenue": 26,
        "Gross Profit": 6,
        "Operating Income": 1,
        "EBIT": 1,
        "Net Income": 0
    },
    "2011-03-31": {
        "Diluted EPS": 0.14,
        "Total Revenue": 26,
        "Gross Profit": 7,
        "Operating Income": 2,
        "EBIT": 2,
        "Net Income": 1
    },
    "2010-12-31": {
        "Diluted EPS": 0.12,
        "Total Revenue": 24,
        "Gross Profit": 6,
        "Operating Income": 1,
        "EBIT": 2,
        "Net Income": 1
    },
    "2010-09-30": {
        "Diluted EPS": 0.07,
        "Total Revenue": 21,
        "Gross Profit": 5,
        "Operating Income": 1,
        "EBIT": 1,
        "Net Income": 1
    },
    "2010-06-30": {
        "Diluted EPS": 0.04,
        "Total Revenue": 21,
        "Gross Profit": 5,
        "Operating Income": 0,
        "EBIT": 1,
        "Net Income": 0
    },
    "2010-03-31": {
        "Diluted EPS": 0.12,
        "Total Revenue": 24,
        "Gross Profit": 6,
        "Operating Income": 1,
        "EBIT": 2,
        "Net Income": 1
    },
    "2009-12-31": {
        "Diluted EPS": 0.06,
        "Total Revenue": 22,
        "Gross Profit": 5,
        "Operating Income": 1,
        "EBIT": 1,
        "Net Income": 0
    },
    "2009-09-30": {
        "Diluted EPS": 0.02,
        "Total Revenue": 18,
        "Gross Profit": 4,
        "Operating Income": 0,
        "EBIT": 1,
        "Net Income": 0
    },
    "2009-06-30": {
        "Diluted EPS": -0.01,
        "Total Revenue": 17,
        "Gross Profit": 4,
        "Operating Income": 0,
        "EBIT": 0,
        "Net Income": 0
    },
    "2009-03-31": {
        "Diluted EPS": 0.07,
        "Total Revenue": 19,
        "Gross Profit": 5,
        "Operating Income": 1,
        "EBIT": 1,
        "Net Income": 1
    },
    "2023-09-30": {
        "Tax Effect Of Unusual Items": NaN,
        "Tax Rate For Calcs": NaN,
        "Normalized EBITDA": NaN,
        "Net Income From Continuing Operation Net Minority Interest": NaN,
        "Reconciled Depreciation": NaN,
        "Reconciled Cost Of Revenue": NaN,
        "EBITDA": NaN,
        "EBIT": NaN,
        "Net Interest Income": NaN,
        "Interest Expense": NaN,
        "Interest Income": NaN,
        "Normalized Income": NaN,
        "Net Income From Continuing And Discontinued Operation": NaN,
        "Total Expenses": NaN,
        "Total Operating Income As Reported": NaN,
        "Diluted Average Shares": 7948000.0,
        "Basic Average Shares": 7819000.0,
        "Diluted EPS": 0.06,
        "Basic EPS": 0.06,
        "Diluted NI Availto Com Stockholders": NaN,
        "Net Income Common Stockholders": NaN,
        "Net Income": NaN,
        "Net Income Including Noncontrolling Interests": NaN,
        "Net Income Continuous Operations": NaN,
        "Tax Provision": NaN,
        "Pretax Income": NaN,
        "Other Income Expense": NaN,
        "Other Non Operating Income Expenses": NaN,
        "Net Non Operating Interest Income Expense": NaN,
        "Interest Expense Non Operating": NaN,
        "Interest Income Non Operating": NaN,
        "Operating Income": NaN,
        "Operating Expense": NaN,
        "Selling General And Administration": NaN,
        "Selling And Marketing Expense": NaN,
        "General And Administrative Expense": NaN,
        "Other Gand A": NaN,
        "Gross Profit": NaN,
        "Cost Of Revenue": NaN,
        "Total Revenue": NaN,
        "Operating Revenue": NaN
    },
    "2023-12-31": {
        "Tax Effect Of Unusual Items": NaN,
        "Tax Rate For Calcs": 0.216109,
        "Normalized EBITDA": 8115000.0,
        "Net Income From Continuing Operation Net Minority Interest": NaN,
        "Reconciled Depreciation": 3763000.0,
        "Reconciled Cost Of Revenue": 44230000.0,
        "EBITDA": 8115000.0,
        "EBIT": 4352000.0,
        "Net Interest Income": 266000.0,
        "Interest Expense": 81000.0,
        "Interest Income": 347000.0,
        "Normalized Income": 3348000.0,
        "Net Income From Continuing And Discontinued Operation": NaN,
        "Total Expenses": 60872000.0,
        "Total Operating Income As Reported": 4294000.0,
        "Diluted Average Shares": 8752000.0,
        "Basic Average Shares": 8615000.0,
        "Diluted EPS": 0.38,
        "Basic EPS": 0.39,
        "Diluted NI Availto Com Stockholders": 3348000.0,
        "Net Income Common Stockholders": 3348000.0,
        "Net Income": 3348000.0,
        "Net Income Including Noncontrolling Interests": 3348000.0,
        "Net Income Continuous Operations": 3348000.0,
        "Tax Provision": 923000.0,
        "Pretax Income": 4271000.0,
        "Other Income Expense": -289000.0,
        "Other Non Operating Income Expenses": -289000.0,
        "Net Non Operating Interest Income Expense": 266000.0,
        "Interest Expense Non Operating": 81000.0,
        "Interest Income Non Operating": 347000.0,
        "Operating Income": 4294000.0,
        "Operating Expense": NaN,
        "Selling General And Administration": 16642000.0,
        "Selling And Marketing Expense": 7519000.0,
        "General And Administrative Expense": 9123000.0,
        "Other Gand A": 9123000.0,
        "Gross Profit": 20936000.0,
        "Cost Of Revenue": 44230000.0,
        "Total Revenue": 65166000.0,
        "Operating Revenue": 65166000.0
    },
    "2024-03-31": {
        "Tax Effect Of Unusual Items": 0.0,
        "Tax Rate For Calcs": 0.282591,
        "Normalized EBITDA": 13357000.0,
        "Net Income From Continuing Operation Net Minority Interest": 6890000.0,
        "Reconciled Depreciation": 3703000.0,
        "Reconciled Cost Of Revenue": 46878000.0,
        "EBITDA": 13357000.0,
        "EBIT": 9654000.0,
        "Net Interest Income": 411000.0,
        "Interest Expense": 50000.0,
        "Interest Income": 461000.0,
        "Normalized Income": 6890000.0,
        "Net Income From Continuing And Discontinued Operation": 6890000.0,
        "Total Expenses": 61709000.0,
        "Total Operating Income As Reported": 9204000.0,
        "Diluted Average Shares": NaN,
        "Basic Average Shares": NaN,
        "Diluted EPS": NaN,
        "Basic EPS": NaN,
        "Diluted NI Availto Com Stockholders": 6890000.0,
        "Net Income Common Stockholders": 6890000.0,
        "Net Income": 6890000.0,
        "Net Income Including Noncontrolling Interests": 6890000.0,
        "Net Income Continuous Operations": 6890000.0,
        "Tax Provision": 2714000.0,
        "Pretax Income": 9604000.0,
        "Other Income Expense": -11000.0,
        "Other Non Operating Income Expenses": -11000.0,
        "Net Non Operating Interest Income Expense": 411000.0,
        "Interest Expense Non Operating": 50000.0,
        "Interest Income Non Operating": 461000.0,
        "Operating Income": 9204000.0,
        "Operating Expense": 14831000.0,
        "Selling General And Administration": 14831000.0,
        "Selling And Marketing Expense": 7866000.0,
        "General And Administrative Expense": 6965000.0,
        "Other Gand A": 6965000.0,
        "Gross Profit": 24035000.0,
        "Cost Of Revenue": 46878000.0,
        "Total Revenue": 70913000.0,
        "Operating Revenue": 70913000.0
    },
    "2024-06-30": {
        "Tax Effect Of Unusual Items": 0.0,
        "Tax Rate For Calcs": 0.157,
        "Normalized EBITDA": 9393000.0,
        "Net Income From Continuing Operation Net Minority Interest": 4408000.0,
        "Reconciled Depreciation": 4113000.0,
        "Reconciled Cost Of Revenue": 44052000.0,
        "EBITDA": 9393000.0,
        "EBIT": 5280000.0,
        "Net Interest Income": 260000.0,
        "Interest Expense": 52000.0,
        "Interest Income": 312000.0,
        "Normalized Income": 4408000.0,
        "Net Income From Continuing And Discontinued Operation": 4408000.0,
        "Total Expenses": 61608000.0,
        "Total Operating Income As Reported": 5099000.0,
        "Diluted Average Shares": 9196000.0,
        "Basic Average Shares": 9064000.0,
        "Diluted EPS": 0.48,
        "Basic EPS": 0.49,
        "Diluted NI Availto Com Stockholders": 4408000.0,
        "Net Income Common Stockholders": 4408000.0,
        "Net Income": 4408000.0,
        "Net Income Including Noncontrolling Interests": 4408000.0,
        "Net Income Continuous Operations": 4408000.0,
        "Tax Provision": 820000.0,
        "Pretax Income": 5228000.0,
        "Other Income Expense": -131000.0,
        "Other Non Operating Income Expenses": -131000.0,
        "Net Non Operating Interest Income Expense": 260000.0,
        "Interest Expense Non Operating": 52000.0,
        "Interest Income Non Operating": 312000.0,
        "Operating Income": 5099000.0,
        "Operating Expense": 17556000.0,
        "Selling General And Administration": 17556000.0,
        "Selling And Marketing Expense": 7801000.0,
        "General And Administrative Expense": 9755000.0,
        "Other Gand A": 9755000.0,
        "Gross Profit": 22655000.0,
        "Cost Of Revenue": 44052000.0,
        "Total Revenue": 66707000.0,
        "Operating Revenue": 66707000.0
    },
    "2024-09-30": {
        "Tax Effect Of Unusual Items": 0.0,
        "Tax Rate For Calcs": 0.115,
        "Normalized EBITDA": 8189000.0,
        "Net Income From Continuing Operation Net Minority Interest": 3286000.0,
        "Reconciled Depreciation": 4400000.0,
        "Reconciled Cost Of Revenue": 46620000.0,
        "EBITDA": 8189000.0,
        "EBIT": 3789000.0,
        "Net Interest Income": 210000.0,
        "Interest Expense": 76000.0,
        "Interest Income": 286000.0,
        "Normalized Income": 3286000.0,
        "Net Income From Continuing And Discontinued Operation": 3286000.0,
        "Total Expenses": 64091000.0,
        "Total Operating Income As Reported": 3735000.0,
        "Diluted Average Shares": 9282000.0,
        "Basic Average Shares": 9160000.0,
        "Diluted EPS": 0.35,
        "Basic EPS": 0.36,
        "Diluted NI Availto Com Stockholders": 3286000.0,
        "Net Income Common Stockholders": 3286000.0,
        "Net Income": 3286000.0,
        "Net Income Including Noncontrolling Interests": 3286000.0,
        "Net Income Continuous Operations": 3286000.0,
        "Tax Provision": 427000.0,
        "Pretax Income": 3713000.0,
        "Other Income Expense": -232000.0,
        "Other Non Operating Income Expenses": -232000.0,
        "Net Non Operating Interest Income Expense": 210000.0,
        "Interest Expense Non Operating": 76000.0,
        "Interest Income Non Operating": 286000.0,
        "Operating Income": 3735000.0,
        "Operating Expense": 17471000.0,
        "Selling General And Administration": 17471000.0,
        "Selling And Marketing Expense": 8181000.0,
        "General And Administrative Expense": 9290000.0,
        "Other Gand A": 9290000.0,
        "Gross Profit": 21206000.0,
        "Cost Of Revenue": 46620000.0,
        "Total Revenue": 67826000.0,
        "Operating Revenue": 67826000.0
    },
    "2024-12-31": {
        "Tax Effect Of Unusual Items": 0.0,
        "Tax Rate For Calcs": 0.246724,
        "Normalized EBITDA": 7756000.0,
        "Net Income From Continuing Operation Net Minority Interest": 2357000.0,
        "Reconciled Depreciation": 4428000.0,
        "Reconciled Cost Of Revenue": 47075000.0,
        "EBITDA": 7756000.0,
        "EBIT": 3328000.0,
        "Net Interest Income": 20000.0,
        "Interest Expense": 199000.0,
        "Interest Income": 219000.0,
        "Normalized Income": 2357000.0,
        "Net Income From Continuing And Discontinued Operation": 2357000.0,
        "Total Expenses": 64654000.0,
        "Total Operating Income As Reported": 2100000.0,
        "Diluted Average Shares": 9326000.0,
        "Basic Average Shares": 9230000.0,
        "Diluted EPS": 0.25,
        "Basic EPS": 0.26,
        "Diluted NI Availto Com Stockholders": 2357000.0,
        "Net Income Common Stockholders": 2357000.0,
        "Net Income": 2357000.0,
        "Net Income Including Noncontrolling Interests": 2357000.0,
        "Net Income Continuous Operations": 2357000.0,
        "Tax Provision": 772000.0,
        "Pretax Income": 3129000.0,
        "Other Income Expense": 1009000.0,
        "Other Non Operating Income Expenses": 1009000.0,
        "Net Non Operating Interest Income Expense": 20000.0,
        "Interest Expense Non Operating": 199000.0,
        "Interest Income Non Operating": 219000.0,
        "Operating Income": 2100000.0,
        "Operating Expense": 17579000.0,
        "Selling General And Administration": 17579000.0,
        "Selling And Marketing Expense": 8119000.0,
        "General And Administrative Expense": 9460000.0,
        "Other Gand A": 9460000.0,
        "Gross Profit": 19679000.0,
        "Cost Of Revenue": 47075000.0,
        "Total Revenue": 66754000.0,
        "Operating Revenue": 66754000.0
    },
    "2025-03-31": {
        "Tax Effect Of Unusual Items": 0.0,
        "Tax Rate For Calcs": NaN,
        "Normalized EBITDA": NaN,
        "Net Income From Continuing Operation Net Minority Interest": 4464000.0,
        "Reconciled Depreciation": NaN,
        "Reconciled Cost Of Revenue": NaN,
        "EBITDA": NaN,
        "EBIT": NaN,
        "Net Interest Income": NaN,
        "Interest Expense": NaN,
        "Interest Income": NaN,
        "Normalized Income": NaN,
        "Net Income From Continuing And Discontinued Operation": 4464000.0,
        "Total Expenses": NaN,
        "Total Operating Income As Reported": NaN,
        "Diluted Average Shares": NaN,
        "Basic Average Shares": NaN,
        "Diluted EPS": NaN,
        "Basic EPS": NaN,
        "Diluted NI Availto Com Stockholders": NaN,
        "Net Income Common Stockholders": NaN,
        "Net Income": NaN,
        "Net Income Including Noncontrolling Interests": NaN,
        "Net Income Continuous Operations": NaN,
        "Tax Provision": NaN,
        "Pretax Income": NaN,
        "Other Income Expense": NaN,
        "Other Non Operating Income Expenses": NaN,
        "Net Non Operating Interest Income Expense": NaN,
        "Interest Expense Non Operating": NaN,
        "Interest Income Non Operating": NaN,
        "Operating Income": NaN,
        "Operating Expense": 18973000.0,
        "Selling General And Administration": NaN,
        "Selling And Marketing Expense": NaN,
        "General And Administrative Expense": NaN,
        "Other Gand A": NaN,
        "Gross Profit": NaN,
        "Cost Of Revenue": NaN,
        "Total Revenue": NaN,
        "Operating Revenue": NaN
    }
}