{
    "2023-06-30": {
        "Tax Effect Of Unusual Items": NaN,
        "Tax Rate For Calcs": NaN,
        "Normalized EBITDA": NaN,
        "Total Unusual Items": NaN,
        "Total Unusual Items Excluding Goodwill": NaN,
        "Net Income From Continuing Operation Net Minority Interest": NaN,
        "Reconciled Depreciation": NaN,
        "Reconciled Cost Of Revenue": NaN,
        "EBITDA": NaN,
        "EBIT": NaN,
        "Normalized Income": NaN,
        "Net Income From Continuing And Discontinued Operation": NaN,
        "Total Expenses": NaN,
        "Rent Expense Supplemental": NaN,
        "Total Operating Income As Reported": NaN,
        "Diluted Average Shares": 225200000.0,
        "Basic Average Shares": 224400000.0,
        "Diluted EPS": 2.06,
        "Basic EPS": 2.07,
        "Diluted NI Availto Com Stockholders": NaN,
        "Net Income Common Stockholders": NaN,
        "Otherunder Preferred Stock Dividend": NaN,
        "Net Income": NaN,
        "Minority Interests": NaN,
        "Net Income Including Noncontrolling Interests": NaN,
        "Net Income Continuous Operations": NaN,
        "Tax Provision": NaN,
        "Pretax Income": NaN,
        "Other Income Expense": NaN,
        "Other Non Operating Income Expenses": NaN,
        "Special Income Charges": NaN,
        "Restructuring And Mergern Acquisition": NaN,
        "Gain On Sale Of Security": NaN,
        "Operating Income": NaN,
        "Operating Expense": NaN,
        "Selling General And Administration": NaN,
        "Selling And Marketing Expense": NaN,
        "General And Administrative Expense": NaN,
        "Other Gand A": NaN,
        "Rent And Landing Fees": NaN,
        "Gross Profit": NaN,
        "Cost Of Revenue": NaN,
        "Total Revenue": NaN,
        "Operating Revenue": NaN
    },
    "2023-03-31": {
        "Tax Effect Of Unusual Items": 46752300.0,
        "Tax Rate For Calcs": 0.287,
        "Normalized EBITDA": 356500000.0,
        "Total Unusual Items": 162900000.0,
        "Total Unusual Items Excluding Goodwill": 162900000.0,
        "Net Income From Continuing Operation Net Minority Interest": 421500000.0,
        "Reconciled Depreciation": 58800000.0,
        "Reconciled Cost Of Revenue": 797100000.0,
        "EBITDA": 519400000.0,
        "EBIT": 460600000.0,
        "Normalized Income": 305352300.0,
        "Net Income From Continuing And Discontinued Operation": 421500000.0,
        "Total Expenses": 1077000000.0,
        "Rent Expense Supplemental": 146600000.0,
        "Total Operating Income As Reported": 484200000.0,
        "Diluted Average Shares": 225200000.0,
        "Basic Average Shares": 224400000.0,
        "Diluted EPS": 1.83,
        "Basic EPS": 1.83,
        "Diluted NI Availto Com Stockholders": 411000000.0,
        "Net Income Common Stockholders": 411000000.0,
        "Otherunder Preferred Stock Dividend": 10500000.0,
        "Net Income": 421500000.0,
        "Minority Interests": -20200000.0,
        "Net Income Including Noncontrolling Interests": 441700000.0,
        "Net Income Continuous Operations": 441700000.0,
        "Tax Provision": 177900000.0,
        "Pretax Income": 619600000.0,
        "Other Income Expense": 159000000.0,
        "Other Non Operating Income Expenses": -3900000.0,
        "Special Income Charges": 23600000.0,
        "Restructuring And Mergern Acquisition": -23600000.0,
        "Gain On Sale Of Security": 139300000.0,
        "Operating Income": 460600000.0,
        "Operating Expense": 279900000.0,
        "Selling General And Administration": 279900000.0,
        "Selling And Marketing Expense": 25800000.0,
        "General And Administrative Expense": 254100000.0,
        "Other Gand A": 107500000.0,
        "Rent And Landing Fees": 146600000.0,
        "Gross Profit": 740500000.0,
        "Cost Of Revenue": 797100000.0,
        "Total Revenue": 1537600000.0,
        "Operating Revenue": 1537600000.0
    },
    "2022-12-31": {
        "Tax Effect Of Unusual Items": 4720164.609053,
        "Tax Rate For Calcs": 0.255144,
        "Normalized EBITDA": 836700000.0,
        "Total Unusual Items": 18500000.0,
        "Total Unusual Items Excluding Goodwill": 18500000.0,
        "Net Income From Continuing Operation Net Minority Interest": 266000000.0,
        "Reconciled Depreciation": 479800000.0,
        "Reconciled Cost Of Revenue": 825500000.0,
        "EBITDA": 855200000.0,
        "EBIT": 375400000.0,
        "Normalized Income": 252220164.609053,
        "Net Income From Continuing And Discontinued Operation": 266000000.0,
        "Total Expenses": 1148800000.0,
        "Rent Expense Supplemental": NaN,
        "Total Operating Income As Reported": 253100000.0,
        "Diluted Average Shares": 224600000.0,
        "Basic Average Shares": 223700000.0,
        "Diluted EPS": 1.16,
        "Basic EPS": 1.16,
        "Diluted NI Availto Com Stockholders": 259500000.0,
        "Net Income Common Stockholders": 259500000.0,
        "Otherunder Preferred Stock Dividend": 6500000.0,
        "Net Income": 266000000.0,
        "Minority Interests": -23600000.0,
        "Net Income Including Noncontrolling Interests": 289600000.0,
        "Net Income Continuous Operations": 289600000.0,
        "Tax Provision": 99200000.0,
        "Pretax Income": 388800000.0,
        "Other Income Expense": 13400000.0,
        "Other Non Operating Income Expenses": -5100000.0,
        "Special Income Charges": NaN,
        "Restructuring And Mergern Acquisition": NaN,
        "Gain On Sale Of Security": 140800000.0,
        "Operating Income": 375400000.0,
        "Operating Expense": 323300000.0,
        "Selling General And Administration": 323300000.0,
        "Selling And Marketing Expense": 28200000.0,
        "General And Administrative Expense": 295100000.0,
        "Other Gand A": 295100000.0,
        "Rent And Landing Fees": NaN,
        "Gross Profit": 698700000.0,
        "Cost Of Revenue": 825500000.0,
        "Total Revenue": 1524200000.0,
        "Operating Revenue": 1524200000.0
    },
    "2022-09-30": {
        "Tax Effect Of Unusual Items": -22630400.0,
        "Tax Rate For Calcs": 0.272,
        "Normalized EBITDA": 714600000.0,
        "Total Unusual Items": -83200000.0,
        "Total Unusual Items Excluding Goodwill": -83200000.0,
        "Net Income From Continuing Operation Net Minority Interest": 384400000.0,
        "Reconciled Depreciation": 56800000.0,
        "Reconciled Cost Of Revenue": 733600000.0,
        "EBITDA": 631400000.0,
        "EBIT": 574600000.0,
        "Normalized Income": 444969600.0,
        "Net Income From Continuing And Discontinued Operation": 384400000.0,
        "Total Expenses": 1013600000.0,
        "Rent Expense Supplemental": NaN,
        "Total Operating Income As Reported": 574600000.0,
        "Diluted Average Shares": 226300000.0,
        "Basic Average Shares": 225300000.0,
        "Diluted EPS": 1.66,
        "Basic EPS": 1.67,
        "Diluted NI Availto Com Stockholders": 375200000.0,
        "Net Income Common Stockholders": 375200000.0,
        "Otherunder Preferred Stock Dividend": 9200000.0,
        "Net Income": 384400000.0,
        "Minority Interests": 26600000.0,
        "Net Income Including Noncontrolling Interests": 357800000.0,
        "Net Income Continuous Operations": 357800000.0,
        "Tax Provision": 134000000.0,
        "Pretax Income": 491800000.0,
        "Other Income Expense": -82800000.0,
        "Other Non Operating Income Expenses": 400000.0,
        "Special Income Charges": NaN,
        "Restructuring And Mergern Acquisition": NaN,
        "Gain On Sale Of Security": -83200000.0,
        "Operating Income": 574600000.0,
        "Operating Expense": 280000000.0,
        "Other Operating Expenses": NaN,
        "Selling General And Administration": 280000000.0,
        "Selling And Marketing Expense": 24300000.0,
        "General And Administrative Expense": 255700000.0,
        "Other Gand A": 255700000.0,
        "Rent And Landing Fees": NaN,
        "Salaries And Wages": NaN,
        "Gross Profit": 854600000.0,
        "Cost Of Revenue": 733600000.0,
        "Total Revenue": 1588200000.0,
        "Operating Revenue": 1588200000.0
    },
    "2022-06-30": {
        "Tax Effect Of Unusual Items": -71370000.0,
        "Tax Rate For Calcs": 0.26,
        "Normalized EBITDA": 997800000.0,
        "Total Unusual Items": -274500000.0,
        "Total Unusual Items Excluding Goodwill": -274500000.0,
        "Net Income From Continuing Operation Net Minority Interest": 339600000.0,
        "Reconciled Depreciation": 54700000.0,
        "Reconciled Cost Of Revenue": 615400000.0,
        "EBITDA": 723300000.0,
        "EBIT": 668600000.0,
        "Normalized Income": 542730000.0,
        "Net Income From Continuing And Discontinued Operation": 339600000.0,
        "Total Expenses": 844400000.0,
        "Rent Expense Supplemental": NaN,
        "Total Operating Income As Reported": 668600000.0,
        "Diluted Average Shares": 227900000.0,
        "Basic Average Shares": 226700000.0,
        "Diluted EPS": 1.46,
        "Basic EPS": 1.47,
        "Diluted NI Availto Com Stockholders": 332200000.0,
        "Net Income Common Stockholders": 332200000.0,
        "Otherunder Preferred Stock Dividend": 7400000.0,
        "Net Income": 339600000.0,
        "Minority Interests": 51800000.0,
        "Net Income Including Noncontrolling Interests": 287800000.0,
        "Net Income Continuous Operations": 287800000.0,
        "Tax Provision": 100900000.0,
        "Pretax Income": 388700000.0,
        "Other Income Expense": -279900000.0,
        "Other Non Operating Income Expenses": -5400000.0,
        "Special Income Charges": NaN,
        "Restructuring And Mergern Acquisition": NaN,
        "Gain On Sale Of Security": -274500000.0,
        "Operating Income": 668600000.0,
        "Operating Expense": 229000000.0,
        "Other Operating Expenses": NaN,
        "Selling General And Administration": 229000000.0,
        "Selling And Marketing Expense": 21400000.0,
        "General And Administrative Expense": 207600000.0,
        "Other Gand A": 207600000.0,
        "Rent And Landing Fees": NaN,
        "Salaries And Wages": NaN,
        "Gross Profit": 897600000.0,
        "Cost Of Revenue": 615400000.0,
        "Total Revenue": 1513000000.0,
        "Operating Revenue": 1513000000.0
    },
    "2022-03-31": {
        "Diluted EPS": 2.41,
        "Total Revenue": NaN,
        "Gross Profit": NaN,
        "Operating Income": 877,
        "EBIT": 986,
        "Net Income": 555
    },
    "2021-12-31": {
        "Diluted EPS": 3.18,
        "Total Revenue": NaN,
        "Gross Profit": NaN,
        "Operating Income": 863,
        "EBIT": 916,
        "Net Income": 722
    },
    "2021-09-30": {
        "Diluted EPS": 3.31,
        "Total Revenue": NaN,
        "Gross Profit": NaN,
        "Operating Income": 996,
        "EBIT": NaN,
        "Net Income": 758
    },
    "2021-06-30": {
        "Diluted EPS": 3.46,
        "Total Revenue": NaN,
        "Gross Profit": NaN,
        "Operating Income": 958,
        "EBIT": NaN,
        "Net Income": 794
    },
    "2021-03-31": {
        "Diluted EPS": 3.17,
        "Total Revenue": NaN,
        "Gross Profit": NaN,
        "Operating Income": 893,
        "EBIT": 942,
        "Net Income": 730
    },
    "2020-12-31": {
        "Diluted EPS": 3.29,
        "Total Revenue": NaN,
        "Gross Profit": NaN,
        "Operating Income": 756,
        "EBIT": 802,
        "Net Income": 762
    },
    "2020-09-30": {
        "Diluted EPS": 2.73,
        "Total Revenue": NaN,
        "Gross Profit": NaN,
        "Operating Income": 729,
        "EBIT": 779,
        "Net Income": 625
    },
    "2020-06-30": {
        "Diluted EPS": 2.55,
        "Total Revenue": NaN,
        "Gross Profit": NaN,
        "Operating Income": 554,
        "EBIT": 602,
        "Net Income": 586
    },
    "2020-03-31": {
        "Diluted EPS": 1.41,
        "Total Revenue": NaN,
        "Gross Profit": NaN,
        "Operating Income": 707,
        "EBIT": 753,
        "Net Income": 334
    },
    "2019-12-31": {
        "Diluted EPS": 2.23,
        "Total Revenue": NaN,
        "Gross Profit": NaN,
        "Operating Income": 580,
        "EBIT": 639,
        "Net Income": 531
    },
    "2019-09-30": {
        "Diluted EPS": 2.23,
        "Total Revenue": NaN,
        "Gross Profit": NaN,
        "Operating Income": 659,
        "EBIT": 705,
        "Net Income": 532
    },
    "2019-06-30": {
        "Diluted EPS": 2.15,
        "Total Revenue": NaN,
        "Gross Profit": NaN,
        "Operating Income": 615,
        "EBIT": 659,
        "Net Income": 514
    },
    "2019-03-31": {
        "Diluted EPS": 2.09,
        "Total Revenue": NaN,
        "Gross Profit": NaN,
        "Operating Income": 533,
        "EBIT": 574,
        "Net Income": 500
    },
    "2018-12-31": {
        "Diluted EPS": 1.43,
        "Total Revenue": NaN,
        "Gross Profit": NaN,
        "Operating Income": 542,
        "EBIT": 587,
        "Net Income": 387
    },
    "2018-09-30": {
        "Diluted EPS": 2.3,
        "Total Revenue": NaN,
        "Gross Profit": NaN,
        "Operating Income": 641,
        "EBIT": 681,
        "Net Income": 569
    },
    "2018-06-30": {
        "Diluted EPS": 1.77,
        "Total Revenue": NaN,
        "Gross Profit": NaN,
        "Operating Income": 595,
        "EBIT": 633,
        "Net Income": 438
    },
    "2018-03-31": {
        "Diluted EPS": 1.77,
        "Total Revenue": NaN,
        "Gross Profit": NaN,
        "Operating Income": 584,
        "EBIT": 621,
        "Net Income": 443
    },
    "2017-12-31": {
        "Diluted EPS": 1.37,
        "Total Revenue": NaN,
        "Gross Profit": NaN,
        "Operating Income": 531,
        "EBIT": 568,
        "Net Income": 339
    },
    "2017-09-30": {
        "Diluted EPS": 1.56,
        "Total Revenue": NaN,
        "Gross Profit": NaN,
        "Operating Income": 549,
        "EBIT": 584,
        "Net Income": 382
    },
    "2017-06-30": {
        "Diluted EPS": 1.5,
        "Total Revenue": NaN,
        "Gross Profit": NaN,
        "Operating Income": 508,
        "EBIT": 544,
        "Net Income": 365
    },
    "2017-03-31": {
        "Diluted EPS": 1.54,
        "Total Revenue": NaN,
        "Gross Profit": NaN,
        "Operating Income": 522,
        "EBIT": 557,
        "Net Income": 377
    },
    "2016-12-31": {
        "Diluted EPS": 1.5,
        "Total Revenue": NaN,
        "Gross Profit": NaN,
        "Operating Income": 563,
        "EBIT": 597,
        "Net Income": 371
    },
    "2016-09-30": {
        "Diluted EPS": 1.28,
        "Total Revenue": NaN,
        "Gross Profit": NaN,
        "Operating Income": 476,
        "EBIT": 510,
        "Net Income": 321
    },
    "2016-06-30": {
        "Diluted EPS": 0.79,
        "Total Revenue": NaN,
        "Gross Profit": NaN,
        "Operating Income": 284,
        "EBIT": 317,
        "Net Income": 199
    },
    "2016-03-31": {
        "Diluted EPS": 1.18,
        "Total Revenue": 994,
        "Gross Profit": 994,
        "Operating Income": 411,
        "EBIT": 443,
        "Net Income": 298
    },
    "2015-12-31": {
        "Diluted EPS": 1.2,
        "Total Revenue": NaN,
        "Gross Profit": NaN,
        "Operating Income": 455,
        "EBIT": 487,
        "Net Income": 304
    },
    "2015-09-30": {
        "Diluted EPS": 1.06,
        "Total Revenue": NaN,
        "Gross Profit": NaN,
        "Operating Income": 458,
        "EBIT": 491,
        "Net Income": 273
    },
    "2015-06-30": {
        "Diluted EPS": 1.24,
        "Total Revenue": NaN,
        "Gross Profit": NaN,
        "Operating Income": 508,
        "EBIT": 540,
        "Net Income": 329
    },
    "2015-03-31": {
        "Diluted EPS": 1.13,
        "Total Revenue": NaN,
        "Gross Profit": NaN,
        "Operating Income": 478,
        "EBIT": 507,
        "Net Income": 301
    },
    "2014-12-31": {
        "Diluted EPS": 1.18,
        "Total Revenue": NaN,
        "Gross Profit": NaN,
        "Operating Income": 480,
        "EBIT": 508,
        "Net Income": 312
    },
    "2014-09-30": {
        "Diluted EPS": 1.12,
        "Total Revenue": NaN,
        "Gross Profit": NaN,
        "Operating Income": 489,
        "EBIT": 517,
        "Net Income": 300
    },
    "2014-06-30": {
        "Diluted EPS": 1.13,
        "Total Revenue": 984,
        "Gross Profit": 984,
        "Operating Income": 473,
        "EBIT": 501,
        "Net Income": 302
    },
    "2014-03-31": {
        "Diluted EPS": 1.12,
        "Total Revenue": 955,
        "Gross Profit": 955,
        "Operating Income": 449,
        "EBIT": 476,
        "Net Income": 301
    },
    "2013-12-31": {
        "Diluted EPS": 1.07,
        "Total Revenue": 930,
        "Gross Profit": 930,
        "Operating Income": 440,
        "EBIT": 465,
        "Net Income": 285
    },
    "2013-09-30": {
        "Diluted EPS": 1.0,
        "Total Revenue": 884,
        "Gross Profit": 884,
        "Operating Income": 426,
        "EBIT": 448,
        "Net Income": 268
    },
    "2013-06-30": {
        "Diluted EPS": 0.92,
        "Total Revenue": 854,
        "Gross Profit": 854,
        "Operating Income": 399,
        "EBIT": 421,
        "Net Income": 246
    },
    "2013-03-31": {
        "Diluted EPS": 0.91,
        "Total Revenue": 816,
        "Gross Profit": 816,
        "Operating Income": 373,
        "EBIT": 394,
        "Net Income": 240
    },
    "2012-12-31": {
        "Diluted EPS": 0.88,
        "Total Revenue": 787,
        "Gross Profit": 787,
        "Operating Income": 361,
        "EBIT": 382,
        "Net Income": 230
    },
    "2012-09-30": {
        "Diluted EPS": 0.94,
        "Total Revenue": 770,
        "Gross Profit": 770,
        "Operating Income": 359,
        "EBIT": 380,
        "Net Income": 246
    },
    "2012-06-30": {
        "Diluted EPS": 0.79,
        "Total Revenue": 737,
        "Gross Profit": 737,
        "Operating Income": 328,
        "EBIT": 348,
        "Net Income": 206
    },
    "2012-03-31": {
        "Diluted EPS": 0.75,
        "Total Revenue": 729,
        "Gross Profit": 729,
        "Operating Income": 316,
        "EBIT": 335,
        "Net Income": 197
    },
    "2011-12-31": {
        "Diluted EPS": 0.73,
        "Total Revenue": 672,
        "Gross Profit": 672,
        "Operating Income": 294,
        "EBIT": 313,
        "Net Income": 188
    },
    "2011-09-30": {
        "Diluted EPS": 0.71,
        "Total Revenue": 679,
        "Gross Profit": 679,
        "Operating Income": 295,
        "EBIT": 314,
        "Net Income": 185
    },
    "2011-06-30": {
        "Diluted EPS": 0.76,
        "Total Revenue": 714,
        "Gross Profit": 714,
        "Operating Income": 327,
        "EBIT": 345,
        "Net Income": 204
    },
    "2011-03-31": {
        "Diluted EPS": 0.72,
        "Total Revenue": 682,
        "Gross Profit": 682,
        "Operating Income": 312,
        "EBIT": 328,
        "Net Income": 194
    },
    "2010-12-31": {
        "Diluted EPS": 0.73,
        "Total Revenue": 645,
        "Gross Profit": 645,
        "Operating Income": 283,
        "EBIT": 299,
        "Net Income": 191
    },
    "2010-09-30": {
        "Diluted EPS": 0.64,
        "Total Revenue": 587,
        "Gross Profit": 587,
        "Operating Income": 262,
        "EBIT": 279,
        "Net Income": 168
    },
    "2010-06-30": {
        "Diluted EPS": 0.59,
        "Total Revenue": 578,
        "Gross Profit": 578,
        "Operating Income": 253,
        "EBIT": 270,
        "Net Income": 158
    },
    "2010-03-31": {
        "Diluted EPS": 0.57,
        "Total Revenue": 557,
        "Gross Profit": 557,
        "Operating Income": 239,
        "EBIT": 255,
        "Net Income": 152
    },
    "2009-12-31": {
        "Diluted EPS": 0.58,
        "Total Revenue": 539,
        "Gross Profit": 539,
        "Operating Income": 230,
        "EBIT": 246,
        "Net Income": 152
    },
    "2009-09-30": {
        "Diluted EPS": 0.5,
        "Total Revenue": 499,
        "Gross Profit": 499,
        "Operating Income": 207,
        "EBIT": 225,
        "Net Income": 132
    },
    "2009-06-30": {
        "Diluted EPS": 0.38,
        "Total Revenue": 444,
        "Gross Profit": 444,
        "Operating Income": 154,
        "EBIT": 172,
        "Net Income": 100
    },
    "2009-03-31": {
        "Diluted EPS": 0.19,
        "Total Revenue": 386,
        "Gross Profit": 386,
        "Operating Income": 111,
        "EBIT": 129,
        "Net Income": 48
    },
    "2023-09-30": {
        "Tax Effect Of Unusual Items": NaN,
        "Tax Rate For Calcs": NaN,
        "Normalized EBITDA": NaN,
        "Total Unusual Items": NaN,
        "Total Unusual Items Excluding Goodwill": NaN,
        "Net Income From Continuing Operation Net Minority Interest": NaN,
        "Reconciled Depreciation": NaN,
        "Reconciled Cost Of Revenue": NaN,
        "EBITDA": NaN,
        "EBIT": NaN,
        "Normalized Income": NaN,
        "Net Income From Continuing And Discontinued Operation": NaN,
        "Total Expenses": NaN,
        "Rent Expense Supplemental": NaN,
        "Total Operating Income As Reported": NaN,
        "Diluted Average Shares": 224800000.0,
        "Basic Average Shares": 224100000.0,
        "Diluted EPS": 1.97,
        "Basic EPS": 1.98,
        "Diluted NI Availto Com Stockholders": NaN,
        "Net Income Common Stockholders": NaN,
        "Otherunder Preferred Stock Dividend": NaN,
        "Net Income": NaN,
        "Minority Interests": NaN,
        "Net Income Including Noncontrolling Interests": NaN,
        "Net Income Continuous Operations": NaN,
        "Tax Provision": NaN,
        "Pretax Income": NaN,
        "Other Income Expense": NaN,
        "Other Non Operating Income Expenses": NaN,
        "Special Income Charges": NaN,
        "Restructuring And Mergern Acquisition": NaN,
        "Gain On Sale Of Security": NaN,
        "Operating Income": NaN,
        "Operating Expense": NaN,
        "Selling General And Administration": NaN,
        "Selling And Marketing Expense": NaN,
        "General And Administrative Expense": NaN,
        "Other Gand A": NaN,
        "Rent And Landing Fees": NaN,
        "Gross Profit": NaN,
        "Cost Of Revenue": NaN,
        "Total Revenue": NaN,
        "Operating Revenue": NaN
    },
    "2023-12-31": {
        "Tax Effect Of Unusual Items": NaN,
        "Tax Rate For Calcs": NaN,
        "Normalized EBITDA": NaN,
        "Total Unusual Items": NaN,
        "Total Unusual Items Excluding Goodwill": NaN,
        "Net Income From Continuing Operation Net Minority Interest": NaN,
        "Reconciled Depreciation": NaN,
        "Reconciled Cost Of Revenue": NaN,
        "EBITDA": NaN,
        "EBIT": NaN,
        "Normalized Income": NaN,
        "Net Income From Continuing And Discontinued Operation": NaN,
        "Total Expenses": NaN,
        "Rent Expense Supplemental": NaN,
        "Total Operating Income As Reported": NaN,
        "Diluted Average Shares": 224000000.0,
        "Basic Average Shares": 223500000.0,
        "Diluted EPS": 1.9,
        "Basic EPS": 1.91,
        "Diluted NI Availto Com Stockholders": NaN,
        "Net Income Common Stockholders": NaN,
        "Otherunder Preferred Stock Dividend": NaN,
        "Net Income": NaN,
        "Minority Interests": NaN,
        "Net Income Including Noncontrolling Interests": NaN,
        "Net Income Continuous Operations": NaN,
        "Tax Provision": NaN,
        "Pretax Income": NaN,
        "Other Income Expense": NaN,
        "Other Non Operating Income Expenses": NaN,
        "Special Income Charges": NaN,
        "Restructuring And Mergern Acquisition": NaN,
        "Gain On Sale Of Security": NaN,
        "Operating Income": NaN,
        "Operating Expense": NaN,
        "Selling General And Administration": NaN,
        "Selling And Marketing Expense": NaN,
        "General And Administrative Expense": NaN,
        "Other Gand A": NaN,
        "Rent And Landing Fees": NaN,
        "Gross Profit": NaN,
        "Cost Of Revenue": NaN,
        "Total Revenue": NaN,
        "Operating Revenue": NaN
    },
    "2024-03-31": {
        "Tax Effect Of Unusual Items": 38486382.978723,
        "Tax Rate For Calcs": 0.234816,
        "Normalized EBITDA": 515200000.0,
        "Total Unusual Items": 163900000.0,
        "Total Unusual Items Excluding Goodwill": 163900000.0,
        "Net Income From Continuing Operation Net Minority Interest": 573800000.0,
        "Reconciled Depreciation": 62600000.0,
        "Reconciled Cost Of Revenue": 865900000.0,
        "EBITDA": 679100000.0,
        "EBIT": 616500000.0,
        "Normalized Income": 448386382.978723,
        "Net Income From Continuing And Discontinued Operation": 573800000.0,
        "Total Expenses": 1133700000.0,
        "Rent Expense Supplemental": 149900000.0,
        "Total Operating Income As Reported": 586600000.0,
        "Diluted Average Shares": 224200000.0,
        "Basic Average Shares": 223600000.0,
        "Diluted EPS": 2.49,
        "Basic EPS": 2.5,
        "Diluted NI Availto Com Stockholders": 558000000.0,
        "Net Income Common Stockholders": 558000000.0,
        "Otherunder Preferred Stock Dividend": 15800000.0,
        "Net Income": 573800000.0,
        "Minority Interests": -19600000.0,
        "Net Income Including Noncontrolling Interests": 593400000.0,
        "Net Income Continuous Operations": 593400000.0,
        "Tax Provision": 182100000.0,
        "Pretax Income": 775500000.0,
        "Other Income Expense": 159000000.0,
        "Other Non Operating Income Expenses": -4900000.0,
        "Special Income Charges": -29900000.0,
        "Restructuring And Mergern Acquisition": 29900000.0,
        "Gain On Sale Of Security": 193800000.0,
        "Operating Income": 616500000.0,
        "Operating Expense": 267800000.0,
        "Selling General And Administration": 267800000.0,
        "Selling And Marketing Expense": 25300000.0,
        "General And Administrative Expense": 242500000.0,
        "Other Gand A": 92600000.0,
        "Rent And Landing Fees": 149900000.0,
        "Gross Profit": 884300000.0,
        "Cost Of Revenue": 865900000.0,
        "Total Revenue": 1750200000.0,
        "Operating Revenue": 1750200000.0
    },
    "2024-06-30": {
        "Tax Effect Of Unusual Items": 10479600.0,
        "Tax Rate For Calcs": 0.246,
        "Normalized EBITDA": 753800000.0,
        "Total Unusual Items": 42600000.0,
        "Total Unusual Items Excluding Goodwill": 42600000.0,
        "Net Income From Continuing Operation Net Minority Interest": 483400000.0,
        "Reconciled Depreciation": 187800000.0,
        "Reconciled Cost Of Revenue": 821800000.0,
        "EBITDA": 796400000.0,
        "EBIT": 608600000.0,
        "Normalized Income": 451279600.0,
        "Net Income From Continuing And Discontinued Operation": 483400000.0,
        "Total Expenses": 1124700000.0,
        "Rent Expense Supplemental": 160900000.0,
        "Total Operating Income As Reported": 564700000.0,
        "Diluted Average Shares": 223500000.0,
        "Basic Average Shares": 223000000.0,
        "Diluted EPS": 2.11,
        "Basic EPS": 2.11,
        "Diluted NI Availto Com Stockholders": 470500000.0,
        "Net Income Common Stockholders": 470500000.0,
        "Otherunder Preferred Stock Dividend": 12900000.0,
        "Net Income": 483400000.0,
        "Minority Interests": -1900000.0,
        "Net Income Including Noncontrolling Interests": 485300000.0,
        "Net Income Continuous Operations": 485300000.0,
        "Tax Provision": 159700000.0,
        "Pretax Income": 645000000.0,
        "Other Income Expense": 36400000.0,
        "Other Non Operating Income Expenses": -6200000.0,
        "Special Income Charges": -43900000.0,
        "Restructuring And Mergern Acquisition": 43900000.0,
        "Gain On Sale Of Security": 86500000.0,
        "Operating Income": 608600000.0,
        "Operating Expense": 302900000.0,
        "Selling General And Administration": 302900000.0,
        "Selling And Marketing Expense": 33300000.0,
        "General And Administrative Expense": 269600000.0,
        "Other Gand A": 108700000.0,
        "Rent And Landing Fees": 160900000.0,
        "Gross Profit": 911500000.0,
        "Cost Of Revenue": 821800000.0,
        "Total Revenue": 1733300000.0,
        "Operating Revenue": 1733300000.0
    },
    "2024-09-30": {
        "Tax Effect Of Unusual Items": 37530000.0,
        "Tax Rate For Calcs": 0.225,
        "Normalized EBITDA": 484900000.0,
        "Total Unusual Items": 166800000.0,
        "Total Unusual Items Excluding Goodwill": 166800000.0,
        "Net Income From Continuing Operation Net Minority Interest": 603000000.0,
        "Reconciled Depreciation": -62000000.0,
        "Reconciled Cost Of Revenue": 844900000.0,
        "EBITDA": 651700000.0,
        "EBIT": 651700000.0,
        "Normalized Income": 473730000.0,
        "Net Income From Continuing And Discontinued Operation": 603000000.0,
        "Total Expenses": 1133900000.0,
        "Rent Expense Supplemental": 164000000.0,
        "Total Operating Income As Reported": 613600000.0,
        "Diluted Average Shares": 222800000.0,
        "Basic Average Shares": 222300000.0,
        "Diluted EPS": 2.64,
        "Basic EPS": 2.64,
        "Diluted NI Availto Com Stockholders": 587500000.0,
        "Net Income Common Stockholders": 587500000.0,
        "Otherunder Preferred Stock Dividend": 15500000.0,
        "Net Income": 603000000.0,
        "Minority Interests": -37400000.0,
        "Net Income Including Noncontrolling Interests": 640400000.0,
        "Net Income Continuous Operations": 640400000.0,
        "Tax Provision": 185700000.0,
        "Pretax Income": 826100000.0,
        "Other Income Expense": 174400000.0,
        "Other Non Operating Income Expenses": 7600000.0,
        "Special Income Charges": -38100000.0,
        "Restructuring And Mergern Acquisition": 38100000.0,
        "Gain On Sale Of Security": 204900000.0,
        "Operating Income": 651700000.0,
        "Operating Expense": 289000000.0,
        "Selling General And Administration": 289000000.0,
        "Selling And Marketing Expense": 20800000.0,
        "General And Administrative Expense": 268200000.0,
        "Other Gand A": 104200000.0,
        "Rent And Landing Fees": 164000000.0,
        "Gross Profit": 940700000.0,
        "Cost Of Revenue": 844900000.0,
        "Total Revenue": 1785600000.0,
        "Operating Revenue": 1785600000.0
    },
    "2024-12-31": {
        "Tax Effect Of Unusual Items": -6301099.47644,
        "Tax Rate For Calcs": 0.272775,
        "Normalized EBITDA": 938700000.0,
        "Total Unusual Items": -23100000.0,
        "Total Unusual Items Excluding Goodwill": -23100000.0,
        "Net Income From Continuing Operation Net Minority Interest": 439900000.0,
        "Reconciled Depreciation": 315800000.0,
        "Reconciled Cost Of Revenue": 876900000.0,
        "EBITDA": 915600000.0,
        "EBIT": 599800000.0,
        "Normalized Income": 456698900.52356,
        "Net Income From Continuing And Discontinued Operation": 439900000.0,
        "Total Expenses": 1224700000.0,
        "Rent Expense Supplemental": 169300000.0,
        "Total Operating Income As Reported": 568400000.0,
        "Diluted Average Shares": 222800000.0,
        "Basic Average Shares": 222400000.0,
        "Diluted EPS": 1.92,
        "Basic EPS": 1.93,
        "Diluted NI Availto Com Stockholders": 428300000.0,
        "Net Income Common Stockholders": 428300000.0,
        "Otherunder Preferred Stock Dividend": 11600000.0,
        "Net Income": 439900000.0,
        "Minority Interests": 23200000.0,
        "Net Income Including Noncontrolling Interests": 416700000.0,
        "Net Income Continuous Operations": 416700000.0,
        "Tax Provision": 156300000.0,
        "Pretax Income": 573000000.0,
        "Other Income Expense": -26800000.0,
        "Other Non Operating Income Expenses": -3700000.0,
        "Special Income Charges": -31400000.0,
        "Restructuring And Mergern Acquisition": 31400000.0,
        "Gain On Sale Of Security": 8300000.0,
        "Operating Income": 599800000.0,
        "Operating Expense": 347800000.0,
        "Selling General And Administration": 347800000.0,
        "Selling And Marketing Expense": 50200000.0,
        "General And Administrative Expense": 297600000.0,
        "Other Gand A": 128300000.0,
        "Rent And Landing Fees": 169300000.0,
        "Gross Profit": 947600000.0,
        "Cost Of Revenue": 876900000.0,
        "Total Revenue": 1824500000.0,
        "Operating Revenue": 1824500000.0
    },
    "2025-03-31": {
        "Tax Effect Of Unusual Items": 8519775.112444,
        "Tax Rate For Calcs": 0.242729,
        "Normalized EBITDA": 653500000.0,
        "Total Unusual Items": 35100000.0,
        "Total Unusual Items Excluding Goodwill": 35100000.0,
        "Net Income From Continuing Operation Net Minority Interest": 490500000.0,
        "Reconciled Depreciation": 63600000.0,
        "Reconciled Cost Of Revenue": 841900000.0,
        "EBITDA": 688600000.0,
        "EBIT": 625000000.0,
        "Normalized Income": 463919775.112444,
        "Net Income From Continuing And Discontinued Operation": 490500000.0,
        "Total Expenses": 1138900000.0,
        "Rent Expense Supplemental": 167600000.0,
        "Total Operating Income As Reported": 596300000.0,
        "Diluted Average Shares": NaN,
        "Basic Average Shares": NaN,
        "Diluted EPS": NaN,
        "Basic EPS": NaN,
        "Diluted NI Availto Com Stockholders": 478100000.0,
        "Net Income Common Stockholders": 478100000.0,
        "Otherunder Preferred Stock Dividend": 12400000.0,
        "Net Income": 490500000.0,
        "Minority Interests": -14600000.0,
        "Net Income Including Noncontrolling Interests": 505100000.0,
        "Net Income Continuous Operations": 505100000.0,
        "Tax Provision": 161900000.0,
        "Pretax Income": 667000000.0,
        "Other Income Expense": 42000000.0,
        "Other Non Operating Income Expenses": 6900000.0,
        "Special Income Charges": -28700000.0,
        "Restructuring And Mergern Acquisition": 28700000.0,
        "Gain On Sale Of Security": 63800000.0,
        "Operating Income": 625000000.0,
        "Operating Expense": 297000000.0,
        "Selling General And Administration": 297000000.0,
        "Selling And Marketing Expense": 26100000.0,
        "General And Administrative Expense": 270900000.0,
        "Other Gand A": 103300000.0,
        "Rent And Landing Fees": 167600000.0,
        "Gross Profit": 922000000.0,
        "Cost Of Revenue": 841900000.0,
        "Total Revenue": 1763900000.0,
        "Operating Revenue": 1763900000.0
    }
}