{
    "2023-06-30": {
        "Tax Effect Of Unusual Items": NaN,
        "Tax Rate For Calcs": NaN,
        "Normalized EBITDA": NaN,
        "Total Unusual Items": 0.0,
        "Total Unusual Items Excluding Goodwill": 0.0,
        "Net Income From Continuing Operation Net Minority Interest": NaN,
        "Reconciled Depreciation": NaN,
        "Reconciled Cost Of Revenue": NaN,
        "EBITDA": NaN,
        "EBIT": NaN,
        "Net Interest Income": NaN,
        "Interest Expense": NaN,
        "Interest Income": NaN,
        "Normalized Income": NaN,
        "Net Income From Continuing And Discontinued Operation": NaN,
        "Total Expenses": NaN,
        "Total Operating Income As Reported": NaN,
        "Diluted Average Shares": NaN,
        "Basic Average Shares": NaN,
        "Diluted EPS": NaN,
        "Basic EPS": NaN,
        "Diluted NI Availto Com Stockholders": NaN,
        "Net Income Common Stockholders": NaN,
        "Net Income": NaN,
        "Minority Interests": NaN,
        "Net Income Including Noncontrolling Interests": NaN,
        "Net Income Continuous Operations": NaN,
        "Tax Provision": NaN,
        "Pretax Income": NaN,
        "Other Income Expense": NaN,
        "Other Non Operating Income Expenses": NaN,
        "Special Income Charges": 0.0,
        "Other Special Charges": NaN,
        "Net Non Operating Interest Income Expense": NaN,
        "Interest Expense Non Operating": NaN,
        "Interest Income Non Operating": NaN,
        "Operating Income": NaN,
        "Operating Expense": NaN,
        "Selling General And Administration": NaN,
        "General And Administrative Expense": 73000000.0,
        "Other Gand A": 73000000.0,
        "Gross Profit": NaN,
        "Cost Of Revenue": NaN,
        "Total Revenue": NaN,
        "Operating Revenue": NaN
    },
    "2023-03-31": {
        "Tax Effect Of Unusual Items": NaN,
        "Tax Rate For Calcs": NaN,
        "Normalized EBITDA": NaN,
        "Total Unusual Items": 0.0,
        "Total Unusual Items Excluding Goodwill": 0.0,
        "Net Income From Continuing Operation Net Minority Interest": NaN,
        "Reconciled Depreciation": NaN,
        "Reconciled Cost Of Revenue": NaN,
        "EBITDA": NaN,
        "EBIT": NaN,
        "Net Interest Income": NaN,
        "Interest Expense": NaN,
        "Interest Income": NaN,
        "Normalized Income": NaN,
        "Net Income From Continuing And Discontinued Operation": NaN,
        "Total Expenses": NaN,
        "Total Operating Income As Reported": NaN,
        "Diluted Average Shares": NaN,
        "Basic Average Shares": NaN,
        "Diluted EPS": NaN,
        "Basic EPS": NaN,
        "Diluted NI Availto Com Stockholders": NaN,
        "Net Income Common Stockholders": NaN,
        "Net Income": NaN,
        "Minority Interests": NaN,
        "Net Income Including Noncontrolling Interests": NaN,
        "Net Income Continuous Operations": NaN,
        "Tax Provision": NaN,
        "Pretax Income": NaN,
        "Other Income Expense": NaN,
        "Other Non Operating Income Expenses": NaN,
        "Special Income Charges": 0.0,
        "Other Special Charges": NaN,
        "Net Non Operating Interest Income Expense": NaN,
        "Interest Expense Non Operating": NaN,
        "Interest Income Non Operating": NaN,
        "Operating Income": NaN,
        "Operating Expense": NaN,
        "Selling General And Administration": NaN,
        "General And Administrative Expense": 71000000.0,
        "Other Gand A": 71000000.0,
        "Gross Profit": NaN,
        "Cost Of Revenue": NaN,
        "Total Revenue": NaN,
        "Operating Revenue": NaN
    },
    "2022-12-31": {
        "Tax Effect Of Unusual Items": NaN,
        "Tax Rate For Calcs": NaN,
        "Normalized EBITDA": NaN,
        "Total Unusual Items": -3000000.0,
        "Total Unusual Items Excluding Goodwill": -3000000.0,
        "Net Income From Continuing Operation Net Minority Interest": NaN,
        "Reconciled Depreciation": NaN,
        "Reconciled Cost Of Revenue": NaN,
        "EBITDA": NaN,
        "EBIT": NaN,
        "Net Interest Income": NaN,
        "Interest Expense": NaN,
        "Interest Income": NaN,
        "Normalized Income": NaN,
        "Net Income From Continuing And Discontinued Operation": NaN,
        "Total Expenses": NaN,
        "Total Operating Income As Reported": NaN,
        "Diluted Average Shares": NaN,
        "Basic Average Shares": NaN,
        "Diluted EPS": NaN,
        "Basic EPS": NaN,
        "Diluted NI Availto Com Stockholders": NaN,
        "Net Income Common Stockholders": NaN,
        "Net Income": NaN,
        "Minority Interests": NaN,
        "Net Income Including Noncontrolling Interests": NaN,
        "Net Income Continuous Operations": NaN,
        "Tax Provision": NaN,
        "Pretax Income": NaN,
        "Other Income Expense": NaN,
        "Other Non Operating Income Expenses": NaN,
        "Special Income Charges": 0.0,
        "Other Special Charges": 0.0,
        "Net Non Operating Interest Income Expense": NaN,
        "Interest Expense Non Operating": NaN,
        "Interest Income Non Operating": NaN,
        "Operating Income": NaN,
        "Operating Expense": NaN,
        "Selling General And Administration": NaN,
        "General And Administrative Expense": NaN,
        "Other Gand A": NaN,
        "Gross Profit": NaN,
        "Cost Of Revenue": NaN,
        "Total Revenue": NaN,
        "Operating Revenue": NaN
    },
    "2022-09-30": {
        "Tax Effect Of Unusual Items": 0.0,
        "Tax Rate For Calcs": 0.13,
        "Normalized EBITDA": 239000000.0,
        "Total Unusual Items": 0.0,
        "Total Unusual Items Excluding Goodwill": 0.0,
        "Net Income From Continuing Operation Net Minority Interest": 121000000.0,
        "Reconciled Depreciation": 66000000.0,
        "Reconciled Cost Of Revenue": 663000000.0,
        "EBITDA": 239000000.0,
        "EBIT": 173000000.0,
        "Net Interest Income": -30000000.0,
        "Interest Expense": 32000000.0,
        "Interest Income": 2000000.0,
        "Normalized Income": 121000000.0,
        "Net Income From Continuing And Discontinued Operation": 121000000.0,
        "Total Expenses": 732000000.0,
        "Total Operating Income As Reported": 163000000.0,
        "Diluted Average Shares": 156948000.0,
        "Basic Average Shares": 154548000.0,
        "Diluted EPS": 0.77,
        "Basic EPS": 0.78,
        "Diluted NI Availto Com Stockholders": 121000000.0,
        "Net Income Common Stockholders": 121000000.0,
        "Net Income": 121000000.0,
        "Minority Interests": -2000000.0,
        "Net Income Including Noncontrolling Interests": 123000000.0,
        "Net Income Continuous Operations": 123000000.0,
        "Tax Provision": 18000000.0,
        "Pretax Income": 141000000.0,
        "Other Income Expense": 8000000.0,
        "Other Non Operating Income Expenses": 8000000.0,
        "Special Income Charges": 0.0,
        "Other Special Charges": NaN,
        "Net Non Operating Interest Income Expense": -30000000.0,
        "Interest Expense Non Operating": 32000000.0,
        "Interest Income Non Operating": 2000000.0,
        "Operating Income": 163000000.0,
        "Operating Expense": 69000000.0,
        "Selling General And Administration": 69000000.0,
        "Gross Profit": 232000000.0,
        "Cost Of Revenue": 663000000.0,
        "Total Revenue": 895000000.0,
        "Operating Revenue": 895000000.0
    },
    "2022-06-30": {
        "Tax Effect Of Unusual Items": -8000000.0,
        "Tax Rate For Calcs": 0.4,
        "Normalized EBITDA": 267000000.0,
        "Total Unusual Items": -20000000.0,
        "Total Unusual Items Excluding Goodwill": -20000000.0,
        "Net Income From Continuing Operation Net Minority Interest": 375000000.0,
        "Reconciled Depreciation": 67000000.0,
        "Reconciled Cost Of Revenue": 682000000.0,
        "EBITDA": 247000000.0,
        "EBIT": 180000000.0,
        "Net Interest Income": -26000000.0,
        "Interest Expense": 28000000.0,
        "Interest Income": 2000000.0,
        "Normalized Income": 387000000.0,
        "Net Income From Continuing And Discontinued Operation": 375000000.0,
        "Total Expenses": 755000000.0,
        "Total Operating Income As Reported": 190000000.0,
        "Diluted Average Shares": 158448000.0,
        "Basic Average Shares": 155867000.0,
        "Diluted EPS": 2.37,
        "Basic EPS": 2.4,
        "Diluted NI Availto Com Stockholders": 375000000.0,
        "Net Income Common Stockholders": 375000000.0,
        "Net Income": 375000000.0,
        "Minority Interests": 0.0,
        "Net Income Including Noncontrolling Interests": 375000000.0,
        "Net Income Continuous Operations": 375000000.0,
        "Tax Provision": -223000000.0,
        "Pretax Income": 152000000.0,
        "Other Income Expense": -12000000.0,
        "Other Non Operating Income Expenses": 8000000.0,
        "Special Income Charges": -20000000.0,
        "Other Special Charges": 20000000.0,
        "Impairment Of Capital Assets": 0.0,
        "Restructuring And Mergern Acquisition": 0.0,
        "Net Non Operating Interest Income Expense": -26000000.0,
        "Interest Expense Non Operating": 28000000.0,
        "Interest Income Non Operating": 2000000.0,
        "Operating Income": 190000000.0,
        "Operating Expense": 73000000.0,
        "Selling General And Administration": 73000000.0,
        "Gross Profit": 263000000.0,
        "Cost Of Revenue": 682000000.0,
        "Total Revenue": 945000000.0,
        "Operating Revenue": 945000000.0
    },
    "2022-03-31": {
        "Diluted EPS": 0.1,
        "Total Revenue": 965,
        "Gross Profit": 232,
        "Operating Income": 69,
        "EBIT": 139,
        "Net Income": 16
    },
    "2021-12-31": {
        "Diluted EPS": 0.53,
        "Total Revenue": 884,
        "Gross Profit": 218,
        "Operating Income": 134,
        "EBIT": 207,
        "Net Income": 83
    },
    "2021-09-30": {
        "Diluted EPS": 0.7,
        "Total Revenue": 870,
        "Gross Profit": 244,
        "Operating Income": 168,
        "EBIT": 243,
        "Net Income": 111
    },
    "2021-06-30": {
        "Diluted EPS": 0.46,
        "Total Revenue": 927,
        "Gross Profit": 227,
        "Operating Income": 150,
        "EBIT": 223,
        "Net Income": 73
    },
    "2021-03-31": {
        "Diluted EPS": 0.12,
        "Total Revenue": 891,
        "Gross Profit": 206,
        "Operating Income": 125,
        "EBIT": 212,
        "Net Income": 19
    },
    "2020-12-31": {
        "Diluted EPS": 0.32,
        "Total Revenue": 783,
        "Gross Profit": 178,
        "Operating Income": 94,
        "EBIT": 182,
        "Net Income": 45
    },
    "2020-09-30": {
        "Diluted EPS": 6.18,
        "Total Revenue": 675,
        "Gross Profit": 139,
        "Operating Income": 49,
        "EBIT": 127,
        "Net Income": 896
    },
    "2020-06-30": {
        "Diluted EPS": -0.03,
        "Total Revenue": 578,
        "Gross Profit": 129,
        "Operating Income": 49,
        "EBIT": 124,
        "Net Income": -4
    },
    "2020-03-31": {
        "Diluted EPS": 0.22,
        "Total Revenue": 722,
        "Gross Profit": 175,
        "Operating Income": 79,
        "EBIT": 152,
        "Net Income": 32
    },
    "2019-12-31": {
        "Diluted EPS": -0.01,
        "Total Revenue": 693,
        "Gross Profit": 148,
        "Operating Income": 44,
        "EBIT": 121,
        "Net Income": NaN
    },
    "2019-09-30": {
        "Diluted EPS": -0.09,
        "Total Revenue": 768,
        "Gross Profit": 133,
        "Operating Income": 48,
        "EBIT": 124,
        "Net Income": -13
    },
    "2019-06-30": {
        "Diluted EPS": -0.41,
        "Total Revenue": 791,
        "Gross Profit": 100,
        "Operating Income": -13,
        "EBIT": 73,
        "Net Income": -62
    },
    "2019-03-31": {
        "Diluted EPS": -0.27,
        "Total Revenue": 390,
        "Gross Profit": 83,
        "Operating Income": 16,
        "EBIT": 65,
        "Net Income": -34
    },
    "2018-12-31": {
        "Diluted EPS": -0.04,
        "Total Revenue": 429,
        "Gross Profit": 118,
        "Operating Income": 68,
        "EBIT": 120,
        "Net Income": -5
    },
    "2018-09-30": {
        "Diluted EPS": 0.05,
        "Total Revenue": 456,
        "Gross Profit": 121,
        "Operating Income": 53,
        "EBIT": 103,
        "Net Income": 6
    },
    "2018-06-30": {
        "Diluted EPS": 0.29,
        "Total Revenue": 492,
        "Gross Profit": 144,
        "Operating Income": 65,
        "EBIT": 116,
        "Net Income": 36
    },
    "2018-03-31": {
        "Diluted EPS": -0.36,
        "Total Revenue": 442,
        "Gross Profit": 115,
        "Operating Income": 14,
        "EBIT": 67,
        "Net Income": -44
    },
    "2017-12-31": {
        "Diluted EPS": 0.01,
        "Total Revenue": 464,
        "Gross Profit": 125,
        "Operating Income": 65,
        "EBIT": 117,
        "Net Income": NaN
    },
    "2017-09-30": {
        "Diluted EPS": -2.07,
        "Total Revenue": 435,
        "Gross Profit": 106,
        "Operating Income": 47,
        "EBIT": 95,
        "Net Income": -247
    },
    "2017-06-30": {
        "Diluted EPS": 0.02,
        "Total Revenue": 421,
        "Gross Profit": 95,
        "Operating Income": 32,
        "EBIT": 81,
        "Net Income": 3
    },
    "2017-03-31": {
        "Diluted EPS": -0.35,
        "Total Revenue": 378,
        "Gross Profit": 63,
        "Operating Income": -3,
        "EBIT": 45,
        "Net Income": -41
    },
    "2016-12-31": {
        "Diluted EPS": 1.05,
        "Total Revenue": -44,
        "Gross Profit": 5,
        "Operating Income": -31,
        "EBIT": 18,
        "Net Income": 121
    },
    "2016-09-30": {
        "Diluted EPS": -0.33,
        "Total Revenue": 339,
        "Gross Profit": 48,
        "Operating Income": NaN,
        "EBIT": 19,
        "Net Income": -37
    },
    "2016-06-30": {
        "Diluted EPS": -0.44,
        "Total Revenue": 538,
        "Gross Profit": 59,
        "Operating Income": 9,
        "EBIT": 71,
        "Net Income": -52
    },
    "2016-03-31": {
        "Diluted EPS": -0.8,
        "Total Revenue": 476,
        "Gross Profit": 21,
        "Operating Income": -31,
        "EBIT": 27,
        "Net Income": -93
    },
    "2015-12-31": {
        "Diluted EPS": -0.87,
        "Total Revenue": -67,
        "Gross Profit": -79,
        "Operating Income": -121,
        "EBIT": -87,
        "Net Income": -101
    },
    "2015-09-30": {
        "Diluted EPS": -0.52,
        "Total Revenue": 575,
        "Gross Profit": 39,
        "Operating Income": -21,
        "EBIT": 64,
        "Net Income": -60
    },
    "2015-06-30": {
        "Diluted EPS": -1.03,
        "Total Revenue": 617,
        "Gross Profit": 24,
        "Operating Income": -50,
        "EBIT": 28,
        "Net Income": -119
    },
    "2015-03-31": {
        "Diluted EPS": -0.42,
        "Total Revenue": 385,
        "Gross Profit": 35,
        "Operating Income": -9,
        "EBIT": 58,
        "Net Income": -49
    },
    "2014-12-31": {
        "Diluted EPS": -2.41,
        "Total Revenue": 400,
        "Gross Profit": 54,
        "Operating Income": -5,
        "EBIT": 68,
        "Net Income": -276
    },
    "2014-09-30": {
        "Diluted EPS": -0.82,
        "Total Revenue": 429,
        "Gross Profit": 68,
        "Operating Income": 11,
        "EBIT": 81,
        "Net Income": -93
    },
    "2014-06-30": {
        "Diluted EPS": 0.0,
        "Total Revenue": 490,
        "Gross Profit": 60,
        "Operating Income": 15,
        "EBIT": 102,
        "Net Income": NaN
    },
    "2014-03-31": {
        "Diluted EPS": -0.51,
        "Total Revenue": 418,
        "Gross Profit": 25,
        "Operating Income": -21,
        "EBIT": 54,
        "Net Income": -58
    },
    "2013-12-31": {
        "Diluted EPS": -0.07,
        "Total Revenue": 436,
        "Gross Profit": 54,
        "Operating Income": 4,
        "EBIT": 69,
        "Net Income": -7
    },
    "2013-09-30": {
        "Diluted EPS": -0.43,
        "Total Revenue": 491,
        "Gross Profit": 54,
        "Operating Income": 9,
        "EBIT": 102,
        "Net Income": -49
    },
    "2013-06-30": {
        "Diluted EPS": -0.11,
        "Total Revenue": 525,
        "Gross Profit": 50,
        "Operating Income": 9,
        "EBIT": 86,
        "Net Income": -13
    },
    "2013-03-31": {
        "Diluted EPS": -0.5,
        "Total Revenue": 470,
        "Gross Profit": 32,
        "Operating Income": -19,
        "EBIT": 56,
        "Net Income": -57
    },
    "2012-12-31": {
        "Diluted EPS": -2.97,
        "Total Revenue": 482,
        "Gross Profit": -61,
        "Operating Income": -93,
        "EBIT": 149,
        "Net Income": -93
    },
    "2012-09-30": {
        "Diluted EPS": -0.03,
        "Total Revenue": 487,
        "Gross Profit": 43,
        "Operating Income": -17,
        "EBIT": 55,
        "Net Income": -3
    },
    "2012-06-30": {
        "Diluted EPS": 13.0,
        "Total Revenue": 429,
        "Gross Profit": 125,
        "Operating Income": 22,
        "EBIT": 58,
        "Net Income": NaN
    },
    "2012-03-31": {
        "Diluted EPS": 1.1,
        "Total Revenue": 434,
        "Gross Profit": 157,
        "Operating Income": 113,
        "EBIT": 136,
        "Net Income": 86
    },
    "2011-12-31": {
        "Diluted EPS": 2.03,
        "Total Revenue": 383,
        "Gross Profit": 140,
        "Operating Income": 100,
        "EBIT": 123,
        "Net Income": 66
    },
    "2011-09-30": {
        "Diluted EPS": 1.25,
        "Total Revenue": 465,
        "Gross Profit": 143,
        "Operating Income": 99,
        "EBIT": 122,
        "Net Income": 99
    },
    "2011-06-30": {
        "Diluted EPS": 0.85,
        "Total Revenue": 428,
        "Gross Profit": 118,
        "Operating Income": 85,
        "EBIT": 106,
        "Net Income": 66
    },
    "2011-03-31": {
        "Diluted EPS": 3.18,
        "Total Revenue": 375,
        "Gross Profit": 63,
        "Operating Income": 38,
        "EBIT": 55,
        "Net Income": 642
    },
    "2010-12-31": {
        "Diluted EPS": -0.08,
        "Total Revenue": 326,
        "Gross Profit": 61,
        "Operating Income": 53,
        "EBIT": 67,
        "Net Income": -39
    },
    "2010-09-30": {
        "Diluted EPS": -0.12,
        "Total Revenue": 312,
        "Gross Profit": 63,
        "Operating Income": 47,
        "EBIT": 62,
        "Net Income": -26
    },
    "2010-06-30": {
        "Diluted EPS": 0.06,
        "Total Revenue": 301,
        "Gross Profit": 54,
        "Operating Income": 38,
        "EBIT": 53,
        "Net Income": 12
    },
    "2010-03-31": {
        "Diluted EPS": 0.29,
        "Total Revenue": 279,
        "Gross Profit": 44,
        "Operating Income": 72,
        "EBIT": 87,
        "Net Income": 59
    },
    "2009-12-31": {
        "Diluted EPS": 0.0,
        "Total Revenue": NaN,
        "Gross Profit": NaN,
        "Operating Income": NaN,
        "EBIT": NaN,
        "Net Income": NaN
    },
    "2023-09-30": {
        "Tax Effect Of Unusual Items": NaN,
        "Tax Rate For Calcs": NaN,
        "Normalized EBITDA": NaN,
        "Total Unusual Items": 0.0,
        "Total Unusual Items Excluding Goodwill": 0.0,
        "Net Income From Continuing Operation Net Minority Interest": NaN,
        "Reconciled Depreciation": NaN,
        "Reconciled Cost Of Revenue": NaN,
        "EBITDA": NaN,
        "EBIT": NaN,
        "Net Interest Income": NaN,
        "Interest Expense": NaN,
        "Interest Income": NaN,
        "Normalized Income": NaN,
        "Net Income From Continuing And Discontinued Operation": NaN,
        "Total Expenses": NaN,
        "Total Operating Income As Reported": NaN,
        "Diluted Average Shares": NaN,
        "Basic Average Shares": NaN,
        "Diluted EPS": NaN,
        "Basic EPS": NaN,
        "Diluted NI Availto Com Stockholders": NaN,
        "Net Income Common Stockholders": NaN,
        "Net Income": NaN,
        "Minority Interests": NaN,
        "Net Income Including Noncontrolling Interests": NaN,
        "Net Income Continuous Operations": NaN,
        "Tax Provision": NaN,
        "Pretax Income": NaN,
        "Other Income Expense": NaN,
        "Other Non Operating Income Expenses": NaN,
        "Special Income Charges": 0.0,
        "Other Special Charges": NaN,
        "Restructuring And Mergern Acquisition": NaN,
        "Net Non Operating Interest Income Expense": NaN,
        "Interest Expense Non Operating": NaN,
        "Interest Income Non Operating": NaN,
        "Operating Income": NaN,
        "Operating Expense": NaN,
        "Selling General And Administration": NaN,
        "General And Administrative Expense": 62000000.0,
        "Other Gand A": 62000000.0,
        "Gross Profit": NaN,
        "Cost Of Revenue": NaN,
        "Total Revenue": NaN,
        "Operating Revenue": NaN
    },
    "2023-12-31": {
        "Tax Effect Of Unusual Items": NaN,
        "Tax Rate For Calcs": NaN,
        "Normalized EBITDA": NaN,
        "Total Unusual Items": NaN,
        "Total Unusual Items Excluding Goodwill": NaN,
        "Net Income From Continuing Operation Net Minority Interest": NaN,
        "Reconciled Depreciation": NaN,
        "Reconciled Cost Of Revenue": NaN,
        "EBITDA": NaN,
        "EBIT": NaN,
        "Net Interest Income": NaN,
        "Interest Expense": NaN,
        "Interest Income": NaN,
        "Normalized Income": NaN,
        "Net Income From Continuing And Discontinued Operation": NaN,
        "Total Expenses": NaN,
        "Total Operating Income As Reported": NaN,
        "Diluted Average Shares": NaN,
        "Basic Average Shares": NaN,
        "Diluted EPS": NaN,
        "Basic EPS": NaN,
        "Diluted NI Availto Com Stockholders": NaN,
        "Net Income Common Stockholders": NaN,
        "Net Income": NaN,
        "Minority Interests": NaN,
        "Net Income Including Noncontrolling Interests": NaN,
        "Net Income Continuous Operations": NaN,
        "Tax Provision": NaN,
        "Pretax Income": NaN,
        "Other Income Expense": NaN,
        "Other Non Operating Income Expenses": NaN,
        "Special Income Charges": NaN,
        "Other Special Charges": NaN,
        "Restructuring And Mergern Acquisition": NaN,
        "Net Non Operating Interest Income Expense": NaN,
        "Interest Expense Non Operating": NaN,
        "Interest Income Non Operating": NaN,
        "Operating Income": NaN,
        "Operating Expense": NaN,
        "Selling General And Administration": NaN,
        "General And Administrative Expense": 70000000.0,
        "Other Gand A": 70000000.0,
        "Gross Profit": NaN,
        "Cost Of Revenue": NaN,
        "Total Revenue": NaN,
        "Operating Revenue": NaN
    },
    "2024-03-31": {
        "Tax Effect Of Unusual Items": NaN,
        "Tax Rate For Calcs": NaN,
        "Normalized EBITDA": NaN,
        "Total Unusual Items": 0.0,
        "Total Unusual Items Excluding Goodwill": 0.0,
        "Net Income From Continuing Operation Net Minority Interest": NaN,
        "Reconciled Depreciation": NaN,
        "Reconciled Cost Of Revenue": NaN,
        "EBITDA": NaN,
        "EBIT": NaN,
        "Net Interest Income": NaN,
        "Interest Expense": NaN,
        "Interest Income": NaN,
        "Normalized Income": NaN,
        "Net Income From Continuing And Discontinued Operation": NaN,
        "Total Expenses": NaN,
        "Total Operating Income As Reported": NaN,
        "Diluted Average Shares": NaN,
        "Basic Average Shares": NaN,
        "Diluted EPS": NaN,
        "Basic EPS": NaN,
        "Diluted NI Availto Com Stockholders": NaN,
        "Net Income Common Stockholders": NaN,
        "Net Income": NaN,
        "Minority Interests": NaN,
        "Net Income Including Noncontrolling Interests": NaN,
        "Net Income Continuous Operations": NaN,
        "Tax Provision": NaN,
        "Pretax Income": NaN,
        "Other Income Expense": NaN,
        "Other Non Operating Income Expenses": NaN,
        "Special Income Charges": 0.0,
        "Other Special Charges": NaN,
        "Restructuring And Mergern Acquisition": 0.0,
        "Net Non Operating Interest Income Expense": NaN,
        "Interest Expense Non Operating": NaN,
        "Interest Income Non Operating": NaN,
        "Operating Income": NaN,
        "Operating Expense": NaN,
        "Selling General And Administration": NaN,
        "General And Administrative Expense": 79000000.0,
        "Other Gand A": 79000000.0,
        "Gross Profit": NaN,
        "Cost Of Revenue": NaN,
        "Total Revenue": NaN,
        "Operating Revenue": NaN
    },
    "2024-06-30": {
        "Tax Effect Of Unusual Items": 0.0,
        "Tax Rate For Calcs": 0.21,
        "Normalized EBITDA": 169000000.0,
        "Total Unusual Items": NaN,
        "Total Unusual Items Excluding Goodwill": NaN,
        "Net Income From Continuing Operation Net Minority Interest": 16000000.0,
        "Reconciled Depreciation": 72000000.0,
        "Reconciled Cost Of Revenue": 670000000.0,
        "EBITDA": 169000000.0,
        "EBIT": 97000000.0,
        "Net Interest Income": -40000000.0,
        "Interest Expense": 42000000.0,
        "Interest Income": 2000000.0,
        "Normalized Income": 16000000.0,
        "Net Income From Continuing And Discontinued Operation": 16000000.0,
        "Total Expenses": 744000000.0,
        "Total Operating Income As Reported": 76000000.0,
        "Diluted Average Shares": 159288000.0,
        "Basic Average Shares": 158117000.0,
        "Diluted EPS": 0.1,
        "Basic EPS": 0.1,
        "Diluted NI Availto Com Stockholders": 16000000.0,
        "Net Income Common Stockholders": 16000000.0,
        "Net Income": 16000000.0,
        "Minority Interests": 6000000.0,
        "Net Income Including Noncontrolling Interests": 10000000.0,
        "Net Income Continuous Operations": 10000000.0,
        "Tax Provision": 45000000.0,
        "Pretax Income": 55000000.0,
        "Other Income Expense": 19000000.0,
        "Other Non Operating Income Expenses": 19000000.0,
        "Special Income Charges": NaN,
        "Other Special Charges": NaN,
        "Restructuring And Mergern Acquisition": NaN,
        "Net Non Operating Interest Income Expense": -40000000.0,
        "Interest Expense Non Operating": 42000000.0,
        "Interest Income Non Operating": 2000000.0,
        "Operating Income": 76000000.0,
        "Operating Expense": 74000000.0,
        "Selling General And Administration": 74000000.0,
        "General And Administrative Expense": NaN,
        "Other Gand A": NaN,
        "Gross Profit": 150000000.0,
        "Cost Of Revenue": 670000000.0,
        "Total Revenue": 820000000.0,
        "Operating Revenue": 820000000.0
    },
    "2024-09-30": {
        "Tax Effect Of Unusual Items": -630000.0,
        "Tax Rate For Calcs": 0.21,
        "Normalized EBITDA": 116000000.0,
        "Total Unusual Items": -3000000.0,
        "Total Unusual Items Excluding Goodwill": -3000000.0,
        "Net Income From Continuing Operation Net Minority Interest": -25000000.0,
        "Reconciled Depreciation": 70000000.0,
        "Reconciled Cost Of Revenue": 676000000.0,
        "EBITDA": 113000000.0,
        "EBIT": 43000000.0,
        "Net Interest Income": -39000000.0,
        "Interest Expense": 42000000.0,
        "Interest Income": 3000000.0,
        "Normalized Income": -22630000.0,
        "Net Income From Continuing And Discontinued Operation": -25000000.0,
        "Total Expenses": 750000000.0,
        "Total Operating Income As Reported": 54000000.0,
        "Diluted Average Shares": 158095000.0,
        "Basic Average Shares": 158095000.0,
        "Diluted EPS": -0.16,
        "Basic EPS": -0.16,
        "Diluted NI Availto Com Stockholders": -25000000.0,
        "Net Income Common Stockholders": -25000000.0,
        "Net Income": -25000000.0,
        "Minority Interests": 0.0,
        "Net Income Including Noncontrolling Interests": -25000000.0,
        "Net Income Continuous Operations": -25000000.0,
        "Tax Provision": 26000000.0,
        "Pretax Income": 1000000.0,
        "Other Income Expense": -14000000.0,
        "Other Non Operating Income Expenses": -11000000.0,
        "Special Income Charges": -3000000.0,
        "Other Special Charges": 3000000.0,
        "Restructuring And Mergern Acquisition": NaN,
        "Net Non Operating Interest Income Expense": -39000000.0,
        "Interest Expense Non Operating": 42000000.0,
        "Interest Income Non Operating": 3000000.0,
        "Operating Income": 54000000.0,
        "Operating Expense": 74000000.0,
        "Selling General And Administration": 74000000.0,
        "General And Administrative Expense": NaN,
        "Other Gand A": NaN,
        "Gross Profit": 128000000.0,
        "Cost Of Revenue": 676000000.0,
        "Total Revenue": 804000000.0,
        "Operating Revenue": 804000000.0
    },
    "2024-12-31": {
        "Tax Effect Of Unusual Items": 6090000.0,
        "Tax Rate For Calcs": 0.21,
        "Normalized EBITDA": 88000000.0,
        "Total Unusual Items": 29000000.0,
        "Total Unusual Items Excluding Goodwill": 29000000.0,
        "Net Income From Continuing Operation Net Minority Interest": -30000000.0,
        "Reconciled Depreciation": 71000000.0,
        "Reconciled Cost Of Revenue": 559000000.0,
        "EBITDA": 117000000.0,
        "EBIT": 46000000.0,
        "Net Interest Income": -40000000.0,
        "Interest Expense": 31000000.0,
        "Interest Income": 1000000.0,
        "Normalized Income": -52910000.0,
        "Net Income From Continuing And Discontinued Operation": -30000000.0,
        "Total Expenses": 628000000.0,
        "Total Operating Income As Reported": 48000000.0,
        "Diluted Average Shares": 158038000.0,
        "Basic Average Shares": 158038000.0,
        "Diluted EPS": -0.19,
        "Basic EPS": -0.19,
        "Diluted NI Availto Com Stockholders": -30000000.0,
        "Net Income Common Stockholders": -30000000.0,
        "Net Income": -30000000.0,
        "Minority Interests": 0.0,
        "Net Income Including Noncontrolling Interests": -30000000.0,
        "Net Income Continuous Operations": -30000000.0,
        "Tax Provision": 45000000.0,
        "Pretax Income": 15000000.0,
        "Other Income Expense": 7000000.0,
        "Other Non Operating Income Expenses": -22000000.0,
        "Special Income Charges": 28000000.0,
        "Other Special Charges": 0.0,
        "Restructuring And Mergern Acquisition": NaN,
        "Net Non Operating Interest Income Expense": -40000000.0,
        "Interest Expense Non Operating": 31000000.0,
        "Interest Income Non Operating": 1000000.0,
        "Operating Income": 48000000.0,
        "Operating Expense": 69000000.0,
        "Selling General And Administration": 69000000.0,
        "General And Administrative Expense": NaN,
        "Other Gand A": NaN,
        "Gross Profit": 117000000.0,
        "Cost Of Revenue": 559000000.0,
        "Total Revenue": 676000000.0,
        "Operating Revenue": 676000000.0
    },
    "2025-03-31": {
        "Tax Effect Of Unusual Items": -18060000.0,
        "Tax Rate For Calcs": 0.21,
        "Normalized EBITDA": 93000000.0,
        "Total Unusual Items": -86000000.0,
        "Total Unusual Items Excluding Goodwill": -86000000.0,
        "Net Income From Continuing Operation Net Minority Interest": -111000000.0,
        "Reconciled Depreciation": 71000000.0,
        "Reconciled Cost Of Revenue": 639000000.0,
        "EBITDA": 7000000.0,
        "EBIT": -64000000.0,
        "Net Interest Income": -40000000.0,
        "Interest Expense": 42000000.0,
        "Interest Income": 2000000.0,
        "Normalized Income": -43060000.0,
        "Net Income From Continuing And Discontinued Operation": -111000000.0,
        "Total Expenses": 713000000.0,
        "Total Operating Income As Reported": -61000000.0,
        "Diluted Average Shares": 158138000.0,
        "Basic Average Shares": 158138000.0,
        "Diluted EPS": -0.7,
        "Basic EPS": -0.7,
        "Diluted NI Availto Com Stockholders": -111000000.0,
        "Net Income Common Stockholders": -111000000.0,
        "Net Income": -111000000.0,
        "Minority Interests": 0.0,
        "Net Income Including Noncontrolling Interests": -111000000.0,
        "Net Income Continuous Operations": -111000000.0,
        "Tax Provision": 5000000.0,
        "Pretax Income": -106000000.0,
        "Other Income Expense": -91000000.0,
        "Other Non Operating Income Expenses": -5000000.0,
        "Special Income Charges": -86000000.0,
        "Other Special Charges": NaN,
        "Restructuring And Mergern Acquisition": 86000000.0,
        "Net Non Operating Interest Income Expense": -40000000.0,
        "Interest Expense Non Operating": 42000000.0,
        "Interest Income Non Operating": 2000000.0,
        "Operating Income": 25000000.0,
        "Operating Expense": 74000000.0,
        "Selling General And Administration": 74000000.0,
        "General And Administrative Expense": NaN,
        "Other Gand A": NaN,
        "Gross Profit": 99000000.0,
        "Cost Of Revenue": 639000000.0,
        "Total Revenue": 738000000.0,
        "Operating Revenue": 738000000.0
    },
    "2025-06-30": {
        "Tax Effect Of Unusual Items": -8820000.0,
        "Tax Rate For Calcs": 0.21,
        "Normalized EBITDA": 80000000.0,
        "Total Unusual Items": -42000000.0,
        "Total Unusual Items Excluding Goodwill": -42000000.0,
        "Net Income From Continuing Operation Net Minority Interest": -84000000.0,
        "Reconciled Depreciation": 74000000.0,
        "Reconciled Cost Of Revenue": 652000000.0,
        "EBITDA": 38000000.0,
        "EBIT": -36000000.0,
        "Net Interest Income": -44000000.0,
        "Interest Expense": 45000000.0,
        "Interest Income": 1000000.0,
        "Normalized Income": -50820000.0,
        "Net Income From Continuing And Discontinued Operation": -84000000.0,
        "Total Expenses": 724000000.0,
        "Total Operating Income As Reported": -35000000.0,
        "Diluted Average Shares": 158561000.0,
        "Basic Average Shares": 158561000.0,
        "Diluted EPS": -0.53,
        "Basic EPS": -0.53,
        "Diluted NI Availto Com Stockholders": -84000000.0,
        "Net Income Common Stockholders": -84000000.0,
        "Net Income": -84000000.0,
        "Minority Interests": 1000000.0,
        "Net Income Including Noncontrolling Interests": -85000000.0,
        "Net Income Continuous Operations": -85000000.0,
        "Tax Provision": 4000000.0,
        "Pretax Income": -81000000.0,
        "Other Income Expense": -44000000.0,
        "Other Non Operating Income Expenses": -2000000.0,
        "Special Income Charges": -42000000.0,
        "Other Special Charges": NaN,
        "Restructuring And Mergern Acquisition": 42000000.0,
        "Net Non Operating Interest Income Expense": -44000000.0,
        "Interest Expense Non Operating": 45000000.0,
        "Interest Income Non Operating": 1000000.0,
        "Operating Income": 7000000.0,
        "Operating Expense": 72000000.0,
        "Selling General And Administration": 72000000.0,
        "General And Administrative Expense": NaN,
        "Other Gand A": NaN,
        "Gross Profit": 79000000.0,
        "Cost Of Revenue": 652000000.0,
        "Total Revenue": 731000000.0,
        "Operating Revenue": 731000000.0
    }
}