{
    "2023-06-30": {
        "Tax Effect Of Unusual Items": NaN,
        "Tax Rate For Calcs": NaN,
        "Normalized EBITDA": NaN,
        "Total Unusual Items": NaN,
        "Total Unusual Items Excluding Goodwill": NaN,
        "Net Income From Continuing Operation Net Minority Interest": NaN,
        "Reconciled Depreciation": NaN,
        "Reconciled Cost Of Revenue": NaN,
        "EBITDA": NaN,
        "EBIT": NaN,
        "Net Interest Income": NaN,
        "Interest Expense": NaN,
        "Normalized Income": NaN,
        "Net Income From Continuing And Discontinued Operation": NaN,
        "Total Expenses": NaN,
        "Total Operating Income As Reported": NaN,
        "Diluted Average Shares": 41645184.0,
        "Basic Average Shares": 41462452.0,
        "Diluted EPS": 0.26,
        "Basic EPS": 0.27,
        "Diluted NI Availto Com Stockholders": NaN,
        "Net Income Common Stockholders": NaN,
        "Net Income": NaN,
        "Net Income Including Noncontrolling Interests": NaN,
        "Net Income Continuous Operations": NaN,
        "Tax Provision": NaN,
        "Pretax Income": NaN,
        "Other Income Expense": NaN,
        "Other Non Operating Income Expenses": NaN,
        "Special Income Charges": NaN,
        "Gain On Sale Of Ppe": NaN,
        "Net Non Operating Interest Income Expense": NaN,
        "Interest Expense Non Operating": NaN,
        "Operating Income": NaN,
        "Operating Expense": NaN,
        "Selling General And Administration": NaN,
        "Gross Profit": NaN,
        "Cost Of Revenue": NaN,
        "Total Revenue": NaN,
        "Operating Revenue": NaN
    },
    "2023-03-31": {
        "Tax Effect Of Unusual Items": NaN,
        "Tax Rate For Calcs": NaN,
        "Normalized EBITDA": NaN,
        "Total Unusual Items": NaN,
        "Total Unusual Items Excluding Goodwill": NaN,
        "Net Income From Continuing Operation Net Minority Interest": NaN,
        "Reconciled Depreciation": NaN,
        "Reconciled Cost Of Revenue": NaN,
        "EBITDA": NaN,
        "EBIT": NaN,
        "Net Interest Income": NaN,
        "Interest Expense": NaN,
        "Normalized Income": NaN,
        "Net Income From Continuing And Discontinued Operation": NaN,
        "Total Expenses": NaN,
        "Total Operating Income As Reported": NaN,
        "Diluted Average Shares": 41802037.0,
        "Basic Average Shares": 41543625.0,
        "Diluted EPS": 0.12,
        "Basic EPS": 0.12,
        "Diluted NI Availto Com Stockholders": NaN,
        "Net Income Common Stockholders": NaN,
        "Net Income": NaN,
        "Net Income Including Noncontrolling Interests": NaN,
        "Net Income Continuous Operations": NaN,
        "Tax Provision": NaN,
        "Pretax Income": NaN,
        "Other Income Expense": -70000.0,
        "Other Non Operating Income Expenses": NaN,
        "Special Income Charges": NaN,
        "Gain On Sale Of Ppe": NaN,
        "Net Non Operating Interest Income Expense": NaN,
        "Interest Expense Non Operating": NaN,
        "Operating Income": NaN,
        "Operating Expense": NaN,
        "Selling General And Administration": NaN,
        "Gross Profit": NaN,
        "Cost Of Revenue": NaN,
        "Total Revenue": NaN,
        "Operating Revenue": NaN
    },
    "2022-12-31": {
        "Tax Effect Of Unusual Items": NaN,
        "Tax Rate For Calcs": NaN,
        "Normalized EBITDA": NaN,
        "Total Unusual Items": 17410000.0,
        "Total Unusual Items Excluding Goodwill": 17410000.0,
        "Net Income From Continuing Operation Net Minority Interest": NaN,
        "Reconciled Depreciation": NaN,
        "Reconciled Cost Of Revenue": NaN,
        "EBITDA": NaN,
        "EBIT": NaN,
        "Net Interest Income": NaN,
        "Interest Expense": NaN,
        "Normalized Income": NaN,
        "Net Income From Continuing And Discontinued Operation": NaN,
        "Total Expenses": NaN,
        "Total Operating Income As Reported": NaN,
        "Diluted Average Shares": NaN,
        "Basic Average Shares": NaN,
        "Diluted EPS": NaN,
        "Basic EPS": NaN,
        "Diluted NI Availto Com Stockholders": NaN,
        "Net Income Common Stockholders": NaN,
        "Net Income": NaN,
        "Net Income Including Noncontrolling Interests": NaN,
        "Net Income Continuous Operations": NaN,
        "Tax Provision": NaN,
        "Pretax Income": NaN,
        "Other Income Expense": NaN,
        "Other Non Operating Income Expenses": NaN,
        "Special Income Charges": 17410000.0,
        "Gain On Sale Of Ppe": 17410000.0,
        "Net Non Operating Interest Income Expense": NaN,
        "Interest Expense Non Operating": NaN,
        "Operating Income": NaN,
        "Operating Expense": NaN,
        "Selling General And Administration": NaN,
        "Gross Profit": NaN,
        "Cost Of Revenue": NaN,
        "Total Revenue": NaN,
        "Operating Revenue": NaN
    },
    "2022-09-30": {
        "Tax Effect Of Unusual Items": NaN,
        "Tax Rate For Calcs": NaN,
        "Normalized EBITDA": NaN,
        "Total Unusual Items": 4760000.0,
        "Total Unusual Items Excluding Goodwill": 4760000.0,
        "Net Income From Continuing Operation Net Minority Interest": NaN,
        "Reconciled Depreciation": NaN,
        "Reconciled Cost Of Revenue": NaN,
        "EBITDA": NaN,
        "EBIT": NaN,
        "Net Interest Income": NaN,
        "Interest Expense": NaN,
        "Normalized Income": NaN,
        "Net Income From Continuing And Discontinued Operation": NaN,
        "Total Expenses": NaN,
        "Total Operating Income As Reported": NaN,
        "Diluted Average Shares": NaN,
        "Basic Average Shares": NaN,
        "Diluted EPS": NaN,
        "Basic EPS": NaN,
        "Diluted NI Availto Com Stockholders": NaN,
        "Net Income Common Stockholders": NaN,
        "Net Income": NaN,
        "Net Income Including Noncontrolling Interests": NaN,
        "Net Income Continuous Operations": NaN,
        "Tax Provision": NaN,
        "Pretax Income": NaN,
        "Other Income Expense": NaN,
        "Other Non Operating Income Expenses": NaN,
        "Special Income Charges": 4760000.0,
        "Gain On Sale Of Ppe": 4760000.0,
        "Net Non Operating Interest Income Expense": NaN,
        "Interest Expense Non Operating": NaN,
        "Operating Income": NaN,
        "Operating Expense": NaN,
        "Selling General And Administration": NaN,
        "Gross Profit": NaN,
        "Cost Of Revenue": NaN,
        "Total Revenue": NaN,
        "Operating Revenue": NaN
    },
    "2022-06-30": {
        "Tax Effect Of Unusual Items": 0.0,
        "Tax Rate For Calcs": 0.255,
        "Normalized EBITDA": 43570000.0,
        "Total Unusual Items": NaN,
        "Total Unusual Items Excluding Goodwill": NaN,
        "Net Income From Continuing Operation Net Minority Interest": 19860000.0,
        "Reconciled Depreciation": 13430000.0,
        "Reconciled Cost Of Revenue": 177000000.0,
        "EBITDA": 43570000.0,
        "EBIT": 30140000.0,
        "Net Interest Income": -3500000.0,
        "Interest Expense": 3500000.0,
        "Normalized Income": 19860000.0,
        "Net Income From Continuing And Discontinued Operation": 19860000.0,
        "Total Expenses": 207810000.0,
        "Total Operating Income As Reported": 29870000.0,
        "Diluted Average Shares": 42481199.0,
        "Basic Average Shares": 42297525.0,
        "Diluted EPS": 0.47,
        "Basic EPS": 0.47,
        "Diluted NI Availto Com Stockholders": 19860000.0,
        "Net Income Common Stockholders": 19860000.0,
        "Net Income": 19860000.0,
        "Net Income Including Noncontrolling Interests": 19860000.0,
        "Net Income Continuous Operations": 19860000.0,
        "Tax Provision": 6780000.0,
        "Pretax Income": 26640000.0,
        "Other Income Expense": 270000.0,
        "Other Non Operating Income Expenses": 270000.0,
        "Special Income Charges": NaN,
        "Gain On Sale Of Ppe": NaN,
        "Net Non Operating Interest Income Expense": -3500000.0,
        "Interest Expense Non Operating": 3500000.0,
        "Operating Income": 29870000.0,
        "Operating Expense": 30810000.0,
        "Selling General And Administration": 30810000.0,
        "Gross Profit": 60680000.0,
        "Cost Of Revenue": 177000000.0,
        "Total Revenue": 237680000.0,
        "Operating Revenue": 237680000.0
    },
    "2022-03-31": {
        "Diluted EPS": 0.33,
        "Total Revenue": 224,
        "Gross Profit": 54,
        "Operating Income": 22,
        "EBIT": 36,
        "Net Income": 14
    },
    "2021-12-31": {
        "Diluted EPS": 0.3,
        "Total Revenue": 209,
        "Gross Profit": 49,
        "Operating Income": 18,
        "EBIT": 31,
        "Net Income": 13
    },
    "2021-09-30": {
        "Diluted EPS": 0.45,
        "Total Revenue": 222,
        "Gross Profit": 58,
        "Operating Income": 31,
        "EBIT": 44,
        "Net Income": 20
    },
    "2021-06-30": {
        "Diluted EPS": 0.27,
        "Total Revenue": 219,
        "Gross Profit": 58,
        "Operating Income": 26,
        "EBIT": 39,
        "Net Income": 12
    },
    "2021-03-31": {
        "Diluted EPS": 0.3,
        "Total Revenue": 207,
        "Gross Profit": 51,
        "Operating Income": 21,
        "EBIT": 35,
        "Net Income": 13
    },
    "2020-12-31": {
        "Diluted EPS": 0.55,
        "Total Revenue": 188,
        "Gross Profit": 47,
        "Operating Income": 18,
        "EBIT": 31,
        "Net Income": 24
    },
    "2020-09-30": {
        "Diluted EPS": -2.32,
        "Total Revenue": 199,
        "Gross Profit": 52,
        "Operating Income": -108,
        "EBIT": 39,
        "Net Income": -101
    },
    "2020-06-30": {
        "Diluted EPS": -0.36,
        "Total Revenue": 200,
        "Gross Profit": 37,
        "Operating Income": -18,
        "EBIT": -4,
        "Net Income": -16
    },
    "2020-03-31": {
        "Diluted EPS": 0.3,
        "Total Revenue": 183,
        "Gross Profit": 46,
        "Operating Income": 20,
        "EBIT": 32,
        "Net Income": 13
    },
    "2019-12-31": {
        "Diluted EPS": 0.84,
        "Total Revenue": 171,
        "Gross Profit": 44,
        "Operating Income": 21,
        "EBIT": 32,
        "Net Income": 38
    },
    "2019-09-30": {
        "Diluted EPS": 0.42,
        "Total Revenue": 188,
        "Gross Profit": 49,
        "Operating Income": 24,
        "EBIT": 35,
        "Net Income": 19
    },
    "2019-06-30": {
        "Diluted EPS": 0.48,
        "Total Revenue": 191,
        "Gross Profit": 54,
        "Operating Income": 27,
        "EBIT": 38,
        "Net Income": 22
    },
    "2019-03-31": {
        "Diluted EPS": 0.42,
        "Total Revenue": 173,
        "Gross Profit": 47,
        "Operating Income": 20,
        "EBIT": 30,
        "Net Income": 19
    },
    "2018-12-31": {
        "Diluted EPS": 0.36,
        "Total Revenue": 39,
        "Gross Profit": 13,
        "Operating Income": 12,
        "EBIT": 20,
        "Net Income": 17
    },
    "2018-09-30": {
        "Diluted EPS": 0.49,
        "Total Revenue": 224,
        "Gross Profit": 62,
        "Operating Income": 30,
        "EBIT": 41,
        "Net Income": 23
    },
    "2018-06-30": {
        "Diluted EPS": 0.42,
        "Total Revenue": 225,
        "Gross Profit": 65,
        "Operating Income": 32,
        "EBIT": 43,
        "Net Income": 20
    },
    "2018-03-31": {
        "Diluted EPS": 0.53,
        "Total Revenue": 217,
        "Gross Profit": 60,
        "Operating Income": 35,
        "EBIT": 47,
        "Net Income": 24
    },
    "2017-12-31": {
        "Diluted EPS": -0.09,
        "Total Revenue": 34,
        "Gross Profit": 19,
        "Operating Income": 22,
        "EBIT": 29,
        "Net Income": -4
    },
    "2017-09-30": {
        "Diluted EPS": 0.29,
        "Total Revenue": 209,
        "Gross Profit": 59,
        "Operating Income": 28,
        "EBIT": 39,
        "Net Income": 13
    },
    "2017-06-30": {
        "Diluted EPS": 0.32,
        "Total Revenue": 213,
        "Gross Profit": 59,
        "Operating Income": 26,
        "EBIT": 39,
        "Net Income": 15
    },
    "2017-03-31": {
        "Diluted EPS": 0.15,
        "Total Revenue": 200,
        "Gross Profit": 52,
        "Operating Income": 16,
        "EBIT": 27,
        "Net Income": 7
    },
    "2016-12-31": {
        "Diluted EPS": -1.48,
        "Total Revenue": 186,
        "Gross Profit": 40,
        "Operating Income": -95,
        "EBIT": 16,
        "Net Income": -67
    },
    "2016-09-30": {
        "Diluted EPS": 0.19,
        "Total Revenue": 202,
        "Gross Profit": 58,
        "Operating Income": 18,
        "EBIT": 29,
        "Net Income": 9
    },
    "2016-06-30": {
        "Diluted EPS": 0.23,
        "Total Revenue": 203,
        "Gross Profit": 57,
        "Operating Income": 19,
        "EBIT": 30,
        "Net Income": 10
    },
    "2016-03-31": {
        "Diluted EPS": 0.18,
        "Total Revenue": 203,
        "Gross Profit": 56,
        "Operating Income": 16,
        "EBIT": 28,
        "Net Income": 8
    },
    "2015-12-31": {
        "Diluted EPS": -1.35,
        "Total Revenue": 193,
        "Gross Profit": 49,
        "Operating Income": -68,
        "EBIT": 19,
        "Net Income": -61
    },
    "2015-09-30": {
        "Diluted EPS": 0.26,
        "Total Revenue": 222,
        "Gross Profit": 62,
        "Operating Income": 22,
        "EBIT": 33,
        "Net Income": 12
    },
    "2015-06-30": {
        "Diluted EPS": 0.04,
        "Total Revenue": 225,
        "Gross Profit": 62,
        "Operating Income": 19,
        "EBIT": 31,
        "Net Income": 2
    },
    "2015-03-31": {
        "Diluted EPS": 0.31,
        "Total Revenue": 224,
        "Gross Profit": 63,
        "Operating Income": 23,
        "EBIT": 34,
        "Net Income": 14
    },
    "2014-12-31": {
        "Diluted EPS": 0.03,
        "Total Revenue": 351,
        "Gross Profit": 82,
        "Operating Income": 16,
        "EBIT": 27,
        "Net Income": 1
    },
    "2014-09-30": {
        "Diluted EPS": 0.49,
        "Total Revenue": 222,
        "Gross Profit": 60,
        "Operating Income": 21,
        "EBIT": 30,
        "Net Income": 22
    },
    "2014-06-30": {
        "Diluted EPS": 0.58,
        "Total Revenue": 225,
        "Gross Profit": 63,
        "Operating Income": 25,
        "EBIT": 30,
        "Net Income": 26
    },
    "2014-03-31": {
        "Diluted EPS": 0.41,
        "Total Revenue": 365,
        "Gross Profit": 96,
        "Operating Income": 32,
        "EBIT": 46,
        "Net Income": 19
    },
    "2013-12-31": {
        "Diluted EPS": 0.15,
        "Total Revenue": 320,
        "Gross Profit": 71,
        "Operating Income": 10,
        "EBIT": 5,
        "Net Income": 7
    },
    "2013-09-30": {
        "Diluted EPS": 0.7,
        "Total Revenue": 355,
        "Gross Profit": 94,
        "Operating Income": 44,
        "EBIT": 56,
        "Net Income": 29
    },
    "2013-06-30": {
        "Diluted EPS": 0.67,
        "Total Revenue": 378,
        "Gross Profit": 103,
        "Operating Income": 42,
        "EBIT": 55,
        "Net Income": 27
    },
    "2013-03-31": {
        "Diluted EPS": 0.33,
        "Total Revenue": 338,
        "Gross Profit": 83,
        "Operating Income": 24,
        "EBIT": 36,
        "Net Income": 13
    },
    "2012-12-31": {
        "Diluted EPS": -0.38,
        "Total Revenue": 296,
        "Gross Profit": 77,
        "Operating Income": 20,
        "EBIT": 31,
        "Net Income": -14
    },
    "2012-09-30": {
        "Diluted EPS": 0.47,
        "Total Revenue": 336,
        "Gross Profit": 90,
        "Operating Income": 37,
        "EBIT": 49,
        "Net Income": 19
    },
    "2012-06-30": {
        "Diluted EPS": 0.44,
        "Total Revenue": 338,
        "Gross Profit": 96,
        "Operating Income": 43,
        "EBIT": 55,
        "Net Income": 17
    },
    "2012-03-31": {
        "Diluted EPS": 0.36,
        "Total Revenue": 298,
        "Gross Profit": 79,
        "Operating Income": 29,
        "EBIT": 40,
        "Net Income": 12
    },
    "2011-12-31": {
        "Diluted EPS": 0.38,
        "Total Revenue": 260,
        "Gross Profit": 76,
        "Operating Income": 26,
        "EBIT": 38,
        "Net Income": 13
    },
    "2011-09-30": {
        "Diluted EPS": 0.52,
        "Total Revenue": 278,
        "Gross Profit": 82,
        "Operating Income": 36,
        "EBIT": 47,
        "Net Income": 18
    },
    "2011-06-30": {
        "Diluted EPS": 0.49,
        "Total Revenue": 288,
        "Gross Profit": 88,
        "Operating Income": 41,
        "EBIT": 51,
        "Net Income": 17
    },
    "2011-03-31": {
        "Diluted EPS": 0.34,
        "Total Revenue": 259,
        "Gross Profit": 72,
        "Operating Income": 28,
        "EBIT": 39,
        "Net Income": 12
    },
    "2010-12-31": {
        "Diluted EPS": 0.16,
        "Total Revenue": 193,
        "Gross Profit": 58,
        "Operating Income": 16,
        "EBIT": 26,
        "Net Income": 6
    },
    "2010-09-30": {
        "Diluted EPS": 0.37,
        "Total Revenue": 238,
        "Gross Profit": 72,
        "Operating Income": 32,
        "EBIT": 42,
        "Net Income": 13
    },
    "2010-06-30": {
        "Diluted EPS": 0.62,
        "Total Revenue": 252,
        "Gross Profit": 78,
        "Operating Income": 37,
        "EBIT": 47,
        "Net Income": 21
    },
    "2010-03-31": {
        "Diluted EPS": 0.16,
        "Total Revenue": 220,
        "Gross Profit": 63,
        "Operating Income": 25,
        "EBIT": 35,
        "Net Income": 5
    },
    "2009-12-31": {
        "Diluted EPS": -0.34,
        "Total Revenue": 164,
        "Gross Profit": 50,
        "Operating Income": 7,
        "EBIT": 19,
        "Net Income": -11
    },
    "2009-09-30": {
        "Diluted EPS": 0.17,
        "Total Revenue": 203,
        "Gross Profit": 58,
        "Operating Income": 21,
        "EBIT": 32,
        "Net Income": 6
    },
    "2009-06-30": {
        "Diluted EPS": 0.27,
        "Total Revenue": 208,
        "Gross Profit": 50,
        "Operating Income": 16,
        "EBIT": 28,
        "Net Income": 9
    },
    "2009-03-31": {
        "Diluted EPS": -0.11,
        "Total Revenue": 202,
        "Gross Profit": 46,
        "Operating Income": 5,
        "EBIT": 18,
        "Net Income": -4
    },
    "2023-09-30": {
        "Tax Effect Of Unusual Items": NaN,
        "Tax Rate For Calcs": NaN,
        "Normalized EBITDA": NaN,
        "Total Unusual Items": 120000.0,
        "Total Unusual Items Excluding Goodwill": 120000.0,
        "Net Income From Continuing Operation Net Minority Interest": NaN,
        "Reconciled Depreciation": NaN,
        "Reconciled Cost Of Revenue": NaN,
        "EBITDA": NaN,
        "EBIT": NaN,
        "Net Interest Income": NaN,
        "Interest Expense": NaN,
        "Normalized Income": NaN,
        "Net Income From Continuing And Discontinued Operation": NaN,
        "Total Expenses": NaN,
        "Total Operating Income As Reported": NaN,
        "Diluted Average Shares": 41673381.0,
        "Basic Average Shares": 41425208.0,
        "Diluted EPS": 0.4,
        "Basic EPS": 0.4,
        "Diluted NI Availto Com Stockholders": NaN,
        "Net Income Common Stockholders": NaN,
        "Net Income": NaN,
        "Net Income Including Noncontrolling Interests": NaN,
        "Net Income Continuous Operations": NaN,
        "Tax Provision": NaN,
        "Pretax Income": NaN,
        "Other Income Expense": NaN,
        "Other Non Operating Income Expenses": NaN,
        "Special Income Charges": 120000.0,
        "Gain On Sale Of Ppe": 120000.0,
        "Net Non Operating Interest Income Expense": NaN,
        "Interest Expense Non Operating": NaN,
        "Operating Income": NaN,
        "Operating Expense": NaN,
        "Selling General And Administration": NaN,
        "Gross Profit": NaN,
        "Cost Of Revenue": NaN,
        "Total Revenue": NaN,
        "Operating Revenue": NaN
    },
    "2023-12-31": {
        "Tax Effect Of Unusual Items": NaN,
        "Tax Rate For Calcs": NaN,
        "Normalized EBITDA": NaN,
        "Total Unusual Items": -1370000.0,
        "Total Unusual Items Excluding Goodwill": -1370000.0,
        "Net Income From Continuing Operation Net Minority Interest": NaN,
        "Reconciled Depreciation": NaN,
        "Reconciled Cost Of Revenue": NaN,
        "EBITDA": NaN,
        "EBIT": NaN,
        "Net Interest Income": NaN,
        "Interest Expense": NaN,
        "Normalized Income": NaN,
        "Net Income From Continuing And Discontinued Operation": NaN,
        "Total Expenses": NaN,
        "Total Operating Income As Reported": NaN,
        "Diluted Average Shares": NaN,
        "Basic Average Shares": NaN,
        "Diluted EPS": NaN,
        "Basic EPS": NaN,
        "Diluted NI Availto Com Stockholders": NaN,
        "Net Income Common Stockholders": NaN,
        "Net Income": NaN,
        "Net Income Including Noncontrolling Interests": NaN,
        "Net Income Continuous Operations": NaN,
        "Tax Provision": NaN,
        "Pretax Income": NaN,
        "Other Income Expense": NaN,
        "Other Non Operating Income Expenses": NaN,
        "Special Income Charges": -1370000.0,
        "Gain On Sale Of Ppe": -250000.0,
        "Net Non Operating Interest Income Expense": NaN,
        "Interest Expense Non Operating": NaN,
        "Operating Income": NaN,
        "Operating Expense": NaN,
        "Selling General And Administration": NaN,
        "Gross Profit": NaN,
        "Cost Of Revenue": NaN,
        "Total Revenue": NaN,
        "Operating Revenue": NaN
    },
    "2024-03-31": {
        "Tax Effect Of Unusual Items": 17107.093185,
        "Tax Rate For Calcs": 0.285118,
        "Normalized EBITDA": 26250000.0,
        "Total Unusual Items": 60000.0,
        "Total Unusual Items Excluding Goodwill": 60000.0,
        "Net Income From Continuing Operation Net Minority Interest": 5140000.0,
        "Reconciled Depreciation": 14190000.0,
        "Reconciled Cost Of Revenue": 174390000.0,
        "EBITDA": 26310000.0,
        "EBIT": 12120000.0,
        "Net Interest Income": -4930000.0,
        "Interest Expense": 4930000.0,
        "Normalized Income": 5097107.093185,
        "Net Income From Continuing And Discontinued Operation": 5140000.0,
        "Total Expenses": 214720000.0,
        "Total Operating Income As Reported": 12440000.0,
        "Diluted Average Shares": 41322014.0,
        "Basic Average Shares": 41018049.0,
        "Diluted EPS": 0.12,
        "Basic EPS": 0.13,
        "Diluted NI Availto Com Stockholders": 5140000.0,
        "Net Income Common Stockholders": 5140000.0,
        "Net Income": 5140000.0,
        "Net Income Including Noncontrolling Interests": 5140000.0,
        "Net Income Continuous Operations": 5140000.0,
        "Tax Provision": 2050000.0,
        "Pretax Income": 7190000.0,
        "Other Income Expense": -260000.0,
        "Other Non Operating Income Expenses": -320000.0,
        "Special Income Charges": 60000.0,
        "Gain On Sale Of Ppe": 60000.0,
        "Net Non Operating Interest Income Expense": -4930000.0,
        "Interest Expense Non Operating": 4930000.0,
        "Operating Income": 12380000.0,
        "Operating Expense": 40330000.0,
        "Selling General And Administration": 40330000.0,
        "Gross Profit": 52710000.0,
        "Cost Of Revenue": 174390000.0,
        "Total Revenue": 227100000.0,
        "Operating Revenue": 227100000.0
    },
    "2024-06-30": {
        "Tax Effect Of Unusual Items": -8220.0,
        "Tax Rate For Calcs": 0.137,
        "Normalized EBITDA": 32190000.0,
        "Total Unusual Items": -60000.0,
        "Total Unusual Items Excluding Goodwill": -60000.0,
        "Net Income From Continuing Operation Net Minority Interest": 10940000.0,
        "Reconciled Depreciation": 14240000.0,
        "Reconciled Cost Of Revenue": 186490000.0,
        "EBITDA": 32130000.0,
        "EBIT": 17890000.0,
        "Net Interest Income": -5220000.0,
        "Interest Expense": 5220000.0,
        "Normalized Income": 10991780.0,
        "Net Income From Continuing And Discontinued Operation": 10940000.0,
        "Total Expenses": 222590000.0,
        "Total Operating Income As Reported": 17850000.0,
        "Diluted Average Shares": 40999038.0,
        "Basic Average Shares": 40699287.0,
        "Diluted EPS": 0.27,
        "Basic EPS": 0.27,
        "Diluted NI Availto Com Stockholders": 10940000.0,
        "Net Income Common Stockholders": 10940000.0,
        "Net Income": 10940000.0,
        "Net Income Including Noncontrolling Interests": 10940000.0,
        "Net Income Continuous Operations": 10940000.0,
        "Tax Provision": 1730000.0,
        "Pretax Income": 12670000.0,
        "Other Income Expense": -20000.0,
        "Other Non Operating Income Expenses": 40000.0,
        "Special Income Charges": -60000.0,
        "Gain On Sale Of Ppe": -60000.0,
        "Net Non Operating Interest Income Expense": -5220000.0,
        "Interest Expense Non Operating": 5220000.0,
        "Operating Income": 17910000.0,
        "Operating Expense": 36100000.0,
        "Selling General And Administration": 36100000.0,
        "Gross Profit": 54010000.0,
        "Cost Of Revenue": 186490000.0,
        "Total Revenue": 240500000.0,
        "Operating Revenue": 240500000.0
    },
    "2024-09-30": {
        "Tax Effect Of Unusual Items": 264160.0,
        "Tax Rate For Calcs": 0.254,
        "Normalized EBITDA": 21360000.0,
        "Total Unusual Items": 1040000.0,
        "Total Unusual Items Excluding Goodwill": 1040000.0,
        "Net Income From Continuing Operation Net Minority Interest": 2530000.0,
        "Reconciled Depreciation": 14150000.0,
        "Reconciled Cost Of Revenue": 177660000.0,
        "EBITDA": 22400000.0,
        "EBIT": 8250000.0,
        "Net Interest Income": -4860000.0,
        "Interest Expense": 4860000.0,
        "Normalized Income": 1754160.0,
        "Net Income From Continuing And Discontinued Operation": 2530000.0,
        "Total Expenses": 222120000.0,
        "Total Operating Income As Reported": 8280000.0,
        "Diluted Average Shares": 40946571.0,
        "Basic Average Shares": 40612413.0,
        "Diluted EPS": 0.06,
        "Basic EPS": 0.06,
        "Diluted NI Availto Com Stockholders": 2530000.0,
        "Net Income Common Stockholders": 2530000.0,
        "Net Income": 2530000.0,
        "Net Income Including Noncontrolling Interests": 2530000.0,
        "Net Income Continuous Operations": 2530000.0,
        "Tax Provision": 860000.0,
        "Pretax Income": 3390000.0,
        "Other Income Expense": 1010000.0,
        "Other Non Operating Income Expenses": -30000.0,
        "Special Income Charges": 1040000.0,
        "Gain On Sale Of Ppe": 1040000.0,
        "Net Non Operating Interest Income Expense": -4860000.0,
        "Interest Expense Non Operating": 4860000.0,
        "Operating Income": 7240000.0,
        "Operating Expense": 44460000.0,
        "Selling General And Administration": 44460000.0,
        "Gross Profit": 51700000.0,
        "Cost Of Revenue": 177660000.0,
        "Total Revenue": 229360000.0,
        "Operating Revenue": 229360000.0
    },
    "2024-12-31": {
        "Tax Effect Of Unusual Items": -45729.013255,
        "Tax Rate For Calcs": 0.169367,
        "Normalized EBITDA": 33950000.0,
        "Total Unusual Items": -270000.0,
        "Total Unusual Items Excluding Goodwill": -270000.0,
        "Net Income From Continuing Operation Net Minority Interest": 5640000.0,
        "Reconciled Depreciation": 22340000.0,
        "Reconciled Cost Of Revenue": 187010000.0,
        "EBITDA": 33680000.0,
        "EBIT": 11340000.0,
        "Net Interest Income": -4550000.0,
        "Interest Expense": 4550000.0,
        "Normalized Income": 5864270.986745,
        "Net Income From Continuing And Discontinued Operation": 5640000.0,
        "Total Expenses": 219160000.0,
        "Total Operating Income As Reported": 8620000.0,
        "Diluted Average Shares": 40956347.0,
        "Basic Average Shares": 40573108.0,
        "Diluted EPS": 0.14,
        "Basic EPS": 0.14,
        "Diluted NI Availto Com Stockholders": 5640000.0,
        "Net Income Common Stockholders": 5640000.0,
        "Net Income": 5640000.0,
        "Net Income Including Noncontrolling Interests": 5640000.0,
        "Net Income Continuous Operations": 5640000.0,
        "Tax Provision": 1150000.0,
        "Pretax Income": 6790000.0,
        "Other Income Expense": 2450000.0,
        "Other Non Operating Income Expenses": 2720000.0,
        "Special Income Charges": -270000.0,
        "Gain On Sale Of Ppe": -40000.0,
        "Net Non Operating Interest Income Expense": -4550000.0,
        "Interest Expense Non Operating": 4550000.0,
        "Operating Income": 8890000.0,
        "Operating Expense": 32150000.0,
        "Selling General And Administration": 32150000.0,
        "Gross Profit": 41040000.0,
        "Cost Of Revenue": 187010000.0,
        "Total Revenue": 228050000.0,
        "Operating Revenue": 228050000.0
    },
    "2025-03-31": {
        "Tax Effect Of Unusual Items": 1460040.0,
        "Tax Rate For Calcs": 0.276,
        "Normalized EBITDA": 30220000.0,
        "Total Unusual Items": 5290000.0,
        "Total Unusual Items Excluding Goodwill": 5290000.0,
        "Net Income From Continuing Operation Net Minority Interest": 12420000.0,
        "Reconciled Depreciation": 13830000.0,
        "Reconciled Cost Of Revenue": 184640000.0,
        "EBITDA": 35510000.0,
        "EBIT": 21680000.0,
        "Net Interest Income": -4520000.0,
        "Interest Expense": 4520000.0,
        "Normalized Income": 8590040.0,
        "Net Income From Continuing And Discontinued Operation": 12420000.0,
        "Total Expenses": 225180000.0,
        "Total Operating Income As Reported": 21780000.0,
        "Diluted Average Shares": 40969299.0,
        "Basic Average Shares": 40605288.0,
        "Diluted EPS": 0.3,
        "Basic EPS": 0.31,
        "Diluted NI Availto Com Stockholders": 12420000.0,
        "Net Income Common Stockholders": 12420000.0,
        "Net Income": 12420000.0,
        "Net Income Including Noncontrolling Interests": 12420000.0,
        "Net Income Continuous Operations": 12420000.0,
        "Tax Provision": 4740000.0,
        "Pretax Income": 17160000.0,
        "Other Income Expense": 5190000.0,
        "Other Non Operating Income Expenses": -100000.0,
        "Special Income Charges": 5290000.0,
        "Gain On Sale Of Ppe": 5290000.0,
        "Net Non Operating Interest Income Expense": -4520000.0,
        "Interest Expense Non Operating": 4520000.0,
        "Operating Income": 16490000.0,
        "Operating Expense": 40540000.0,
        "Selling General And Administration": 40540000.0,
        "Gross Profit": 57030000.0,
        "Cost Of Revenue": 184640000.0,
        "Total Revenue": 241670000.0,
        "Operating Revenue": 241670000.0
    },
    "2025-06-30": {
        "Tax Effect Of Unusual Items": -5040.0,
        "Tax Rate For Calcs": 0.252,
        "Normalized EBITDA": 41280000.0,
        "Total Unusual Items": -20000.0,
        "Total Unusual Items Excluding Goodwill": -20000.0,
        "Net Income From Continuing Operation Net Minority Interest": 16720000.0,
        "Reconciled Depreciation": 14360000.0,
        "Reconciled Cost Of Revenue": 205040000.0,
        "EBITDA": 41260000.0,
        "EBIT": 26900000.0,
        "Net Interest Income": -4550000.0,
        "Interest Expense": 4550000.0,
        "Normalized Income": 16734960.0,
        "Net Income From Continuing And Discontinued Operation": 16720000.0,
        "Total Expenses": 247610000.0,
        "Total Operating Income As Reported": 27130000.0,
        "Diluted Average Shares": 40929861.0,
        "Basic Average Shares": 40647361.0,
        "Diluted EPS": 0.41,
        "Basic EPS": 0.41,
        "Diluted NI Availto Com Stockholders": 16720000.0,
        "Net Income Common Stockholders": 16720000.0,
        "Net Income": 16720000.0,
        "Net Income Including Noncontrolling Interests": 16720000.0,
        "Net Income Continuous Operations": 16720000.0,
        "Tax Provision": 5630000.0,
        "Pretax Income": 22350000.0,
        "Other Income Expense": -250000.0,
        "Other Non Operating Income Expenses": -230000.0,
        "Special Income Charges": -20000.0,
        "Gain On Sale Of Ppe": -20000.0,
        "Net Non Operating Interest Income Expense": -4550000.0,
        "Interest Expense Non Operating": 4550000.0,
        "Operating Income": 27150000.0,
        "Operating Expense": 42570000.0,
        "Selling General And Administration": 42570000.0,
        "Gross Profit": 69720000.0,
        "Cost Of Revenue": 205040000.0,
        "Total Revenue": 274760000.0,
        "Operating Revenue": 274760000.0
    }
}