{
    "2023-06-30": {
        "Tax Effect Of Unusual Items": NaN,
        "Tax Rate For Calcs": NaN,
        "Net Income From Continuing Operation Net Minority Interest": NaN,
        "Reconciled Depreciation": NaN,
        "Net Interest Income": NaN,
        "Interest Expense": NaN,
        "Interest Income": NaN,
        "Normalized Income": NaN,
        "Net Income From Continuing And Discontinued Operation": NaN,
        "Diluted Average Shares": NaN,
        "Basic Average Shares": NaN,
        "Diluted EPS": NaN,
        "Basic EPS": NaN,
        "Diluted NI Availto Com Stockholders": NaN,
        "Net Income Common Stockholders": NaN,
        "Net Income": NaN,
        "Net Income Including Noncontrolling Interests": NaN,
        "Net Income Continuous Operations": NaN,
        "Tax Provision": NaN,
        "Pretax Income": NaN,
        "Gain On Sale Of Security": 0.0,
        "Selling General And Administration": NaN,
        "Selling And Marketing Expense": NaN,
        "General And Administrative Expense": NaN,
        "Insurance And Claims": NaN,
        "Salaries And Wages": NaN,
        "Total Revenue": NaN,
        "Operating Revenue": NaN,
        "Occupancy And Equipment": NaN,
        "Professional Expense And Contract Services Expense": NaN,
        "Other Non Interest Expense": NaN
    },
    "2023-03-31": {
        "Tax Effect Of Unusual Items": 0.0,
        "Tax Rate For Calcs": 0.25,
        "Net Income From Continuing Operation Net Minority Interest": 17746000.0,
        "Reconciled Depreciation": 2642000.0,
        "Net Interest Income": 46965000.0,
        "Interest Expense": 6967000.0,
        "Interest Income": 53932000.0,
        "Normalized Income": 17746000.0,
        "Net Income From Continuing And Discontinued Operation": 17746000.0,
        "Diluted Average Shares": 19027000.0,
        "Basic Average Shares": 19024000.0,
        "Diluted EPS": 0.93,
        "Basic EPS": 0.93,
        "Diluted NI Availto Com Stockholders": 17746000.0,
        "Net Income Common Stockholders": 17746000.0,
        "Net Income": 17746000.0,
        "Net Income Including Noncontrolling Interests": 17746000.0,
        "Net Income Continuous Operations": 17746000.0,
        "Tax Provision": 5909000.0,
        "Pretax Income": 23655000.0,
        "Selling General And Administration": 14725000.0,
        "Selling And Marketing Expense": 390000.0,
        "General And Administrative Expense": 14335000.0,
        "Insurance And Claims": 1052000.0,
        "Salaries And Wages": 13283000.0,
        "Total Revenue": 51634000.0,
        "Operating Revenue": 51634000.0,
        "Occupancy And Equipment": 6560000.0,
        "Professional Expense And Contract Services Expense": 1607000.0,
        "Other Non Interest Expense": 4787000.0
    },
    "2022-12-31": {
        "Tax Effect Of Unusual Items": 0.0,
        "Tax Rate For Calcs": 0.239802,
        "Net Income From Continuing Operation Net Minority Interest": 20910000.0,
        "Reconciled Depreciation": 2621000.0,
        "Net Interest Income": 49186000.0,
        "Interest Expense": 2898000.0,
        "Interest Income": 52084000.0,
        "Normalized Income": 20910000.0,
        "Net Income From Continuing And Discontinued Operation": 20910000.0,
        "Diluted Average Shares": 19050000.0,
        "Basic Average Shares": 19045000.0,
        "Diluted EPS": 1.1,
        "Basic EPS": 1.1,
        "Diluted NI Availto Com Stockholders": 20910000.0,
        "Net Income Common Stockholders": 20910000.0,
        "Net Income": 20910000.0,
        "Net Income Including Noncontrolling Interests": 20910000.0,
        "Net Income Continuous Operations": 20910000.0,
        "Tax Provision": 6596000.0,
        "Pretax Income": 27506000.0,
        "Selling General And Administration": 7261000.0,
        "Selling And Marketing Expense": 532000.0,
        "General And Administrative Expense": 6729000.0,
        "Insurance And Claims": 770000.0,
        "Salaries And Wages": 13067000.0,
        "Total Revenue": 53961000.0,
        "Operating Revenue": 53961000.0
    },
    "2022-09-30": {
        "Tax Effect Of Unusual Items": NaN,
        "Tax Rate For Calcs": NaN,
        "Net Income From Continuing Operation Net Minority Interest": NaN,
        "Reconciled Depreciation": NaN,
        "Net Interest Income": NaN,
        "Interest Expense": NaN,
        "Interest Income": NaN,
        "Normalized Income": NaN,
        "Net Income From Continuing And Discontinued Operation": NaN,
        "Diluted Average Shares": NaN,
        "Basic Average Shares": NaN,
        "Diluted EPS": NaN,
        "Basic EPS": NaN,
        "Diluted NI Availto Com Stockholders": NaN,
        "Net Income Common Stockholders": NaN,
        "Net Income": NaN,
        "Net Income Including Noncontrolling Interests": NaN,
        "Net Income Continuous Operations": NaN,
        "Tax Provision": NaN,
        "Pretax Income": NaN,
        "Selling General And Administration": NaN,
        "Selling And Marketing Expense": NaN,
        "General And Administrative Expense": NaN,
        "Other Gand A": 2328000.0,
        "Insurance And Claims": NaN,
        "Salaries And Wages": NaN,
        "Total Revenue": NaN,
        "Operating Revenue": NaN
    },
    "2022-06-30": {
        "Tax Effect Of Unusual Items": 0.0,
        "Tax Rate For Calcs": 0.2383,
        "Net Income From Continuing Operation Net Minority Interest": 17871000.0,
        "Reconciled Depreciation": 2656000.0,
        "Net Interest Income": 43060000.0,
        "Interest Expense": 1127000.0,
        "Interest Income": 44187000.0,
        "Normalized Income": 17871000.0,
        "Net Income From Continuing And Discontinued Operation": 17871000.0,
        "Diluted Average Shares": 19153000.0,
        "Basic Average Shares": 19153000.0,
        "Diluted EPS": 0.93,
        "Basic EPS": 0.93,
        "Diluted NI Availto Com Stockholders": 17871000.0,
        "Net Income Common Stockholders": 17871000.0,
        "Net Income": 17871000.0,
        "Net Income Including Noncontrolling Interests": 17871000.0,
        "Net Income Continuous Operations": 17871000.0,
        "Tax Provision": 5591000.0,
        "Pretax Income": 23462000.0,
        "Selling General And Administration": 15157000.0,
        "Selling And Marketing Expense": 389000.0,
        "General And Administrative Expense": 14768000.0,
        "Other Gand A": NaN,
        "Insurance And Claims": 804000.0,
        "Salaries And Wages": 11464000.0,
        "Total Revenue": 47976000.0,
        "Operating Revenue": 47976000.0
    },
    "2022-03-31": {
        "Diluted EPS": 0.89,
        "Total Revenue": 46,
        "Gross Profit": 45,
        "Operating Income": 23,
        "EBIT": NaN,
        "Net Income": 17
    },
    "2021-12-31": {
        "Diluted EPS": 0.84,
        "Total Revenue": 46,
        "Gross Profit": 45,
        "Operating Income": 22,
        "EBIT": NaN,
        "Net Income": 16
    },
    "2021-09-30": {
        "Diluted EPS": 0.87,
        "Total Revenue": 46,
        "Gross Profit": 44,
        "Operating Income": 22,
        "EBIT": NaN,
        "Net Income": 17
    },
    "2021-06-30": {
        "Diluted EPS": 0.75,
        "Total Revenue": 47,
        "Gross Profit": 45,
        "Operating Income": 19,
        "EBIT": NaN,
        "Net Income": 14
    },
    "2021-03-31": {
        "Diluted EPS": 0.73,
        "Total Revenue": 47,
        "Gross Profit": 45,
        "Operating Income": 19,
        "EBIT": NaN,
        "Net Income": 14
    },
    "2020-12-31": {
        "Diluted EPS": 0.72,
        "Total Revenue": 47,
        "Gross Profit": 43,
        "Operating Income": 18,
        "EBIT": NaN,
        "Net Income": 14
    },
    "2020-09-30": {
        "Diluted EPS": 0.73,
        "Total Revenue": 48,
        "Gross Profit": 43,
        "Operating Income": 19,
        "EBIT": NaN,
        "Net Income": 14
    },
    "2020-06-30": {
        "Diluted EPS": 0.58,
        "Total Revenue": 48,
        "Gross Profit": 41,
        "Operating Income": 15,
        "EBIT": NaN,
        "Net Income": 11
    },
    "2020-03-31": {
        "Diluted EPS": 0.69,
        "Total Revenue": 52,
        "Gross Profit": 44,
        "Operating Income": 18,
        "EBIT": NaN,
        "Net Income": 13
    },
    "2019-12-31": {
        "Diluted EPS": 0.72,
        "Total Revenue": 52,
        "Gross Profit": 42,
        "Operating Income": 18,
        "EBIT": NaN,
        "Net Income": 14
    },
    "2019-09-30": {
        "Diluted EPS": 0.76,
        "Total Revenue": 53,
        "Gross Profit": 44,
        "Operating Income": 19,
        "EBIT": NaN,
        "Net Income": 15
    },
    "2019-06-30": {
        "Diluted EPS": 0.76,
        "Total Revenue": 54,
        "Gross Profit": 44,
        "Operating Income": 20,
        "EBIT": NaN,
        "Net Income": 15
    },
    "2019-03-31": {
        "Diluted EPS": 0.75,
        "Total Revenue": 52,
        "Gross Profit": 44,
        "Operating Income": 19,
        "EBIT": NaN,
        "Net Income": 15
    },
    "2018-12-31": {
        "Diluted EPS": 0.83,
        "Total Revenue": 51,
        "Gross Profit": 45,
        "Operating Income": 20,
        "EBIT": NaN,
        "Net Income": 16
    },
    "2018-09-30": {
        "Diluted EPS": 0.79,
        "Total Revenue": 50,
        "Gross Profit": 45,
        "Operating Income": 20,
        "EBIT": NaN,
        "Net Income": 15
    },
    "2018-06-30": {
        "Diluted EPS": 0.8,
        "Total Revenue": 49,
        "Gross Profit": 45,
        "Operating Income": 20,
        "EBIT": NaN,
        "Net Income": 15
    },
    "2018-03-31": {
        "Diluted EPS": 0.77,
        "Total Revenue": 48,
        "Gross Profit": 44,
        "Operating Income": 20,
        "EBIT": NaN,
        "Net Income": 15
    },
    "2017-12-31": {
        "Diluted EPS": 0.38,
        "Total Revenue": 47,
        "Gross Profit": 44,
        "Operating Income": 20,
        "EBIT": NaN,
        "Net Income": 7
    },
    "2017-09-30": {
        "Diluted EPS": 0.66,
        "Total Revenue": 48,
        "Gross Profit": 44,
        "Operating Income": 20,
        "EBIT": NaN,
        "Net Income": 13
    },
    "2017-06-30": {
        "Diluted EPS": 0.64,
        "Total Revenue": 47,
        "Gross Profit": 43,
        "Operating Income": 20,
        "EBIT": NaN,
        "Net Income": 12
    },
    "2017-03-31": {
        "Diluted EPS": 0.57,
        "Total Revenue": 46,
        "Gross Profit": 42,
        "Operating Income": 18,
        "EBIT": NaN,
        "Net Income": 11
    },
    "2016-12-31": {
        "Diluted EPS": 0.57,
        "Total Revenue": 45,
        "Gross Profit": 41,
        "Operating Income": 17,
        "EBIT": NaN,
        "Net Income": 11
    },
    "2016-09-30": {
        "Diluted EPS": 0.57,
        "Total Revenue": 45,
        "Gross Profit": 41,
        "Operating Income": 18,
        "EBIT": NaN,
        "Net Income": 11
    },
    "2016-06-30": {
        "Diluted EPS": 0.55,
        "Total Revenue": 45,
        "Gross Profit": 41,
        "Operating Income": 17,
        "EBIT": NaN,
        "Net Income": 10
    },
    "2016-03-31": {
        "Diluted EPS": 0.55,
        "Total Revenue": 45,
        "Gross Profit": 41,
        "Operating Income": 17,
        "EBIT": NaN,
        "Net Income": 10
    },
    "2015-12-31": {
        "Diluted EPS": 0.54,
        "Total Revenue": 45,
        "Gross Profit": 41,
        "Operating Income": 16,
        "EBIT": NaN,
        "Net Income": 10
    },
    "2015-09-30": {
        "Diluted EPS": 0.56,
        "Total Revenue": 45,
        "Gross Profit": 40,
        "Operating Income": 16,
        "EBIT": NaN,
        "Net Income": 11
    },
    "2015-06-30": {
        "Diluted EPS": 0.57,
        "Total Revenue": 44,
        "Gross Profit": 40,
        "Operating Income": 17,
        "EBIT": NaN,
        "Net Income": 11
    },
    "2015-03-31": {
        "Diluted EPS": 0.57,
        "Total Revenue": 44,
        "Gross Profit": 40,
        "Operating Income": 17,
        "EBIT": NaN,
        "Net Income": 11
    },
    "2014-12-31": {
        "Diluted EPS": 0.56,
        "Total Revenue": 45,
        "Gross Profit": 40,
        "Operating Income": 17,
        "EBIT": NaN,
        "Net Income": 11
    },
    "2014-09-30": {
        "Diluted EPS": 0.57,
        "Total Revenue": 44,
        "Gross Profit": 41,
        "Operating Income": 17,
        "EBIT": NaN,
        "Net Income": 11
    },
    "2014-06-30": {
        "Diluted EPS": 0.63,
        "Total Revenue": 44,
        "Gross Profit": 40,
        "Operating Income": 19,
        "EBIT": NaN,
        "Net Income": 12
    },
    "2014-03-31": {
        "Diluted EPS": 0.58,
        "Total Revenue": 44,
        "Gross Profit": 40,
        "Operating Income": 18,
        "EBIT": NaN,
        "Net Income": 11
    },
    "2013-12-31": {
        "Diluted EPS": 0.56,
        "Total Revenue": 43,
        "Gross Profit": 39,
        "Operating Income": 17,
        "EBIT": NaN,
        "Net Income": 11
    },
    "2013-09-30": {
        "Diluted EPS": 0.55,
        "Total Revenue": 42,
        "Gross Profit": 39,
        "Operating Income": 16,
        "EBIT": NaN,
        "Net Income": 10
    },
    "2013-06-30": {
        "Diluted EPS": 0.52,
        "Total Revenue": 43,
        "Gross Profit": 39,
        "Operating Income": 16,
        "EBIT": NaN,
        "Net Income": 10
    },
    "2013-03-31": {
        "Diluted EPS": 0.49,
        "Total Revenue": 42,
        "Gross Profit": 38,
        "Operating Income": 15,
        "EBIT": NaN,
        "Net Income": 9
    },
    "2012-12-31": {
        "Diluted EPS": 0.52,
        "Total Revenue": 44,
        "Gross Profit": 40,
        "Operating Income": 13,
        "EBIT": NaN,
        "Net Income": 10
    },
    "2012-09-30": {
        "Diluted EPS": 0.52,
        "Total Revenue": 44,
        "Gross Profit": 39,
        "Operating Income": 16,
        "EBIT": NaN,
        "Net Income": 10
    },
    "2012-06-30": {
        "Diluted EPS": 0.49,
        "Total Revenue": 44,
        "Gross Profit": 38,
        "Operating Income": 14,
        "EBIT": NaN,
        "Net Income": 9
    },
    "2012-03-31": {
        "Diluted EPS": 0.48,
        "Total Revenue": 44,
        "Gross Profit": 38,
        "Operating Income": 14,
        "EBIT": NaN,
        "Net Income": 9
    },
    "2011-12-31": {
        "Diluted EPS": 0.47,
        "Total Revenue": 46,
        "Gross Profit": 40,
        "Operating Income": 15,
        "EBIT": NaN,
        "Net Income": 9
    },
    "2011-09-30": {
        "Diluted EPS": 0.5,
        "Total Revenue": 44,
        "Gross Profit": 38,
        "Operating Income": 14,
        "EBIT": NaN,
        "Net Income": 9
    },
    "2011-06-30": {
        "Diluted EPS": 0.5,
        "Total Revenue": 45,
        "Gross Profit": 38,
        "Operating Income": 12,
        "EBIT": NaN,
        "Net Income": 8
    },
    "2011-03-31": {
        "Diluted EPS": 0.48,
        "Total Revenue": 44,
        "Gross Profit": 37,
        "Operating Income": 11,
        "EBIT": NaN,
        "Net Income": 7
    },
    "2010-12-31": {
        "Diluted EPS": 0.45,
        "Total Revenue": 46,
        "Gross Profit": 38,
        "Operating Income": 6,
        "EBIT": NaN,
        "Net Income": 7
    },
    "2010-09-30": {
        "Diluted EPS": 0.55,
        "Total Revenue": 45,
        "Gross Profit": 36,
        "Operating Income": 12,
        "EBIT": NaN,
        "Net Income": 8
    },
    "2010-06-30": {
        "Diluted EPS": 0.47,
        "Total Revenue": 47,
        "Gross Profit": 37,
        "Operating Income": 11,
        "EBIT": NaN,
        "Net Income": 7
    },
    "2010-03-31": {
        "Diluted EPS": 0.45,
        "Total Revenue": 45,
        "Gross Profit": 36,
        "Operating Income": 11,
        "EBIT": NaN,
        "Net Income": 7
    },
    "2009-12-31": {
        "Diluted EPS": 0.56,
        "Total Revenue": 46,
        "Gross Profit": 36,
        "Operating Income": 7,
        "EBIT": NaN,
        "Net Income": 8
    },
    "2009-09-30": {
        "Diluted EPS": 0.52,
        "Total Revenue": 46,
        "Gross Profit": 35,
        "Operating Income": 13,
        "EBIT": NaN,
        "Net Income": 8
    },
    "2009-06-30": {
        "Diluted EPS": 0.35,
        "Total Revenue": 44,
        "Gross Profit": 31,
        "Operating Income": 8,
        "EBIT": NaN,
        "Net Income": 5
    },
    "2009-03-31": {
        "Diluted EPS": 0.42,
        "Total Revenue": 44,
        "Gross Profit": 30,
        "Operating Income": 9,
        "EBIT": NaN,
        "Net Income": 6
    },
    "2023-09-30": {
        "Tax Effect Of Unusual Items": NaN,
        "Tax Rate For Calcs": NaN,
        "Net Income From Continuing Operation Net Minority Interest": NaN,
        "Reconciled Depreciation": NaN,
        "Net Interest Income": NaN,
        "Interest Expense": NaN,
        "Interest Income": NaN,
        "Normalized Income": NaN,
        "Net Income From Continuing And Discontinued Operation": NaN,
        "Diluted Average Shares": NaN,
        "Basic Average Shares": NaN,
        "Diluted EPS": NaN,
        "Basic EPS": NaN,
        "Diluted NI Availto Com Stockholders": NaN,
        "Net Income Common Stockholders": NaN,
        "Net Income": NaN,
        "Net Income Including Noncontrolling Interests": NaN,
        "Net Income Continuous Operations": NaN,
        "Tax Provision": NaN,
        "Pretax Income": NaN,
        "Gain On Sale Of Security": 0.0,
        "Selling General And Administration": NaN,
        "Selling And Marketing Expense": NaN,
        "General And Administrative Expense": NaN,
        "Insurance And Claims": NaN,
        "Salaries And Wages": NaN,
        "Total Revenue": NaN,
        "Operating Revenue": NaN,
        "Occupancy And Equipment": NaN,
        "Professional Expense And Contract Services Expense": NaN,
        "Other Non Interest Expense": NaN
    },
    "2023-12-31": {
        "Tax Effect Of Unusual Items": 0.0,
        "Tax Rate For Calcs": 0.236589,
        "Net Income From Continuing Operation Net Minority Interest": 9848000.0,
        "Reconciled Depreciation": 2829000.0,
        "Net Interest Income": 38607000.0,
        "Interest Expense": 20033000.0,
        "Interest Income": 58640000.0,
        "Normalized Income": 9848000.0,
        "Net Income From Continuing And Discontinued Operation": 9848000.0,
        "Diluted Average Shares": 19026000.0,
        "Basic Average Shares": 19024000.0,
        "Diluted EPS": 0.52,
        "Basic EPS": 0.52,
        "Diluted NI Availto Com Stockholders": 9848000.0,
        "Net Income Common Stockholders": 9848000.0,
        "Net Income": 9848000.0,
        "Net Income Including Noncontrolling Interests": 9848000.0,
        "Net Income Continuous Operations": 9848000.0,
        "Tax Provision": 3052000.0,
        "Pretax Income": 12900000.0,
        "Gain On Sale Of Security": NaN,
        "Selling General And Administration": 13913000.0,
        "Selling And Marketing Expense": 384000.0,
        "General And Administrative Expense": 13529000.0,
        "Insurance And Claims": 1085000.0,
        "Salaries And Wages": 12444000.0,
        "Total Revenue": 43081000.0,
        "Operating Revenue": 43081000.0,
        "Occupancy And Equipment": 6061000.0,
        "Professional Expense And Contract Services Expense": 1561000.0,
        "Other Non Interest Expense": 7296000.0
    },
    "2024-03-31": {
        "Tax Effect Of Unusual Items": 0.0,
        "Tax Rate For Calcs": 0.238221,
        "Net Income From Continuing Operation Net Minority Interest": 12126000.0,
        "Reconciled Depreciation": 2739000.0,
        "Net Interest Income": 36578000.0,
        "Interest Expense": 23175000.0,
        "Interest Income": 59753000.0,
        "Normalized Income": 12126000.0,
        "Net Income From Continuing And Discontinued Operation": 12126000.0,
        "Diluted Average Shares": 19032000.0,
        "Basic Average Shares": 19024000.0,
        "Diluted EPS": 0.64,
        "Basic EPS": 0.64,
        "Diluted NI Availto Com Stockholders": 12126000.0,
        "Net Income Common Stockholders": 12126000.0,
        "Net Income": 12126000.0,
        "Net Income Including Noncontrolling Interests": 12126000.0,
        "Net Income Continuous Operations": 12126000.0,
        "Tax Provision": 3792000.0,
        "Pretax Income": 15918000.0,
        "Gain On Sale Of Security": NaN,
        "Selling General And Administration": 12929000.0,
        "Selling And Marketing Expense": 408000.0,
        "General And Administrative Expense": 12521000.0,
        "Insurance And Claims": 1094000.0,
        "Salaries And Wages": 11427000.0,
        "Total Revenue": 41421000.0,
        "Operating Revenue": 41421000.0,
        "Occupancy And Equipment": 6349000.0,
        "Professional Expense And Contract Services Expense": 1460000.0,
        "Other Non Interest Expense": 4165000.0
    },
    "2024-06-30": {
        "Tax Effect Of Unusual Items": 0.0,
        "Tax Rate For Calcs": 0.23841,
        "Net Income From Continuing Operation Net Minority Interest": 12551000.0,
        "Reconciled Depreciation": 2708000.0,
        "Net Interest Income": 37788000.0,
        "Interest Expense": 22797000.0,
        "Interest Income": 60585000.0,
        "Normalized Income": 12551000.0,
        "Net Income From Continuing And Discontinued Operation": 12551000.0,
        "Diluted Average Shares": NaN,
        "Basic Average Shares": NaN,
        "Diluted EPS": NaN,
        "Basic EPS": NaN,
        "Diluted NI Availto Com Stockholders": 12551000.0,
        "Net Income Common Stockholders": 12551000.0,
        "Net Income": 12551000.0,
        "Net Income Including Noncontrolling Interests": 12551000.0,
        "Net Income Continuous Operations": 12551000.0,
        "Tax Provision": 3929000.0,
        "Pretax Income": 16480000.0,
        "Gain On Sale Of Security": 1360000.0,
        "Selling General And Administration": 13783000.0,
        "Selling And Marketing Expense": 466000.0,
        "General And Administrative Expense": 13317000.0,
        "Insurance And Claims": 797000.0,
        "Salaries And Wages": 12520000.0,
        "Total Revenue": 43439000.0,
        "Operating Revenue": 43439000.0,
        "Occupancy And Equipment": 6365000.0,
        "Professional Expense And Contract Services Expense": 1570000.0,
        "Other Non Interest Expense": 4741000.0
    },
    "2024-09-30": {
        "Tax Effect Of Unusual Items": 0.0,
        "Tax Rate For Calcs": 0.238,
        "Net Income From Continuing Operation Net Minority Interest": 12875000.0,
        "Reconciled Depreciation": 2716000.0,
        "Net Interest Income": 38671000.0,
        "Interest Expense": 22398000.0,
        "Interest Income": 61069000.0,
        "Normalized Income": 12875000.0,
        "Net Income From Continuing And Discontinued Operation": 12875000.0,
        "Diluted Average Shares": 19036000.0,
        "Basic Average Shares": 19010000.0,
        "Diluted EPS": 0.68,
        "Basic EPS": 0.68,
        "Diluted NI Availto Com Stockholders": 12875000.0,
        "Net Income Common Stockholders": 12875000.0,
        "Net Income": 12875000.0,
        "Net Income Including Noncontrolling Interests": 12875000.0,
        "Net Income Continuous Operations": 12875000.0,
        "Tax Provision": 4027000.0,
        "Pretax Income": 16902000.0,
        "Gain On Sale Of Security": 23000.0,
        "Selling General And Administration": 13585000.0,
        "Selling And Marketing Expense": 339000.0,
        "General And Administrative Expense": 13246000.0,
        "Insurance And Claims": 1112000.0,
        "Salaries And Wages": 12134000.0,
        "Total Revenue": 43602000.0,
        "Operating Revenue": 43602000.0,
        "Occupancy And Equipment": 6028000.0,
        "Professional Expense And Contract Services Expense": 1863000.0,
        "Other Non Interest Expense": 4724000.0
    },
    "2024-12-31": {
        "Tax Effect Of Unusual Items": 0.0,
        "Tax Rate For Calcs": 0.234979,
        "Net Income From Continuing Operation Net Minority Interest": 11281000.0,
        "Reconciled Depreciation": 3272000.0,
        "Net Interest Income": 38902000.0,
        "Interest Expense": 23007000.0,
        "Interest Income": 61909000.0,
        "Normalized Income": 11281000.0,
        "Net Income From Continuing And Discontinued Operation": 11281000.0,
        "Diluted Average Shares": 19045000.0,
        "Basic Average Shares": 19015000.0,
        "Diluted EPS": 0.59,
        "Basic EPS": 0.59,
        "Diluted NI Availto Com Stockholders": 11281000.0,
        "Net Income Common Stockholders": 11281000.0,
        "Net Income": 11281000.0,
        "Net Income Including Noncontrolling Interests": 11281000.0,
        "Net Income Continuous Operations": 11281000.0,
        "Tax Provision": 3465000.0,
        "Pretax Income": 14746000.0,
        "Gain On Sale Of Security": 0.0,
        "Selling General And Administration": 13771000.0,
        "Selling And Marketing Expense": 590000.0,
        "General And Administrative Expense": 13181000.0,
        "Insurance And Claims": 1113000.0,
        "Salaries And Wages": 12068000.0,
        "Total Revenue": 43311000.0,
        "Operating Revenue": 43311000.0,
        "Occupancy And Equipment": 6967000.0,
        "Professional Expense And Contract Services Expense": 1782000.0,
        "Other Non Interest Expense": 5645000.0
    },
    "2025-03-31": {
        "Tax Effect Of Unusual Items": 0.0,
        "Tax Rate For Calcs": 0.237,
        "Net Income From Continuing Operation Net Minority Interest": 14275000.0,
        "Reconciled Depreciation": 2808000.0,
        "Net Interest Income": 40373000.0,
        "Interest Expense": 22444000.0,
        "Interest Income": 62817000.0,
        "Normalized Income": 14275000.0,
        "Net Income From Continuing And Discontinued Operation": 14275000.0,
        "Diluted Average Shares": 19044000.0,
        "Basic Average Shares": 19020000.0,
        "Diluted EPS": 0.75,
        "Basic EPS": 0.75,
        "Diluted NI Availto Com Stockholders": 14275000.0,
        "Net Income Common Stockholders": 14275000.0,
        "Net Income": 14275000.0,
        "Net Income Including Noncontrolling Interests": 14275000.0,
        "Net Income Continuous Operations": 14275000.0,
        "Tax Provision": 4443000.0,
        "Pretax Income": 18718000.0,
        "Gain On Sale Of Security": NaN,
        "Selling General And Administration": 13443000.0,
        "Selling And Marketing Expense": 361000.0,
        "General And Administrative Expense": 13082000.0,
        "Insurance And Claims": 1188000.0,
        "Salaries And Wages": 11894000.0,
        "Total Revenue": 45347000.0,
        "Operating Revenue": 45347000.0,
        "Occupancy And Equipment": 6498000.0,
        "Professional Expense And Contract Services Expense": 1726000.0,
        "Other Non Interest Expense": 4662000.0
    },
    "2025-06-30": {
        "Tax Effect Of Unusual Items": 0.0,
        "Tax Rate For Calcs": 0.237567,
        "Net Income From Continuing Operation Net Minority Interest": 15039000.0,
        "Reconciled Depreciation": 2845000.0,
        "Net Interest Income": 41746000.0,
        "Interest Expense": 22726000.0,
        "Interest Income": 64472000.0,
        "Normalized Income": 15039000.0,
        "Net Income From Continuing And Discontinued Operation": 15039000.0,
        "Diluted Average Shares": 18994000.0,
        "Basic Average Shares": 18965000.0,
        "Diluted EPS": 0.79,
        "Basic EPS": 0.79,
        "Diluted NI Availto Com Stockholders": 15039000.0,
        "Net Income Common Stockholders": 15039000.0,
        "Net Income": 15039000.0,
        "Net Income Including Noncontrolling Interests": 15039000.0,
        "Net Income Continuous Operations": 15039000.0,
        "Tax Provision": 4686000.0,
        "Pretax Income": 19725000.0,
        "Gain On Sale Of Security": 0.0,
        "Selling General And Administration": 13316000.0,
        "Selling And Marketing Expense": 304000.0,
        "General And Administrative Expense": 13012000.0,
        "Insurance And Claims": 1136000.0,
        "Salaries And Wages": 11876000.0,
        "Total Revenue": 46598000.0,
        "Operating Revenue": 46598000.0,
        "Occupancy And Equipment": 6436000.0,
        "Professional Expense And Contract Services Expense": 1886000.0,
        "Other Non Interest Expense": 4585000.0
    },
    "2025-09-30": {
        "Tax Effect Of Unusual Items": NaN,
        "Tax Rate For Calcs": NaN,
        "Net Income From Continuing Operation Net Minority Interest": NaN,
        "Reconciled Depreciation": NaN,
        "Net Interest Income": NaN,
        "Interest Expense": NaN,
        "Interest Income": NaN,
        "Normalized Income": NaN,
        "Net Income From Continuing And Discontinued Operation": NaN,
        "Diluted Average Shares": 18805000.0,
        "Basic Average Shares": 18755000.0,
        "Diluted EPS": 0.86,
        "Basic EPS": 0.87,
        "Diluted NI Availto Com Stockholders": NaN,
        "Net Income Common Stockholders": NaN,
        "Net Income": NaN,
        "Net Income Including Noncontrolling Interests": NaN,
        "Net Income Continuous Operations": NaN,
        "Tax Provision": NaN,
        "Pretax Income": NaN,
        "Gain On Sale Of Security": NaN,
        "Selling General And Administration": NaN,
        "Selling And Marketing Expense": NaN,
        "General And Administrative Expense": NaN,
        "Insurance And Claims": NaN,
        "Salaries And Wages": NaN,
        "Total Revenue": NaN,
        "Operating Revenue": NaN,
        "Occupancy And Equipment": NaN,
        "Professional Expense And Contract Services Expense": NaN,
        "Other Non Interest Expense": NaN
    }
}