{
    "2023-03-31": {
        "Tax Effect Of Unusual Items": NaN,
        "Tax Rate For Calcs": NaN,
        "Normalized EBITDA": NaN,
        "Total Unusual Items": NaN,
        "Total Unusual Items Excluding Goodwill": NaN,
        "Net Income From Continuing Operation Net Minority Interest": NaN,
        "Reconciled Depreciation": NaN,
        "Reconciled Cost Of Revenue": NaN,
        "EBITDA": NaN,
        "EBIT": NaN,
        "Net Interest Income": NaN,
        "Interest Income": NaN,
        "Normalized Income": NaN,
        "Net Income From Continuing And Discontinued Operation": NaN,
        "Total Expenses": NaN,
        "Total Operating Income As Reported": NaN,
        "Diluted Average Shares": NaN,
        "Basic Average Shares": NaN,
        "Diluted EPS": NaN,
        "Basic EPS": NaN,
        "Diluted NI Availto Com Stockholders": NaN,
        "Net Income Common Stockholders": NaN,
        "Net Income": NaN,
        "Net Income Including Noncontrolling Interests": NaN,
        "Net Income Continuous Operations": NaN,
        "Tax Provision": NaN,
        "Pretax Income": NaN,
        "Special Income Charges": NaN,
        "Impairment Of Capital Assets": NaN,
        "Earnings From Equity Interest": 0.0,
        "Net Non Operating Interest Income Expense": NaN,
        "Interest Income Non Operating": NaN,
        "Operating Income": NaN,
        "Operating Expense": NaN,
        "Depreciation Amortization Depletion Income Statement": NaN,
        "Depreciation And Amortization In Income Statement": NaN,
        "Research And Development": NaN,
        "Selling General And Administration": NaN,
        "Selling And Marketing Expense": NaN,
        "General And Administrative Expense": NaN,
        "Other Gand A": NaN,
        "Gross Profit": NaN,
        "Cost Of Revenue": NaN,
        "Total Revenue": NaN,
        "Operating Revenue": NaN
    },
    "2022-12-31": {
        "Tax Effect Of Unusual Items": NaN,
        "Tax Rate For Calcs": NaN,
        "Normalized EBITDA": NaN,
        "Total Unusual Items": 0.0,
        "Total Unusual Items Excluding Goodwill": 0.0,
        "Net Income From Continuing Operation Net Minority Interest": NaN,
        "Reconciled Depreciation": NaN,
        "Reconciled Cost Of Revenue": NaN,
        "EBITDA": NaN,
        "EBIT": NaN,
        "Net Interest Income": NaN,
        "Interest Income": NaN,
        "Normalized Income": NaN,
        "Net Income From Continuing And Discontinued Operation": NaN,
        "Total Expenses": NaN,
        "Total Operating Income As Reported": NaN,
        "Diluted Average Shares": NaN,
        "Basic Average Shares": NaN,
        "Diluted EPS": NaN,
        "Basic EPS": NaN,
        "Diluted NI Availto Com Stockholders": NaN,
        "Net Income Common Stockholders": NaN,
        "Net Income": NaN,
        "Net Income Including Noncontrolling Interests": NaN,
        "Net Income Discontinuous Operations": 0.0,
        "Net Income Continuous Operations": NaN,
        "Tax Provision": NaN,
        "Pretax Income": NaN,
        "Other Income Expense": 40000.0,
        "Special Income Charges": 0.0,
        "Impairment Of Capital Assets": 0.0,
        "Earnings From Equity Interest": 0.0,
        "Net Non Operating Interest Income Expense": NaN,
        "Interest Income Non Operating": NaN,
        "Operating Income": NaN,
        "Operating Expense": NaN,
        "Depreciation Amortization Depletion Income Statement": NaN,
        "Depreciation And Amortization In Income Statement": NaN,
        "Research And Development": NaN,
        "Selling General And Administration": NaN,
        "Selling And Marketing Expense": NaN,
        "General And Administrative Expense": NaN,
        "Other Gand A": NaN,
        "Gross Profit": NaN,
        "Cost Of Revenue": NaN,
        "Total Revenue": NaN,
        "Operating Revenue": NaN
    },
    "2022-09-30": {
        "Tax Effect Of Unusual Items": NaN,
        "Tax Rate For Calcs": NaN,
        "Normalized EBITDA": NaN,
        "Total Unusual Items": -59775000.0,
        "Total Unusual Items Excluding Goodwill": -59775000.0,
        "Net Income From Continuing Operation Net Minority Interest": NaN,
        "Reconciled Depreciation": NaN,
        "Reconciled Cost Of Revenue": NaN,
        "EBITDA": NaN,
        "EBIT": NaN,
        "Net Interest Income": NaN,
        "Interest Income": NaN,
        "Normalized Income": NaN,
        "Net Income From Continuing And Discontinued Operation": NaN,
        "Total Expenses": NaN,
        "Total Operating Income As Reported": NaN,
        "Diluted Average Shares": 90687000.0,
        "Basic Average Shares": 90687000.0,
        "Diluted EPS": -0.85,
        "Basic EPS": -0.85,
        "Diluted NI Availto Com Stockholders": NaN,
        "Net Income Common Stockholders": NaN,
        "Net Income": NaN,
        "Net Income Including Noncontrolling Interests": NaN,
        "Net Income Discontinuous Operations": 0.0,
        "Net Income Continuous Operations": NaN,
        "Tax Provision": NaN,
        "Pretax Income": NaN,
        "Other Income Expense": -59775000.0,
        "Special Income Charges": -59775000.0,
        "Gain On Sale Of Business": 0.0,
        "Impairment Of Capital Assets": 59775000.0,
        "Earnings From Equity Interest": NaN,
        "Net Non Operating Interest Income Expense": NaN,
        "Interest Income Non Operating": NaN,
        "Operating Income": NaN,
        "Operating Expense": NaN,
        "Depreciation Amortization Depletion Income Statement": NaN,
        "Depreciation And Amortization In Income Statement": NaN,
        "Research And Development": NaN,
        "Selling General And Administration": NaN,
        "Selling And Marketing Expense": NaN,
        "General And Administrative Expense": NaN,
        "Other Gand A": NaN,
        "Gross Profit": NaN,
        "Cost Of Revenue": NaN,
        "Total Revenue": NaN,
        "Operating Revenue": NaN
    },
    "2022-06-30": {
        "Tax Effect Of Unusual Items": 0.0,
        "Tax Rate For Calcs": 0.189362,
        "Normalized EBITDA": -9124000.0,
        "Total Unusual Items": NaN,
        "Total Unusual Items Excluding Goodwill": NaN,
        "Net Income From Continuing Operation Net Minority Interest": -11019000.0,
        "Reconciled Depreciation": 4844000.0,
        "Reconciled Cost Of Revenue": 2758000.0,
        "EBITDA": -9124000.0,
        "EBIT": -13968000.0,
        "Net Interest Income": 279000.0,
        "Interest Income": 279000.0,
        "Normalized Income": -11019000.0,
        "Net Income From Continuing And Discontinued Operation": -11019000.0,
        "Total Expenses": 56243000.0,
        "Total Operating Income As Reported": -13968000.0,
        "Diluted Average Shares": 91016000.0,
        "Basic Average Shares": 91016000.0,
        "Diluted EPS": -0.12,
        "Basic EPS": -0.12,
        "Diluted NI Availto Com Stockholders": -11019000.0,
        "Net Income Common Stockholders": -11019000.0,
        "Net Income": -11019000.0,
        "Net Income Including Noncontrolling Interests": -11019000.0,
        "Net Income Discontinuous Operations": 0.0,
        "Net Income Continuous Operations": -11019000.0,
        "Tax Provision": -2574000.0,
        "Pretax Income": -13593000.0,
        "Other Income Expense": 96000.0,
        "Special Income Charges": NaN,
        "Gain On Sale Of Business": NaN,
        "Impairment Of Capital Assets": NaN,
        "Earnings From Equity Interest": 96000.0,
        "Net Non Operating Interest Income Expense": 279000.0,
        "Interest Income Non Operating": 279000.0,
        "Operating Income": -13968000.0,
        "Operating Expense": 52426000.0,
        "Depreciation Amortization Depletion Income Statement": 3785000.0,
        "Depreciation And Amortization In Income Statement": 3785000.0,
        "Research And Development": 11380000.0,
        "Selling General And Administration": 37261000.0,
        "Selling And Marketing Expense": 26324000.0,
        "General And Administrative Expense": 10937000.0,
        "Other Gand A": 10937000.0,
        "Gross Profit": 38458000.0,
        "Cost Of Revenue": 3817000.0,
        "Total Revenue": 42275000.0,
        "Operating Revenue": 42101000.0
    },
    "2022-03-31": {
        "Diluted EPS": -0.13,
        "Total Revenue": 44,
        "Gross Profit": 39,
        "Operating Income": -14,
        "EBIT": -9,
        "Net Income": -12
    },
    "2021-12-31": {
        "Diluted EPS": -0.16,
        "Total Revenue": 46,
        "Gross Profit": 41,
        "Operating Income": -11,
        "EBIT": -7,
        "Net Income": -16
    },
    "2021-09-30": {
        "Diluted EPS": -0.07,
        "Total Revenue": 55,
        "Gross Profit": 49,
        "Operating Income": -7,
        "EBIT": -2,
        "Net Income": -7
    },
    "2021-06-30": {
        "Diluted EPS": -0.07,
        "Total Revenue": 66,
        "Gross Profit": 60,
        "Operating Income": -7,
        "EBIT": -1,
        "Net Income": -7
    },
    "2021-03-31": {
        "Diluted EPS": -0.09,
        "Total Revenue": 65,
        "Gross Profit": 60,
        "Operating Income": -9,
        "EBIT": -3,
        "Net Income": -8
    },
    "2020-12-31": {
        "Diluted EPS": 0.82,
        "Total Revenue": 64,
        "Gross Profit": 59,
        "Operating Income": -7,
        "EBIT": -1,
        "Net Income": 87
    },
    "2020-09-30": {
        "Diluted EPS": 0.11,
        "Total Revenue": 77,
        "Gross Profit": 73,
        "Operating Income": 10,
        "EBIT": 24,
        "Net Income": 12
    },
    "2020-06-30": {
        "Diluted EPS": -0.11,
        "Total Revenue": 59,
        "Gross Profit": 53,
        "Operating Income": -11,
        "EBIT": -12,
        "Net Income": -11
    },
    "2020-03-31": {
        "Diluted EPS": -0.1,
        "Total Revenue": 79,
        "Gross Profit": 73,
        "Operating Income": -11,
        "EBIT": 4,
        "Net Income": -11
    },
    "2019-12-31": {
        "Diluted EPS": -0.08,
        "Total Revenue": 76,
        "Gross Profit": 72,
        "Operating Income": -12,
        "EBIT": -5,
        "Net Income": -9
    },
    "2019-09-30": {
        "Diluted EPS": -0.07,
        "Total Revenue": 86,
        "Gross Profit": 79,
        "Operating Income": -9,
        "EBIT": -5,
        "Net Income": -8
    },
    "2019-06-30": {
        "Diluted EPS": -0.23,
        "Total Revenue": 88,
        "Gross Profit": 80,
        "Operating Income": -25,
        "EBIT": -16,
        "Net Income": -24
    },
    "2019-03-31": {
        "Diluted EPS": -0.14,
        "Total Revenue": 86,
        "Gross Profit": 77,
        "Operating Income": -15,
        "EBIT": -7,
        "Net Income": -14
    },
    "2018-12-31": {
        "Diluted EPS": -0.06,
        "Total Revenue": 73,
        "Gross Profit": 69,
        "Operating Income": -11,
        "EBIT": -10,
        "Net Income": -6
    },
    "2018-09-30": {
        "Diluted EPS": -0.06,
        "Total Revenue": 94,
        "Gross Profit": 86,
        "Operating Income": -7,
        "EBIT": -1,
        "Net Income": -6
    },
    "2018-06-30": {
        "Diluted EPS": -0.07,
        "Total Revenue": 88,
        "Gross Profit": 80,
        "Operating Income": -7,
        "EBIT": -1,
        "Net Income": -7
    },
    "2018-03-31": {
        "Diluted EPS": -0.09,
        "Total Revenue": 81,
        "Gross Profit": 74,
        "Operating Income": -9,
        "EBIT": -4,
        "Net Income": -9
    },
    "2017-12-31": {
        "Diluted EPS": -0.08,
        "Total Revenue": 83,
        "Gross Profit": 76,
        "Operating Income": -11,
        "EBIT": -6,
        "Net Income": -8
    },
    "2017-09-30": {
        "Diluted EPS": -0.1,
        "Total Revenue": 82,
        "Gross Profit": 75,
        "Operating Income": -9,
        "EBIT": -3,
        "Net Income": -10
    },
    "2017-06-30": {
        "Diluted EPS": -0.09,
        "Total Revenue": 82,
        "Gross Profit": 75,
        "Operating Income": -7,
        "EBIT": -2,
        "Net Income": -8
    },
    "2017-03-31": {
        "Diluted EPS": -0.08,
        "Total Revenue": 76,
        "Gross Profit": 69,
        "Operating Income": -6,
        "EBIT": 0,
        "Net Income": -7
    },
    "2016-12-31": {
        "Diluted EPS": -0.09,
        "Total Revenue": 74,
        "Gross Profit": 68,
        "Operating Income": -7,
        "EBIT": -2,
        "Net Income": -8
    },
    "2016-09-30": {
        "Diluted EPS": -0.09,
        "Total Revenue": 75,
        "Gross Profit": 69,
        "Operating Income": -7,
        "EBIT": -1,
        "Net Income": -7
    },
    "2016-06-30": {
        "Diluted EPS": -0.17,
        "Total Revenue": 66,
        "Gross Profit": 60,
        "Operating Income": -14,
        "EBIT": -8,
        "Net Income": -15
    },
    "2016-03-31": {
        "Diluted EPS": -0.14,
        "Total Revenue": 62,
        "Gross Profit": 56,
        "Operating Income": -11,
        "EBIT": -5,
        "Net Income": -12
    },
    "2015-12-31": {
        "Diluted EPS": -0.34,
        "Total Revenue": 64,
        "Gross Profit": 58,
        "Operating Income": -27,
        "EBIT": -22,
        "Net Income": -27
    },
    "2015-09-30": {
        "Diluted EPS": -0.13,
        "Total Revenue": 72,
        "Gross Profit": 66,
        "Operating Income": -11,
        "EBIT": -6,
        "Net Income": -11
    },
    "2015-06-30": {
        "Diluted EPS": -0.18,
        "Total Revenue": 65,
        "Gross Profit": 59,
        "Operating Income": -15,
        "EBIT": -10,
        "Net Income": -15
    },
    "2015-03-31": {
        "Diluted EPS": -0.14,
        "Total Revenue": 59,
        "Gross Profit": 53,
        "Operating Income": -11,
        "EBIT": -8,
        "Net Income": -12
    },
    "2014-12-31": {
        "Diluted EPS": -0.11,
        "Total Revenue": 55,
        "Gross Profit": 50,
        "Operating Income": -10,
        "EBIT": -6,
        "Net Income": -10
    },
    "2014-09-30": {
        "Diluted EPS": -0.18,
        "Total Revenue": 57,
        "Gross Profit": 52,
        "Operating Income": -14,
        "EBIT": -10,
        "Net Income": -14
    },
    "2014-06-30": {
        "Diluted EPS": -0.22,
        "Total Revenue": 50,
        "Gross Profit": 46,
        "Operating Income": -15,
        "EBIT": -12,
        "Net Income": -15
    },
    "2014-03-31": {
        "Diluted EPS": -0.17,
        "Total Revenue": 44,
        "Gross Profit": 40,
        "Operating Income": -10,
        "EBIT": -7,
        "Net Income": -10
    },
    "2013-12-31": {
        "Diluted EPS": -0.13,
        "Total Revenue": 40,
        "Gross Profit": 36,
        "Operating Income": -7,
        "EBIT": -5,
        "Net Income": -8
    },
    "2013-09-30": {
        "Diluted EPS": -0.08,
        "Total Revenue": 38,
        "Gross Profit": 34,
        "Operating Income": -4,
        "EBIT": -2,
        "Net Income": -5
    },
    "2013-06-30": {
        "Diluted EPS": -0.07,
        "Total Revenue": 31,
        "Gross Profit": 28,
        "Operating Income": -3,
        "EBIT": 0,
        "Net Income": -4
    },
    "2013-03-31": {
        "Diluted EPS": -0.16,
        "Total Revenue": 25,
        "Gross Profit": 21,
        "Operating Income": -8,
        "EBIT": -5,
        "Net Income": -9
    },
    "2012-12-31": {
        "Diluted EPS": 0.0,
        "Total Revenue": NaN,
        "Gross Profit": NaN,
        "Operating Income": NaN,
        "EBIT": NaN,
        "Net Income": NaN
    },
    "2011-12-31": {
        "Diluted EPS": 0.0,
        "Total Revenue": NaN,
        "Gross Profit": NaN,
        "Operating Income": NaN,
        "EBIT": NaN,
        "Net Income": NaN
    },
    "2023-06-30": {
        "Tax Effect Of Unusual Items": NaN,
        "Tax Rate For Calcs": NaN,
        "Normalized EBITDA": NaN,
        "Total Unusual Items": NaN,
        "Total Unusual Items Excluding Goodwill": NaN,
        "Net Income From Continuing Operation Net Minority Interest": NaN,
        "Reconciled Depreciation": NaN,
        "Reconciled Cost Of Revenue": NaN,
        "EBITDA": NaN,
        "EBIT": NaN,
        "Net Interest Income": NaN,
        "Interest Income": NaN,
        "Normalized Income": NaN,
        "Net Income From Continuing And Discontinued Operation": NaN,
        "Total Expenses": NaN,
        "Total Operating Income As Reported": NaN,
        "Diluted Average Shares": 89383000.0,
        "Basic Average Shares": 89383000.0,
        "Diluted EPS": -0.23,
        "Basic EPS": -0.23,
        "Diluted NI Availto Com Stockholders": NaN,
        "Net Income Common Stockholders": NaN,
        "Net Income": NaN,
        "Net Income Including Noncontrolling Interests": NaN,
        "Net Income Continuous Operations": NaN,
        "Tax Provision": NaN,
        "Pretax Income": NaN,
        "Special Income Charges": NaN,
        "Impairment Of Capital Assets": NaN,
        "Earnings From Equity Interest": 0.0,
        "Net Non Operating Interest Income Expense": NaN,
        "Interest Income Non Operating": NaN,
        "Operating Income": NaN,
        "Operating Expense": NaN,
        "Depreciation Amortization Depletion Income Statement": NaN,
        "Depreciation And Amortization In Income Statement": NaN,
        "Research And Development": NaN,
        "Selling General And Administration": NaN,
        "Selling And Marketing Expense": NaN,
        "General And Administrative Expense": NaN,
        "Other Gand A": NaN,
        "Gross Profit": NaN,
        "Cost Of Revenue": NaN,
        "Total Revenue": NaN,
        "Operating Revenue": NaN
    },
    "2023-09-30": {
        "Tax Effect Of Unusual Items": NaN,
        "Tax Rate For Calcs": NaN,
        "Normalized EBITDA": NaN,
        "Total Unusual Items": 0.0,
        "Total Unusual Items Excluding Goodwill": 0.0,
        "Net Income From Continuing Operation Net Minority Interest": NaN,
        "Reconciled Depreciation": NaN,
        "Reconciled Cost Of Revenue": NaN,
        "EBITDA": NaN,
        "EBIT": NaN,
        "Net Interest Income": NaN,
        "Interest Income": NaN,
        "Normalized Income": NaN,
        "Net Income From Continuing And Discontinued Operation": NaN,
        "Total Expenses": NaN,
        "Total Operating Income As Reported": NaN,
        "Diluted Average Shares": 90176000.0,
        "Basic Average Shares": 90176000.0,
        "Diluted EPS": -0.09,
        "Basic EPS": -0.09,
        "Diluted NI Availto Com Stockholders": NaN,
        "Net Income Common Stockholders": NaN,
        "Net Income": NaN,
        "Net Income Including Noncontrolling Interests": NaN,
        "Net Income Continuous Operations": NaN,
        "Tax Provision": NaN,
        "Pretax Income": NaN,
        "Special Income Charges": 0.0,
        "Impairment Of Capital Assets": 0.0,
        "Earnings From Equity Interest": 0.0,
        "Net Non Operating Interest Income Expense": NaN,
        "Interest Income Non Operating": NaN,
        "Operating Income": NaN,
        "Operating Expense": NaN,
        "Depreciation Amortization Depletion Income Statement": NaN,
        "Depreciation And Amortization In Income Statement": NaN,
        "Research And Development": NaN,
        "Selling General And Administration": NaN,
        "Selling And Marketing Expense": NaN,
        "General And Administrative Expense": NaN,
        "Other Gand A": NaN,
        "Gross Profit": NaN,
        "Cost Of Revenue": NaN,
        "Total Revenue": NaN,
        "Operating Revenue": NaN
    },
    "2023-12-31": {
        "Tax Effect Of Unusual Items": NaN,
        "Tax Rate For Calcs": NaN,
        "Normalized EBITDA": NaN,
        "Total Unusual Items": 0.0,
        "Total Unusual Items Excluding Goodwill": 0.0,
        "Net Income From Continuing Operation Net Minority Interest": NaN,
        "Reconciled Depreciation": NaN,
        "Reconciled Cost Of Revenue": NaN,
        "EBITDA": NaN,
        "EBIT": NaN,
        "Net Interest Income": NaN,
        "Interest Income": NaN,
        "Normalized Income": NaN,
        "Net Income From Continuing And Discontinued Operation": NaN,
        "Total Expenses": NaN,
        "Total Operating Income As Reported": NaN,
        "Diluted Average Shares": NaN,
        "Basic Average Shares": NaN,
        "Diluted EPS": NaN,
        "Basic EPS": NaN,
        "Diluted NI Availto Com Stockholders": NaN,
        "Net Income Common Stockholders": NaN,
        "Net Income": NaN,
        "Net Income Including Noncontrolling Interests": NaN,
        "Net Income Continuous Operations": NaN,
        "Tax Provision": NaN,
        "Pretax Income": NaN,
        "Special Income Charges": 0.0,
        "Impairment Of Capital Assets": 0.0,
        "Earnings From Equity Interest": 0.0,
        "Net Non Operating Interest Income Expense": NaN,
        "Interest Income Non Operating": NaN,
        "Operating Income": NaN,
        "Operating Expense": NaN,
        "Depreciation Amortization Depletion Income Statement": NaN,
        "Depreciation And Amortization In Income Statement": NaN,
        "Research And Development": NaN,
        "Selling General And Administration": NaN,
        "Selling And Marketing Expense": NaN,
        "General And Administrative Expense": NaN,
        "Other Gand A": NaN,
        "Gross Profit": NaN,
        "Cost Of Revenue": NaN,
        "Total Revenue": NaN,
        "Operating Revenue": NaN
    },
    "2024-03-31": {
        "Tax Effect Of Unusual Items": 0.0,
        "Tax Rate For Calcs": 0.21,
        "Normalized EBITDA": -2309000.0,
        "Total Unusual Items": NaN,
        "Total Unusual Items Excluding Goodwill": NaN,
        "Net Income From Continuing Operation Net Minority Interest": -5848000.0,
        "Reconciled Depreciation": 5176000.0,
        "Reconciled Cost Of Revenue": 3670000.0,
        "EBITDA": -2309000.0,
        "EBIT": -7485000.0,
        "Net Interest Income": 1644000.0,
        "Interest Income": 1644000.0,
        "Normalized Income": -5848000.0,
        "Net Income From Continuing And Discontinued Operation": -5848000.0,
        "Total Expenses": 48537000.0,
        "Total Operating Income As Reported": -7485000.0,
        "Diluted Average Shares": 91234000.0,
        "Basic Average Shares": 91234000.0,
        "Diluted EPS": -0.06,
        "Basic EPS": -0.06,
        "Diluted NI Availto Com Stockholders": -5848000.0,
        "Net Income Common Stockholders": -5848000.0,
        "Net Income": -5848000.0,
        "Net Income Including Noncontrolling Interests": -5848000.0,
        "Net Income Continuous Operations": -5848000.0,
        "Tax Provision": 7000.0,
        "Pretax Income": -5841000.0,
        "Special Income Charges": NaN,
        "Impairment Of Capital Assets": NaN,
        "Earnings From Equity Interest": NaN,
        "Net Non Operating Interest Income Expense": 1644000.0,
        "Interest Income Non Operating": 1644000.0,
        "Operating Income": -7485000.0,
        "Operating Expense": 44276000.0,
        "Depreciation Amortization Depletion Income Statement": 4585000.0,
        "Depreciation And Amortization In Income Statement": 4585000.0,
        "Research And Development": 8123000.0,
        "Selling General And Administration": 31568000.0,
        "Selling And Marketing Expense": 22082000.0,
        "General And Administrative Expense": 9486000.0,
        "Other Gand A": 9486000.0,
        "Gross Profit": 36791000.0,
        "Cost Of Revenue": 4261000.0,
        "Total Revenue": 41052000.0,
        "Operating Revenue": 40910000.0
    },
    "2024-06-30": {
        "Tax Effect Of Unusual Items": 0.0,
        "Tax Rate For Calcs": 0.21,
        "Normalized EBITDA": -10505000.0,
        "Total Unusual Items": NaN,
        "Total Unusual Items Excluding Goodwill": NaN,
        "Net Income From Continuing Operation Net Minority Interest": -13520000.0,
        "Reconciled Depreciation": 4398000.0,
        "Reconciled Cost Of Revenue": 5770000.0,
        "EBITDA": -10505000.0,
        "EBIT": -15189000.0,
        "Net Interest Income": 1672000.0,
        "Interest Income": 1672000.0,
        "Normalized Income": -13520000.0,
        "Net Income From Continuing And Discontinued Operation": -13520000.0,
        "Total Expenses": 56984000.0,
        "Total Operating Income As Reported": -15189000.0,
        "Diluted Average Shares": 91849000.0,
        "Basic Average Shares": 91849000.0,
        "Diluted EPS": -0.15,
        "Basic EPS": -0.15,
        "Diluted NI Availto Com Stockholders": -13520000.0,
        "Net Income Common Stockholders": -13520000.0,
        "Net Income": -13520000.0,
        "Net Income Including Noncontrolling Interests": -13520000.0,
        "Net Income Continuous Operations": -13520000.0,
        "Tax Provision": 3000.0,
        "Pretax Income": -13517000.0,
        "Special Income Charges": NaN,
        "Impairment Of Capital Assets": NaN,
        "Earnings From Equity Interest": NaN,
        "Net Non Operating Interest Income Expense": 1672000.0,
        "Interest Income Non Operating": 1672000.0,
        "Operating Income": -15189000.0,
        "Operating Expense": 51500000.0,
        "Depreciation Amortization Depletion Income Statement": 4684000.0,
        "Depreciation And Amortization In Income Statement": 4684000.0,
        "Research And Development": 7433000.0,
        "Selling General And Administration": 39383000.0,
        "Selling And Marketing Expense": 23945000.0,
        "General And Administrative Expense": 15438000.0,
        "Other Gand A": 15438000.0,
        "Gross Profit": 36311000.0,
        "Cost Of Revenue": 5484000.0,
        "Total Revenue": 41795000.0,
        "Operating Revenue": 41564000.0
    },
    "2024-09-30": {
        "Tax Effect Of Unusual Items": 0.0,
        "Tax Rate For Calcs": 0.21,
        "Normalized EBITDA": -2643000.0,
        "Total Unusual Items": NaN,
        "Total Unusual Items Excluding Goodwill": NaN,
        "Net Income From Continuing Operation Net Minority Interest": -5831000.0,
        "Reconciled Depreciation": 4745000.0,
        "Reconciled Cost Of Revenue": 7399000.0,
        "EBITDA": -2643000.0,
        "EBIT": -7388000.0,
        "Net Interest Income": 1560000.0,
        "Interest Income": 1560000.0,
        "Normalized Income": -5831000.0,
        "Net Income From Continuing And Discontinued Operation": -5831000.0,
        "Total Expenses": 53932000.0,
        "Total Operating Income As Reported": -7388000.0,
        "Diluted Average Shares": 90323000.0,
        "Basic Average Shares": 90323000.0,
        "Diluted EPS": -0.06,
        "Basic EPS": -0.06,
        "Diluted NI Availto Com Stockholders": -5831000.0,
        "Net Income Common Stockholders": -5831000.0,
        "Net Income": -5831000.0,
        "Net Income Including Noncontrolling Interests": -5831000.0,
        "Net Income Continuous Operations": -5831000.0,
        "Tax Provision": 3000.0,
        "Pretax Income": -5828000.0,
        "Special Income Charges": NaN,
        "Impairment Of Capital Assets": NaN,
        "Earnings From Equity Interest": NaN,
        "Net Non Operating Interest Income Expense": 1560000.0,
        "Interest Income Non Operating": 1560000.0,
        "Operating Income": -7388000.0,
        "Operating Expense": 46196000.0,
        "Depreciation Amortization Depletion Income Statement": 4408000.0,
        "Depreciation And Amortization In Income Statement": 4408000.0,
        "Research And Development": 7179000.0,
        "Selling General And Administration": 34609000.0,
        "Selling And Marketing Expense": 25049000.0,
        "General And Administrative Expense": 9560000.0,
        "Other Gand A": 9560000.0,
        "Gross Profit": 38808000.0,
        "Cost Of Revenue": 7736000.0,
        "Total Revenue": 46544000.0,
        "Operating Revenue": 46333000.0
    },
    "2024-12-31": {
        "Tax Effect Of Unusual Items": 0.0,
        "Tax Rate For Calcs": 0.21,
        "Normalized EBITDA": -2429000.0,
        "Total Unusual Items": NaN,
        "Total Unusual Items Excluding Goodwill": NaN,
        "Net Income From Continuing Operation Net Minority Interest": -5849000.0,
        "Reconciled Depreciation": 4689000.0,
        "Reconciled Cost Of Revenue": 8576000.0,
        "EBITDA": -2429000.0,
        "EBIT": -7118000.0,
        "Net Interest Income": 1271000.0,
        "Interest Income": 1271000.0,
        "Normalized Income": -5849000.0,
        "Net Income From Continuing And Discontinued Operation": -5849000.0,
        "Total Expenses": 53325000.0,
        "Total Operating Income As Reported": -7118000.0,
        "Diluted Average Shares": NaN,
        "Basic Average Shares": NaN,
        "Diluted EPS": NaN,
        "Basic EPS": NaN,
        "Diluted NI Availto Com Stockholders": -5849000.0,
        "Net Income Common Stockholders": -5849000.0,
        "Net Income": -5849000.0,
        "Net Income Including Noncontrolling Interests": -5849000.0,
        "Net Income Continuous Operations": -5849000.0,
        "Tax Provision": 2000.0,
        "Pretax Income": -5847000.0,
        "Special Income Charges": NaN,
        "Impairment Of Capital Assets": NaN,
        "Earnings From Equity Interest": NaN,
        "Net Non Operating Interest Income Expense": 1271000.0,
        "Interest Income Non Operating": 1271000.0,
        "Operating Income": -7118000.0,
        "Operating Expense": 44418000.0,
        "Depreciation Amortization Depletion Income Statement": 4358000.0,
        "Depreciation And Amortization In Income Statement": 4358000.0,
        "Research And Development": 6908000.0,
        "Selling General And Administration": 33152000.0,
        "Selling And Marketing Expense": 24509000.0,
        "General And Administrative Expense": 8643000.0,
        "Other Gand A": 8643000.0,
        "Gross Profit": 37300000.0,
        "Cost Of Revenue": 8907000.0,
        "Total Revenue": 46207000.0,
        "Operating Revenue": 46019000.0
    },
    "2025-03-31": {
        "Tax Effect Of Unusual Items": 0.0,
        "Tax Rate For Calcs": 0.4,
        "Normalized EBITDA": -6963000.0,
        "Total Unusual Items": NaN,
        "Total Unusual Items Excluding Goodwill": NaN,
        "Net Income From Continuing Operation Net Minority Interest": -10136000.0,
        "Reconciled Depreciation": 4235000.0,
        "Reconciled Cost Of Revenue": 8553000.0,
        "EBITDA": -6963000.0,
        "EBIT": -11198000.0,
        "Net Interest Income": 1068000.0,
        "Interest Income": 1068000.0,
        "Normalized Income": -10136000.0,
        "Net Income From Continuing And Discontinued Operation": -10136000.0,
        "Total Expenses": 56008000.0,
        "Total Operating Income As Reported": -11198000.0,
        "Diluted Average Shares": 87305000.0,
        "Basic Average Shares": 87305000.0,
        "Diluted EPS": -0.12,
        "Basic EPS": -0.12,
        "Diluted NI Availto Com Stockholders": -10136000.0,
        "Net Income Common Stockholders": -10136000.0,
        "Net Income": -10136000.0,
        "Net Income Including Noncontrolling Interests": -10136000.0,
        "Net Income Continuous Operations": -10136000.0,
        "Tax Provision": 6000.0,
        "Pretax Income": -10130000.0,
        "Special Income Charges": NaN,
        "Impairment Of Capital Assets": NaN,
        "Earnings From Equity Interest": NaN,
        "Net Non Operating Interest Income Expense": 1068000.0,
        "Interest Income Non Operating": 1068000.0,
        "Operating Income": -11198000.0,
        "Operating Expense": 47118000.0,
        "Depreciation Amortization Depletion Income Statement": 3898000.0,
        "Depreciation And Amortization In Income Statement": 3898000.0,
        "Research And Development": 8119000.0,
        "Selling General And Administration": 35101000.0,
        "Selling And Marketing Expense": 25017000.0,
        "General And Administrative Expense": 10084000.0,
        "Other Gand A": 10084000.0,
        "Gross Profit": 35920000.0,
        "Cost Of Revenue": 8890000.0,
        "Total Revenue": 44810000.0,
        "Operating Revenue": 44612000.0
    }
}