{
    "2023-03-31": {
        "Tax Effect Of Unusual Items": NaN,
        "Tax Rate For Calcs": NaN,
        "Normalized EBITDA": NaN,
        "Total Unusual Items": NaN,
        "Total Unusual Items Excluding Goodwill": NaN,
        "Net Income From Continuing Operation Net Minority Interest": NaN,
        "Reconciled Depreciation": NaN,
        "Reconciled Cost Of Revenue": NaN,
        "EBITDA": NaN,
        "EBIT": NaN,
        "Net Interest Income": NaN,
        "Interest Expense": NaN,
        "Normalized Income": NaN,
        "Net Income From Continuing And Discontinued Operation": NaN,
        "Total Expenses": NaN,
        "Total Operating Income As Reported": NaN,
        "Diluted Average Shares": NaN,
        "Basic Average Shares": NaN,
        "Diluted EPS": NaN,
        "Basic EPS": NaN,
        "Diluted NI Availto Com Stockholders": NaN,
        "Net Income Common Stockholders": NaN,
        "Net Income": NaN,
        "Net Income Including Noncontrolling Interests": NaN,
        "Net Income Continuous Operations": NaN,
        "Tax Provision": NaN,
        "Pretax Income": NaN,
        "Other Income Expense": NaN,
        "Other Non Operating Income Expenses": NaN,
        "Special Income Charges": NaN,
        "Restructuring And Mergern Acquisition": NaN,
        "Earnings From Equity Interest": NaN,
        "Net Non Operating Interest Income Expense": NaN,
        "Interest Expense Non Operating": NaN,
        "Operating Income": NaN,
        "Operating Expense": NaN,
        "Other Operating Expenses": NaN,
        "Depreciation Amortization Depletion Income Statement": NaN,
        "Depreciation And Amortization In Income Statement": NaN,
        "Research And Development": NaN,
        "Selling General And Administration": NaN,
        "Selling And Marketing Expense": 21642000.0,
        "General And Administrative Expense": NaN,
        "Other Gand A": NaN,
        "Salaries And Wages": NaN,
        "Gross Profit": NaN,
        "Cost Of Revenue": NaN,
        "Total Revenue": NaN,
        "Operating Revenue": NaN
    },
    "2022-12-31": {
        "Tax Effect Of Unusual Items": NaN,
        "Tax Rate For Calcs": NaN,
        "Normalized EBITDA": NaN,
        "Net Income From Continuing Operation Net Minority Interest": NaN,
        "Reconciled Depreciation": NaN,
        "Reconciled Cost Of Revenue": NaN,
        "EBITDA": NaN,
        "EBIT": NaN,
        "Net Interest Income": NaN,
        "Interest Expense": NaN,
        "Normalized Income": NaN,
        "Net Income From Continuing And Discontinued Operation": NaN,
        "Total Expenses": NaN,
        "Total Operating Income As Reported": NaN,
        "Diluted Average Shares": NaN,
        "Basic Average Shares": NaN,
        "Diluted EPS": NaN,
        "Basic EPS": NaN,
        "Diluted NI Availto Com Stockholders": NaN,
        "Net Income Common Stockholders": NaN,
        "Net Income": NaN,
        "Net Income Including Noncontrolling Interests": NaN,
        "Net Income Continuous Operations": NaN,
        "Tax Provision": NaN,
        "Pretax Income": NaN,
        "Other Income Expense": NaN,
        "Other Non Operating Income Expenses": NaN,
        "Earnings From Equity Interest": NaN,
        "Net Non Operating Interest Income Expense": NaN,
        "Interest Expense Non Operating": NaN,
        "Operating Income": NaN,
        "Operating Expense": NaN,
        "Other Operating Expenses": NaN,
        "Depreciation Amortization Depletion Income Statement": NaN,
        "Depreciation And Amortization In Income Statement": NaN,
        "Research And Development": NaN,
        "Selling General And Administration": NaN,
        "Selling And Marketing Expense": 22457000.0,
        "General And Administrative Expense": NaN,
        "Other Gand A": NaN,
        "Salaries And Wages": NaN,
        "Gross Profit": NaN,
        "Cost Of Revenue": NaN,
        "Total Revenue": NaN,
        "Operating Revenue": NaN
    },
    "2022-09-30": {
        "Tax Effect Of Unusual Items": NaN,
        "Tax Rate For Calcs": NaN,
        "Normalized EBITDA": NaN,
        "Net Income From Continuing Operation Net Minority Interest": NaN,
        "Reconciled Depreciation": NaN,
        "Reconciled Cost Of Revenue": NaN,
        "EBITDA": NaN,
        "EBIT": NaN,
        "Net Interest Income": NaN,
        "Interest Expense": NaN,
        "Normalized Income": NaN,
        "Net Income From Continuing And Discontinued Operation": NaN,
        "Total Expenses": NaN,
        "Total Operating Income As Reported": NaN,
        "Diluted Average Shares": NaN,
        "Basic Average Shares": NaN,
        "Diluted EPS": NaN,
        "Basic EPS": NaN,
        "Diluted NI Availto Com Stockholders": NaN,
        "Net Income Common Stockholders": NaN,
        "Net Income": NaN,
        "Net Income Including Noncontrolling Interests": NaN,
        "Net Income Continuous Operations": NaN,
        "Tax Provision": NaN,
        "Pretax Income": NaN,
        "Other Income Expense": NaN,
        "Other Non Operating Income Expenses": NaN,
        "Earnings From Equity Interest": NaN,
        "Net Non Operating Interest Income Expense": NaN,
        "Interest Expense Non Operating": NaN,
        "Operating Income": NaN,
        "Operating Expense": NaN,
        "Other Operating Expenses": NaN,
        "Depreciation Amortization Depletion Income Statement": NaN,
        "Depreciation And Amortization In Income Statement": NaN,
        "Research And Development": NaN,
        "Selling General And Administration": NaN,
        "Selling And Marketing Expense": 22434000.0,
        "General And Administrative Expense": NaN,
        "Other Gand A": NaN,
        "Salaries And Wages": NaN,
        "Gross Profit": NaN,
        "Cost Of Revenue": NaN,
        "Total Revenue": NaN,
        "Operating Revenue": NaN
    },
    "2022-06-30": {
        "Tax Effect Of Unusual Items": 0.0,
        "Tax Rate For Calcs": 0.4,
        "Normalized EBITDA": -9699000.0,
        "Net Income From Continuing Operation Net Minority Interest": -13618000.0,
        "Reconciled Depreciation": 2707000.0,
        "Reconciled Cost Of Revenue": 190828000.0,
        "EBITDA": -9699000.0,
        "EBIT": -12406000.0,
        "Net Interest Income": -1193000.0,
        "Interest Expense": 1193000.0,
        "Normalized Income": -13618000.0,
        "Net Income From Continuing And Discontinued Operation": -13618000.0,
        "Total Expenses": 232140000.0,
        "Total Operating Income As Reported": -12771000.0,
        "Diluted Average Shares": 40738738.0,
        "Basic Average Shares": 40738738.0,
        "Diluted EPS": -0.33,
        "Basic EPS": -0.33,
        "Diluted NI Availto Com Stockholders": -13618000.0,
        "Net Income Common Stockholders": -13618000.0,
        "Net Income": -13618000.0,
        "Net Income Including Noncontrolling Interests": -13618000.0,
        "Net Income Continuous Operations": -13618000.0,
        "Tax Provision": 19000.0,
        "Pretax Income": -13599000.0,
        "Other Income Expense": 323000.0,
        "Other Non Operating Income Expenses": 365000.0,
        "Earnings From Equity Interest": -42000.0,
        "Net Non Operating Interest Income Expense": -1193000.0,
        "Interest Expense Non Operating": 1193000.0,
        "Operating Income": -12729000.0,
        "Operating Expense": 41312000.0,
        "Depreciation Amortization Depletion Income Statement": 2707000.0,
        "Depreciation And Amortization In Income Statement": 2707000.0,
        "Research And Development": 6396000.0,
        "Selling General And Administration": 32209000.0,
        "Selling And Marketing Expense": 22982000.0,
        "General And Administrative Expense": 9227000.0,
        "Other Gand A": 9227000.0,
        "Salaries And Wages": NaN,
        "Gross Profit": 28583000.0,
        "Cost Of Revenue": 190828000.0,
        "Total Revenue": 219411000.0,
        "Operating Revenue": 145808000.0
    },
    "2023-06-30": {
        "Tax Effect Of Unusual Items": NaN,
        "Tax Rate For Calcs": NaN,
        "Normalized EBITDA": NaN,
        "Total Unusual Items": NaN,
        "Total Unusual Items Excluding Goodwill": NaN,
        "Net Income From Continuing Operation Net Minority Interest": NaN,
        "Reconciled Depreciation": NaN,
        "Reconciled Cost Of Revenue": NaN,
        "EBITDA": NaN,
        "EBIT": NaN,
        "Net Interest Income": NaN,
        "Interest Expense": NaN,
        "Normalized Income": NaN,
        "Net Income From Continuing And Discontinued Operation": NaN,
        "Total Expenses": NaN,
        "Total Operating Income As Reported": NaN,
        "Diluted Average Shares": NaN,
        "Basic Average Shares": NaN,
        "Diluted EPS": NaN,
        "Basic EPS": NaN,
        "Diluted NI Availto Com Stockholders": NaN,
        "Net Income Common Stockholders": NaN,
        "Net Income": NaN,
        "Net Income Including Noncontrolling Interests": NaN,
        "Net Income Continuous Operations": NaN,
        "Tax Provision": NaN,
        "Pretax Income": NaN,
        "Other Income Expense": NaN,
        "Other Non Operating Income Expenses": NaN,
        "Special Income Charges": NaN,
        "Restructuring And Mergern Acquisition": NaN,
        "Earnings From Equity Interest": NaN,
        "Net Non Operating Interest Income Expense": NaN,
        "Interest Expense Non Operating": NaN,
        "Operating Income": NaN,
        "Operating Expense": NaN,
        "Other Operating Expenses": 20769000.0,
        "Depreciation Amortization Depletion Income Statement": NaN,
        "Depreciation And Amortization In Income Statement": NaN,
        "Research And Development": NaN,
        "Selling General And Administration": NaN,
        "Selling And Marketing Expense": 20769000.0,
        "General And Administrative Expense": NaN,
        "Other Gand A": NaN,
        "Salaries And Wages": 2948000.0,
        "Gross Profit": NaN,
        "Cost Of Revenue": NaN,
        "Total Revenue": NaN,
        "Operating Revenue": NaN
    },
    "2022-03-31": {
        "Diluted EPS": -0.22,
        "Total Revenue": 206,
        "Gross Profit": 30,
        "Operating Income": -9,
        "EBIT": -6,
        "Net Income": -9
    },
    "2021-12-31": {
        "Diluted EPS": -0.18,
        "Total Revenue": 194,
        "Gross Profit": 31,
        "Operating Income": -6,
        "EBIT": -3,
        "Net Income": -7
    },
    "2021-09-30": {
        "Diluted EPS": -0.17,
        "Total Revenue": 182,
        "Gross Profit": 28,
        "Operating Income": -7,
        "EBIT": -4,
        "Net Income": -7
    },
    "2021-06-30": {
        "Diluted EPS": -0.23,
        "Total Revenue": 168,
        "Gross Profit": 25,
        "Operating Income": -10,
        "EBIT": -6,
        "Net Income": -9
    },
    "2021-03-31": {
        "Diluted EPS": -0.31,
        "Total Revenue": 155,
        "Gross Profit": 21,
        "Operating Income": -13,
        "EBIT": -10,
        "Net Income": -12
    },
    "2020-12-31": {
        "Diluted EPS": -0.1,
        "Total Revenue": 143,
        "Gross Profit": 24,
        "Operating Income": -3,
        "EBIT": -1,
        "Net Income": -4
    },
    "2020-09-30": {
        "Diluted EPS": -0.07,
        "Total Revenue": 130,
        "Gross Profit": 21,
        "Operating Income": -2,
        "EBIT": -1,
        "Net Income": -3
    },
    "2020-06-30": {
        "Diluted EPS": 0.04,
        "Total Revenue": 118,
        "Gross Profit": 20,
        "Operating Income": 2,
        "EBIT": 3,
        "Net Income": 1
    },
    "2020-03-31": {
        "Diluted EPS": -0.03,
        "Total Revenue": 111,
        "Gross Profit": 18,
        "Operating Income": -1,
        "EBIT": 0,
        "Net Income": -1
    },
    "2019-12-31": {
        "Diluted EPS": 0.03,
        "Total Revenue": 105,
        "Gross Profit": 18,
        "Operating Income": 1,
        "EBIT": 2,
        "Net Income": 1
    },
    "2019-09-30": {
        "Diluted EPS": 0.02,
        "Total Revenue": 99,
        "Gross Profit": 17,
        "Operating Income": 1,
        "EBIT": 2,
        "Net Income": 1
    },
    "2019-06-30": {
        "Diluted EPS": -0.06,
        "Total Revenue": 92,
        "Gross Profit": 15,
        "Operating Income": -2,
        "EBIT": -1,
        "Net Income": -2
    },
    "2019-03-31": {
        "Diluted EPS": -0.04,
        "Total Revenue": 87,
        "Gross Profit": 15,
        "Operating Income": -1,
        "EBIT": 0,
        "Net Income": -1
    },
    "2018-12-31": {
        "Diluted EPS": 0.0,
        "Total Revenue": 83,
        "Gross Profit": 14,
        "Operating Income": 0,
        "EBIT": 1,
        "Net Income": 0
    },
    "2018-09-30": {
        "Diluted EPS": 0.03,
        "Total Revenue": 78,
        "Gross Profit": 14,
        "Operating Income": 1,
        "EBIT": 2,
        "Net Income": 1
    },
    "2018-06-30": {
        "Diluted EPS": -0.01,
        "Total Revenue": 73,
        "Gross Profit": 12,
        "Operating Income": 0,
        "EBIT": 1,
        "Net Income": 0
    },
    "2018-03-31": {
        "Diluted EPS": -0.05,
        "Total Revenue": 70,
        "Gross Profit": 11,
        "Operating Income": -1,
        "EBIT": -1,
        "Net Income": -1
    },
    "2017-12-31": {
        "Diluted EPS": -0.02,
        "Total Revenue": 67,
        "Gross Profit": 12,
        "Operating Income": -1,
        "EBIT": 0,
        "Net Income": -1
    },
    "2017-09-30": {
        "Diluted EPS": 0.01,
        "Total Revenue": 63,
        "Gross Profit": 12,
        "Operating Income": 0,
        "EBIT": 2,
        "Net Income": 0
    },
    "2017-06-30": {
        "Diluted EPS": 0.01,
        "Total Revenue": 58,
        "Gross Profit": 10,
        "Operating Income": -1,
        "EBIT": 0,
        "Net Income": 0
    },
    "2017-03-31": {
        "Diluted EPS": -0.05,
        "Total Revenue": 55,
        "Gross Profit": 9,
        "Operating Income": -1,
        "EBIT": 0,
        "Net Income": -1
    },
    "2016-12-31": {
        "Diluted EPS": -0.06,
        "Total Revenue": 51,
        "Gross Profit": 9,
        "Operating Income": -2,
        "EBIT": 0,
        "Net Income": -2
    },
    "2016-09-30": {
        "Diluted EPS": -0.06,
        "Total Revenue": 48,
        "Gross Profit": 9,
        "Operating Income": -2,
        "EBIT": 0,
        "Net Income": -2
    },
    "2016-06-30": {
        "Diluted EPS": -0.03,
        "Total Revenue": 46,
        "Gross Profit": 8,
        "Operating Income": -1,
        "EBIT": 0,
        "Net Income": -1
    },
    "2016-03-31": {
        "Diluted EPS": -0.09,
        "Total Revenue": 43,
        "Gross Profit": 7,
        "Operating Income": -3,
        "EBIT": -2,
        "Net Income": -3
    },
    "2015-12-31": {
        "Diluted EPS": -0.1,
        "Total Revenue": 40,
        "Gross Profit": 7,
        "Operating Income": -3,
        "EBIT": -2,
        "Net Income": -3
    },
    "2015-09-30": {
        "Diluted EPS": -0.17,
        "Total Revenue": 38,
        "Gross Profit": 7,
        "Operating Income": -5,
        "EBIT": -4,
        "Net Income": -5
    },
    "2015-06-30": {
        "Diluted EPS": -0.17,
        "Total Revenue": 36,
        "Gross Profit": 6,
        "Operating Income": -5,
        "EBIT": -4,
        "Net Income": -5
    },
    "2015-03-31": {
        "Diluted EPS": -0.18,
        "Total Revenue": 33,
        "Gross Profit": 6,
        "Operating Income": -5,
        "EBIT": -4,
        "Net Income": -5
    },
    "2014-12-31": {
        "Diluted EPS": 4.24,
        "Total Revenue": 32,
        "Gross Profit": 6,
        "Operating Income": -4,
        "EBIT": -4,
        "Net Income": -4
    },
    "2014-09-30": {
        "Diluted EPS": -0.41,
        "Total Revenue": 30,
        "Gross Profit": 4,
        "Operating Income": -5,
        "EBIT": 0,
        "Net Income": -9
    },
    "2014-06-30": {
        "Diluted EPS": -2.25,
        "Total Revenue": 28,
        "Gross Profit": 5,
        "Operating Income": -4,
        "EBIT": -3,
        "Net Income": -3
    },
    "2014-03-31": {
        "Diluted EPS": -3.22,
        "Total Revenue": 26,
        "Gross Profit": 5,
        "Operating Income": -3,
        "EBIT": -2,
        "Net Income": -5
    },
    "2013-12-31": {
        "Diluted EPS": -2.23,
        "Total Revenue": 24,
        "Gross Profit": 4,
        "Operating Income": -3,
        "EBIT": -2,
        "Net Income": -3
    },
    "2013-09-30": {
        "Diluted EPS": -0.87,
        "Total Revenue": 22,
        "Gross Profit": 4,
        "Operating Income": -1,
        "EBIT": -1,
        "Net Income": -1
    },
    "2013-06-30": {
        "Diluted EPS": -1.32,
        "Total Revenue": 20,
        "Gross Profit": 4,
        "Operating Income": -2,
        "EBIT": -1,
        "Net Income": -2
    },
    "2013-03-31": {
        "Diluted EPS": -1.76,
        "Total Revenue": 18,
        "Gross Profit": 4,
        "Operating Income": -2,
        "EBIT": -2,
        "Net Income": -2
    },
    "2012-12-31": {
        "Diluted EPS": 0.0,
        "Total Revenue": NaN,
        "Gross Profit": NaN,
        "Operating Income": NaN,
        "EBIT": NaN,
        "Net Income": NaN
    },
    "2011-12-31": {
        "Diluted EPS": 0.0,
        "Total Revenue": NaN,
        "Gross Profit": NaN,
        "Operating Income": NaN,
        "EBIT": NaN,
        "Net Income": NaN
    },
    "2023-09-30": {
        "Tax Effect Of Unusual Items": NaN,
        "Tax Rate For Calcs": NaN,
        "Normalized EBITDA": NaN,
        "Total Unusual Items": NaN,
        "Total Unusual Items Excluding Goodwill": NaN,
        "Net Income From Continuing Operation Net Minority Interest": NaN,
        "Reconciled Depreciation": NaN,
        "Reconciled Cost Of Revenue": NaN,
        "EBITDA": NaN,
        "EBIT": NaN,
        "Net Interest Income": NaN,
        "Interest Expense": NaN,
        "Normalized Income": NaN,
        "Net Income From Continuing And Discontinued Operation": NaN,
        "Total Expenses": NaN,
        "Total Operating Income As Reported": NaN,
        "Diluted Average Shares": NaN,
        "Basic Average Shares": NaN,
        "Diluted EPS": NaN,
        "Basic EPS": NaN,
        "Diluted NI Availto Com Stockholders": NaN,
        "Net Income Common Stockholders": NaN,
        "Net Income": NaN,
        "Net Income Including Noncontrolling Interests": NaN,
        "Net Income Continuous Operations": NaN,
        "Tax Provision": NaN,
        "Pretax Income": NaN,
        "Other Income Expense": NaN,
        "Other Non Operating Income Expenses": NaN,
        "Special Income Charges": NaN,
        "Restructuring And Mergern Acquisition": NaN,
        "Earnings From Equity Interest": NaN,
        "Net Non Operating Interest Income Expense": NaN,
        "Interest Expense Non Operating": NaN,
        "Operating Income": NaN,
        "Operating Expense": NaN,
        "Other Operating Expenses": 17772000.0,
        "Depreciation Amortization Depletion Income Statement": NaN,
        "Depreciation And Amortization In Income Statement": NaN,
        "Research And Development": NaN,
        "Selling General And Administration": NaN,
        "General And Administrative Expense": NaN,
        "Other Gand A": NaN,
        "Gross Profit": NaN,
        "Cost Of Revenue": NaN,
        "Total Revenue": NaN,
        "Operating Revenue": NaN
    },
    "2023-12-31": {
        "Tax Effect Of Unusual Items": NaN,
        "Tax Rate For Calcs": NaN,
        "Normalized EBITDA": NaN,
        "Total Unusual Items": NaN,
        "Total Unusual Items Excluding Goodwill": NaN,
        "Net Income From Continuing Operation Net Minority Interest": NaN,
        "Reconciled Depreciation": NaN,
        "Reconciled Cost Of Revenue": NaN,
        "EBITDA": NaN,
        "EBIT": NaN,
        "Net Interest Income": NaN,
        "Interest Expense": NaN,
        "Normalized Income": NaN,
        "Net Income From Continuing And Discontinued Operation": NaN,
        "Total Expenses": NaN,
        "Total Operating Income As Reported": NaN,
        "Diluted Average Shares": NaN,
        "Basic Average Shares": NaN,
        "Diluted EPS": NaN,
        "Basic EPS": NaN,
        "Diluted NI Availto Com Stockholders": NaN,
        "Net Income Common Stockholders": NaN,
        "Net Income": NaN,
        "Net Income Including Noncontrolling Interests": NaN,
        "Net Income Continuous Operations": NaN,
        "Tax Provision": NaN,
        "Pretax Income": NaN,
        "Other Income Expense": NaN,
        "Other Non Operating Income Expenses": NaN,
        "Special Income Charges": NaN,
        "Restructuring And Mergern Acquisition": NaN,
        "Earnings From Equity Interest": NaN,
        "Net Non Operating Interest Income Expense": NaN,
        "Interest Expense Non Operating": NaN,
        "Operating Income": NaN,
        "Operating Expense": NaN,
        "Other Operating Expenses": 17189000.0,
        "Depreciation Amortization Depletion Income Statement": NaN,
        "Depreciation And Amortization In Income Statement": NaN,
        "Research And Development": NaN,
        "Selling General And Administration": NaN,
        "General And Administrative Expense": NaN,
        "Other Gand A": NaN,
        "Gross Profit": NaN,
        "Cost Of Revenue": NaN,
        "Total Revenue": NaN,
        "Operating Revenue": NaN
    },
    "2024-03-31": {
        "Tax Effect Of Unusual Items": NaN,
        "Tax Rate For Calcs": NaN,
        "Normalized EBITDA": NaN,
        "Total Unusual Items": NaN,
        "Total Unusual Items Excluding Goodwill": NaN,
        "Net Income From Continuing Operation Net Minority Interest": NaN,
        "Reconciled Depreciation": NaN,
        "Reconciled Cost Of Revenue": NaN,
        "EBITDA": NaN,
        "EBIT": NaN,
        "Net Interest Income": NaN,
        "Interest Expense": NaN,
        "Normalized Income": NaN,
        "Net Income From Continuing And Discontinued Operation": NaN,
        "Total Expenses": NaN,
        "Total Operating Income As Reported": NaN,
        "Diluted Average Shares": NaN,
        "Basic Average Shares": NaN,
        "Diluted EPS": NaN,
        "Basic EPS": NaN,
        "Diluted NI Availto Com Stockholders": NaN,
        "Net Income Common Stockholders": NaN,
        "Net Income": NaN,
        "Net Income Including Noncontrolling Interests": NaN,
        "Net Income Continuous Operations": NaN,
        "Tax Provision": NaN,
        "Pretax Income": NaN,
        "Other Income Expense": NaN,
        "Other Non Operating Income Expenses": NaN,
        "Special Income Charges": NaN,
        "Restructuring And Mergern Acquisition": NaN,
        "Earnings From Equity Interest": NaN,
        "Net Non Operating Interest Income Expense": NaN,
        "Interest Expense Non Operating": NaN,
        "Operating Income": NaN,
        "Operating Expense": NaN,
        "Other Operating Expenses": 16843000.0,
        "Depreciation Amortization Depletion Income Statement": NaN,
        "Depreciation And Amortization In Income Statement": NaN,
        "Research And Development": NaN,
        "Selling General And Administration": NaN,
        "General And Administrative Expense": NaN,
        "Other Gand A": NaN,
        "Gross Profit": NaN,
        "Cost Of Revenue": NaN,
        "Total Revenue": NaN,
        "Operating Revenue": NaN
    },
    "2024-06-30": {
        "Tax Effect Of Unusual Items": NaN,
        "Tax Rate For Calcs": NaN,
        "Normalized EBITDA": NaN,
        "Total Unusual Items": NaN,
        "Total Unusual Items Excluding Goodwill": NaN,
        "Net Income From Continuing Operation Net Minority Interest": NaN,
        "Reconciled Depreciation": NaN,
        "Reconciled Cost Of Revenue": NaN,
        "EBITDA": NaN,
        "EBIT": NaN,
        "Net Interest Income": NaN,
        "Interest Expense": NaN,
        "Normalized Income": NaN,
        "Net Income From Continuing And Discontinued Operation": NaN,
        "Total Expenses": NaN,
        "Total Operating Income As Reported": NaN,
        "Diluted Average Shares": NaN,
        "Basic Average Shares": NaN,
        "Diluted EPS": NaN,
        "Basic EPS": NaN,
        "Diluted NI Availto Com Stockholders": NaN,
        "Net Income Common Stockholders": NaN,
        "Net Income": NaN,
        "Net Income Including Noncontrolling Interests": NaN,
        "Net Income Continuous Operations": NaN,
        "Tax Provision": NaN,
        "Pretax Income": NaN,
        "Other Income Expense": NaN,
        "Other Non Operating Income Expenses": NaN,
        "Special Income Charges": NaN,
        "Restructuring And Mergern Acquisition": NaN,
        "Earnings From Equity Interest": NaN,
        "Net Non Operating Interest Income Expense": NaN,
        "Interest Expense Non Operating": NaN,
        "Operating Income": NaN,
        "Operating Expense": NaN,
        "Other Operating Expenses": 17874000.0,
        "Depreciation Amortization Depletion Income Statement": NaN,
        "Depreciation And Amortization In Income Statement": NaN,
        "Research And Development": NaN,
        "Selling General And Administration": NaN,
        "General And Administrative Expense": NaN,
        "Other Gand A": NaN,
        "Gross Profit": NaN,
        "Cost Of Revenue": NaN,
        "Total Revenue": NaN,
        "Operating Revenue": NaN
    },
    "2024-09-30": {
        "Tax Effect Of Unusual Items": -487713.114754,
        "Tax Rate For Calcs": 0.026639,
        "Normalized EBITDA": 27973000.0,
        "Total Unusual Items": -18308000.0,
        "Total Unusual Items Excluding Goodwill": -18308000.0,
        "Net Income From Continuing Operation Net Minority Interest": 1425000.0,
        "Reconciled Depreciation": 4381000.0,
        "Reconciled Cost Of Revenue": 278077000.0,
        "EBITDA": 9665000.0,
        "EBIT": 5284000.0,
        "Net Interest Income": -3820000.0,
        "Interest Expense": 3820000.0,
        "Normalized Income": 19245286.885246,
        "Net Income From Continuing And Discontinued Operation": 1425000.0,
        "Total Expenses": 307368000.0,
        "Total Operating Income As Reported": 1746000.0,
        "Diluted Average Shares": 42822505.0,
        "Basic Average Shares": 42233903.0,
        "Diluted EPS": 0.03,
        "Basic EPS": 0.03,
        "Diluted NI Availto Com Stockholders": 1425000.0,
        "Net Income Common Stockholders": 1425000.0,
        "Net Income": 1425000.0,
        "Net Income Including Noncontrolling Interests": 1425000.0,
        "Net Income Continuous Operations": 1425000.0,
        "Tax Provision": 39000.0,
        "Pretax Income": 1464000.0,
        "Other Income Expense": -14804000.0,
        "Other Non Operating Income Expenses": 3538000.0,
        "Special Income Charges": -18308000.0,
        "Restructuring And Mergern Acquisition": 18308000.0,
        "Earnings From Equity Interest": -34000.0,
        "Net Non Operating Interest Income Expense": -3820000.0,
        "Interest Expense Non Operating": 3820000.0,
        "Operating Income": 20088000.0,
        "Operating Expense": 29291000.0,
        "Other Operating Expenses": NaN,
        "Depreciation Amortization Depletion Income Statement": 4381000.0,
        "Depreciation And Amortization In Income Statement": 4381000.0,
        "Research And Development": 7933000.0,
        "Selling General And Administration": 16977000.0,
        "General And Administrative Expense": 16977000.0,
        "Other Gand A": 16977000.0,
        "Gross Profit": 49379000.0,
        "Cost Of Revenue": 278077000.0,
        "Total Revenue": 327456000.0,
        "Operating Revenue": 327456000.0
    },
    "2024-12-31": {
        "Tax Effect Of Unusual Items": -530586.77686,
        "Tax Rate For Calcs": 0.022432,
        "Normalized EBITDA": 32698000.0,
        "Total Unusual Items": -23653000.0,
        "Total Unusual Items Excluding Goodwill": -23653000.0,
        "Net Income From Continuing Operation Net Minority Interest": 1656000.0,
        "Reconciled Depreciation": 3924000.0,
        "Reconciled Cost Of Revenue": 284384000.0,
        "EBITDA": 9045000.0,
        "EBIT": 5121000.0,
        "Net Interest Income": 8973000.0,
        "Interest Expense": 3427000.0,
        "Normalized Income": 24778413.22314,
        "Net Income From Continuing And Discontinued Operation": 1656000.0,
        "Total Expenses": 313308000.0,
        "Total Operating Income As Reported": 348000.0,
        "Diluted Average Shares": 42903536.0,
        "Basic Average Shares": 42402323.0,
        "Diluted EPS": 0.04,
        "Basic EPS": 0.04,
        "Diluted NI Availto Com Stockholders": 1656000.0,
        "Net Income Common Stockholders": 1656000.0,
        "Net Income": 1656000.0,
        "Net Income Including Noncontrolling Interests": 1656000.0,
        "Net Income Continuous Operations": 1656000.0,
        "Tax Provision": 38000.0,
        "Pretax Income": 1694000.0,
        "Other Income Expense": -31278000.0,
        "Other Non Operating Income Expenses": -7627000.0,
        "Special Income Charges": -23653000.0,
        "Restructuring And Mergern Acquisition": 18354000.0,
        "Earnings From Equity Interest": 2000.0,
        "Net Non Operating Interest Income Expense": 8973000.0,
        "Interest Expense Non Operating": 3427000.0,
        "Operating Income": 23999000.0,
        "Operating Expense": 28924000.0,
        "Other Operating Expenses": NaN,
        "Depreciation Amortization Depletion Income Statement": 3924000.0,
        "Depreciation And Amortization In Income Statement": 3924000.0,
        "Research And Development": 8172000.0,
        "Selling General And Administration": 16828000.0,
        "General And Administrative Expense": 16828000.0,
        "Other Gand A": 16828000.0,
        "Gross Profit": 52923000.0,
        "Cost Of Revenue": 284384000.0,
        "Total Revenue": 337307000.0,
        "Operating Revenue": -91856000.0
    },
    "2025-03-31": {
        "Tax Effect Of Unusual Items": -4308360.0,
        "Tax Rate For Calcs": 0.21,
        "Normalized EBITDA": 26074000.0,
        "Total Unusual Items": -20516000.0,
        "Total Unusual Items Excluding Goodwill": -20516000.0,
        "Net Income From Continuing Operation Net Minority Interest": -1483000.0,
        "Reconciled Depreciation": 3791000.0,
        "Reconciled Cost Of Revenue": 290872000.0,
        "EBITDA": 5558000.0,
        "EBIT": 1767000.0,
        "Net Interest Income": -3211000.0,
        "Interest Expense": 3211000.0,
        "Normalized Income": 14724640.0,
        "Net Income From Continuing And Discontinued Operation": -1483000.0,
        "Total Expenses": 322627000.0,
        "Total Operating Income As Reported": -1473000.0,
        "Diluted Average Shares": 42775955.0,
        "Basic Average Shares": 42775955.0,
        "Diluted EPS": -0.03,
        "Basic EPS": -0.03,
        "Diluted NI Availto Com Stockholders": -1483000.0,
        "Net Income Common Stockholders": -1483000.0,
        "Net Income": -1483000.0,
        "Net Income Including Noncontrolling Interests": -1483000.0,
        "Net Income Continuous Operations": -1483000.0,
        "Tax Provision": 39000.0,
        "Pretax Income": -1444000.0,
        "Other Income Expense": -17581000.0,
        "Other Non Operating Income Expenses": 3240000.0,
        "Special Income Charges": -20516000.0,
        "Restructuring And Mergern Acquisition": 20516000.0,
        "Earnings From Equity Interest": -305000.0,
        "Net Non Operating Interest Income Expense": -3211000.0,
        "Interest Expense Non Operating": 3211000.0,
        "Operating Income": 19348000.0,
        "Operating Expense": 31755000.0,
        "Other Operating Expenses": NaN,
        "Depreciation Amortization Depletion Income Statement": 3791000.0,
        "Depreciation And Amortization In Income Statement": 3791000.0,
        "Research And Development": 8072000.0,
        "Selling General And Administration": 19892000.0,
        "General And Administrative Expense": 19892000.0,
        "Other Gand A": 19892000.0,
        "Gross Profit": 51103000.0,
        "Cost Of Revenue": 290872000.0,
        "Total Revenue": 341975000.0,
        "Operating Revenue": 341975000.0
    },
    "2025-06-30": {
        "Tax Effect Of Unusual Items": -2131814.811303,
        "Tax Rate For Calcs": 0.107434,
        "Normalized EBITDA": 38033000.0,
        "Total Unusual Items": -19843000.0,
        "Total Unusual Items Excluding Goodwill": -19843000.0,
        "Net Income From Continuing Operation Net Minority Interest": 9413000.0,
        "Reconciled Depreciation": 3962000.0,
        "Reconciled Cost Of Revenue": 298730000.0,
        "EBITDA": 18190000.0,
        "EBIT": 14228000.0,
        "Net Interest Income": -3682000.0,
        "Interest Expense": 3682000.0,
        "Normalized Income": 27124185.188697,
        "Net Income From Continuing And Discontinued Operation": 9413000.0,
        "Total Expenses": 331400000.0,
        "Total Operating Income As Reported": 2314000.0,
        "Diluted Average Shares": 43325704.0,
        "Basic Average Shares": 42872153.0,
        "Diluted EPS": 0.22,
        "Basic EPS": 0.22,
        "Diluted NI Availto Com Stockholders": 9413000.0,
        "Net Income Common Stockholders": 9413000.0,
        "Net Income": 9413000.0,
        "Net Income Including Noncontrolling Interests": 9413000.0,
        "Net Income Continuous Operations": 9413000.0,
        "Tax Provision": 1133000.0,
        "Pretax Income": 10546000.0,
        "Other Income Expense": -7929000.0,
        "Other Non Operating Income Expenses": 11914000.0,
        "Special Income Charges": -19843000.0,
        "Restructuring And Mergern Acquisition": 19843000.0,
        "Earnings From Equity Interest": 0.0,
        "Net Non Operating Interest Income Expense": -3682000.0,
        "Interest Expense Non Operating": 3682000.0,
        "Operating Income": 22157000.0,
        "Operating Expense": 32670000.0,
        "Other Operating Expenses": NaN,
        "Depreciation Amortization Depletion Income Statement": 3962000.0,
        "Depreciation And Amortization In Income Statement": 3962000.0,
        "Research And Development": 8586000.0,
        "Selling General And Administration": 20122000.0,
        "General And Administrative Expense": 20122000.0,
        "Other Gand A": 20122000.0,
        "Gross Profit": 54827000.0,
        "Cost Of Revenue": 298730000.0,
        "Total Revenue": 353557000.0,
        "Operating Revenue": 353557000.0
    },
    "2025-09-30": {
        "Tax Effect Of Unusual Items": -2414425.822094,
        "Tax Rate For Calcs": 0.110017,
        "Normalized EBITDA": 35386000.0,
        "Total Unusual Items": -21946000.0,
        "Total Unusual Items Excluding Goodwill": -21946000.0,
        "Net Income From Continuing Operation Net Minority Interest": 5873000.0,
        "Reconciled Depreciation": 4051000.0,
        "Reconciled Cost Of Revenue": 306866000.0,
        "EBITDA": 13440000.0,
        "EBIT": 9389000.0,
        "Net Interest Income": -2790000.0,
        "Interest Expense": 2790000.0,
        "Normalized Income": 25404574.177906,
        "Net Income From Continuing And Discontinued Operation": 5873000.0,
        "Total Expenses": 339115000.0,
        "Total Operating Income As Reported": 5859000.0,
        "Diluted Average Shares": 43562132.0,
        "Basic Average Shares": 43076695.0,
        "Diluted EPS": 0.13,
        "Basic EPS": 0.14,
        "Diluted NI Availto Com Stockholders": 5873000.0,
        "Net Income Common Stockholders": 5873000.0,
        "Net Income": 5873000.0,
        "Net Income Including Noncontrolling Interests": 5873000.0,
        "Net Income Continuous Operations": 5873000.0,
        "Tax Provision": 726000.0,
        "Pretax Income": 6599000.0,
        "Other Income Expense": -18416000.0,
        "Other Non Operating Income Expenses": 3530000.0,
        "Special Income Charges": -21946000.0,
        "Restructuring And Mergern Acquisition": 21946000.0,
        "Earnings From Equity Interest": 0.0,
        "Net Non Operating Interest Income Expense": -2790000.0,
        "Interest Expense Non Operating": 2790000.0,
        "Operating Income": 27805000.0,
        "Operating Expense": 32249000.0,
        "Other Operating Expenses": NaN,
        "Depreciation Amortization Depletion Income Statement": 4051000.0,
        "Depreciation And Amortization In Income Statement": 4051000.0,
        "Research And Development": 9887000.0,
        "Selling General And Administration": 18311000.0,
        "General And Administrative Expense": 18311000.0,
        "Other Gand A": 18311000.0,
        "Gross Profit": 60054000.0,
        "Cost Of Revenue": 306866000.0,
        "Total Revenue": 366920000.0,
        "Operating Revenue": 366920000.0
    }
}