{
    "2023-03-31": {
        "Tax Effect Of Unusual Items": NaN,
        "Tax Rate For Calcs": NaN,
        "Normalized EBITDA": NaN,
        "Total Unusual Items": NaN,
        "Total Unusual Items Excluding Goodwill": NaN,
        "Net Income From Continuing Operation Net Minority Interest": NaN,
        "Reconciled Depreciation": NaN,
        "Reconciled Cost Of Revenue": NaN,
        "EBITDA": NaN,
        "EBIT": NaN,
        "Net Interest Income": NaN,
        "Interest Expense": NaN,
        "Interest Income": NaN,
        "Normalized Income": NaN,
        "Net Income From Continuing And Discontinued Operation": NaN,
        "Total Expenses": NaN,
        "Total Operating Income As Reported": NaN,
        "Diluted Average Shares": NaN,
        "Basic Average Shares": NaN,
        "Diluted EPS": NaN,
        "Basic EPS": NaN,
        "Diluted NI Availto Com Stockholders": NaN,
        "Net Income Common Stockholders": NaN,
        "Net Income": NaN,
        "Net Income Including Noncontrolling Interests": NaN,
        "Net Income Continuous Operations": NaN,
        "Earnings From Equity Interest Net Of Tax": NaN,
        "Tax Provision": NaN,
        "Pretax Income": NaN,
        "Other Income Expense": NaN,
        "Other Non Operating Income Expenses": NaN,
        "Special Income Charges": NaN,
        "Impairment Of Capital Assets": NaN,
        "Net Non Operating Interest Income Expense": NaN,
        "Interest Expense Non Operating": NaN,
        "Interest Income Non Operating": NaN,
        "Operating Income": NaN,
        "Operating Expense": NaN,
        "Other Operating Expenses": NaN,
        "Depreciation Amortization Depletion Income Statement": NaN,
        "Depreciation And Amortization In Income Statement": NaN,
        "Amortization": NaN,
        "Amortization Of Intangibles Income Statement": NaN,
        "Depreciation Income Statement": 763000.0,
        "Selling General And Administration": NaN,
        "Selling And Marketing Expense": NaN,
        "General And Administrative Expense": NaN,
        "Other Gand A": NaN,
        "Gross Profit": NaN,
        "Cost Of Revenue": NaN,
        "Total Revenue": NaN,
        "Operating Revenue": NaN
    },
    "2022-12-31": {
        "Tax Effect Of Unusual Items": NaN,
        "Tax Rate For Calcs": NaN,
        "Normalized EBITDA": NaN,
        "Total Unusual Items": 0.0,
        "Total Unusual Items Excluding Goodwill": 0.0,
        "Net Income From Continuing Operation Net Minority Interest": NaN,
        "Reconciled Depreciation": NaN,
        "Reconciled Cost Of Revenue": NaN,
        "EBITDA": NaN,
        "EBIT": NaN,
        "Net Interest Income": NaN,
        "Interest Expense": NaN,
        "Interest Income": NaN,
        "Normalized Income": NaN,
        "Net Income From Continuing And Discontinued Operation": NaN,
        "Total Expenses": NaN,
        "Total Operating Income As Reported": NaN,
        "Diluted Average Shares": NaN,
        "Basic Average Shares": NaN,
        "Diluted EPS": NaN,
        "Basic EPS": NaN,
        "Diluted NI Availto Com Stockholders": NaN,
        "Net Income Common Stockholders": NaN,
        "Net Income": NaN,
        "Net Income Including Noncontrolling Interests": NaN,
        "Net Income Continuous Operations": NaN,
        "Earnings From Equity Interest Net Of Tax": NaN,
        "Tax Provision": NaN,
        "Pretax Income": NaN,
        "Other Income Expense": NaN,
        "Other Non Operating Income Expenses": NaN,
        "Special Income Charges": 0.0,
        "Impairment Of Capital Assets": 0.0,
        "Net Non Operating Interest Income Expense": NaN,
        "Interest Expense Non Operating": NaN,
        "Interest Income Non Operating": NaN,
        "Operating Income": NaN,
        "Operating Expense": NaN,
        "Other Operating Expenses": NaN,
        "Depreciation Amortization Depletion Income Statement": NaN,
        "Depreciation And Amortization In Income Statement": NaN,
        "Amortization": NaN,
        "Amortization Of Intangibles Income Statement": NaN,
        "Depreciation Income Statement": NaN,
        "Selling General And Administration": NaN,
        "Selling And Marketing Expense": NaN,
        "General And Administrative Expense": NaN,
        "Other Gand A": NaN,
        "Gross Profit": NaN,
        "Cost Of Revenue": NaN,
        "Total Revenue": NaN,
        "Operating Revenue": NaN
    },
    "2022-09-30": {
        "Tax Effect Of Unusual Items": NaN,
        "Tax Rate For Calcs": NaN,
        "Normalized EBITDA": NaN,
        "Total Unusual Items": -100465000.0,
        "Total Unusual Items Excluding Goodwill": -100465000.0,
        "Net Income From Continuing Operation Net Minority Interest": NaN,
        "Reconciled Depreciation": NaN,
        "Reconciled Cost Of Revenue": NaN,
        "EBITDA": NaN,
        "EBIT": NaN,
        "Net Interest Income": NaN,
        "Interest Expense": NaN,
        "Interest Income": NaN,
        "Normalized Income": NaN,
        "Net Income From Continuing And Discontinued Operation": NaN,
        "Total Expenses": NaN,
        "Total Operating Income As Reported": NaN,
        "Diluted Average Shares": NaN,
        "Basic Average Shares": NaN,
        "Diluted EPS": NaN,
        "Basic EPS": NaN,
        "Diluted NI Availto Com Stockholders": NaN,
        "Net Income Common Stockholders": NaN,
        "Net Income": NaN,
        "Net Income Including Noncontrolling Interests": NaN,
        "Net Income Continuous Operations": NaN,
        "Earnings From Equity Interest Net Of Tax": NaN,
        "Tax Provision": NaN,
        "Pretax Income": NaN,
        "Other Income Expense": NaN,
        "Other Non Operating Income Expenses": NaN,
        "Special Income Charges": -100465000.0,
        "Impairment Of Capital Assets": 100465000.0,
        "Net Non Operating Interest Income Expense": NaN,
        "Interest Expense Non Operating": NaN,
        "Interest Income Non Operating": NaN,
        "Operating Income": NaN,
        "Operating Expense": NaN,
        "Other Operating Expenses": NaN,
        "Depreciation Amortization Depletion Income Statement": NaN,
        "Depreciation And Amortization In Income Statement": NaN,
        "Amortization": NaN,
        "Amortization Of Intangibles Income Statement": NaN,
        "Depreciation Income Statement": NaN,
        "Selling General And Administration": NaN,
        "Selling And Marketing Expense": NaN,
        "General And Administrative Expense": NaN,
        "Other Gand A": NaN,
        "Gross Profit": NaN,
        "Cost Of Revenue": NaN,
        "Total Revenue": NaN,
        "Operating Revenue": NaN
    },
    "2022-06-30": {
        "Tax Effect Of Unusual Items": -33670800.0,
        "Tax Rate For Calcs": 0.4,
        "Normalized EBITDA": 26307000.0,
        "Total Unusual Items": -84177000.0,
        "Total Unusual Items Excluding Goodwill": -84177000.0,
        "Net Income From Continuing Operation Net Minority Interest": -59806000.0,
        "Reconciled Depreciation": 1650000.0,
        "Reconciled Cost Of Revenue": 1368000.0,
        "EBITDA": -57870000.0,
        "EBIT": -59520000.0,
        "Net Interest Income": -20000.0,
        "Interest Expense": 20000.0,
        "Interest Income": NaN,
        "Normalized Income": -9299800.0,
        "Net Income From Continuing And Discontinued Operation": -59806000.0,
        "Total Expenses": 120370000.0,
        "Total Operating Income As Reported": -59772000.0,
        "Diluted Average Shares": 359990000.0,
        "Basic Average Shares": 359990000.0,
        "Diluted EPS": -0.17,
        "Basic EPS": -0.17,
        "Diluted NI Availto Com Stockholders": -59806000.0,
        "Net Income Common Stockholders": -59806000.0,
        "Net Income": -59806000.0,
        "Net Income Including Noncontrolling Interests": -59806000.0,
        "Net Income Continuous Operations": -59806000.0,
        "Earnings From Equity Interest Net Of Tax": -54000.0,
        "Tax Provision": 212000.0,
        "Pretax Income": -59540000.0,
        "Other Income Expense": -83925000.0,
        "Other Non Operating Income Expenses": 252000.0,
        "Special Income Charges": -84177000.0,
        "Impairment Of Capital Assets": 84177000.0,
        "Net Non Operating Interest Income Expense": -20000.0,
        "Interest Expense Non Operating": 20000.0,
        "Interest Income Non Operating": NaN,
        "Operating Income": 24405000.0,
        "Operating Expense": 117386000.0,
        "Other Operating Expenses": 15473000.0,
        "Depreciation Amortization Depletion Income Statement": 34000.0,
        "Depreciation And Amortization In Income Statement": 34000.0,
        "Amortization": 34000.0,
        "Amortization Of Intangibles Income Statement": 34000.0,
        "Selling General And Administration": 117352000.0,
        "Selling And Marketing Expense": 92369000.0,
        "General And Administrative Expense": 24983000.0,
        "Other Gand A": 24983000.0,
        "Gross Profit": 141791000.0,
        "Cost Of Revenue": 2984000.0,
        "Total Revenue": 144775000.0,
        "Operating Revenue": 144775000.0
    },
    "2023-06-30": {
        "Tax Effect Of Unusual Items": NaN,
        "Tax Rate For Calcs": NaN,
        "Normalized EBITDA": NaN,
        "Total Unusual Items": 0.0,
        "Total Unusual Items Excluding Goodwill": 0.0,
        "Net Income From Continuing Operation Net Minority Interest": NaN,
        "Reconciled Depreciation": NaN,
        "Reconciled Cost Of Revenue": NaN,
        "EBITDA": NaN,
        "EBIT": NaN,
        "Net Interest Income": NaN,
        "Interest Expense": NaN,
        "Interest Income": NaN,
        "Normalized Income": NaN,
        "Net Income From Continuing And Discontinued Operation": NaN,
        "Total Expenses": NaN,
        "Total Operating Income As Reported": NaN,
        "Diluted Average Shares": NaN,
        "Basic Average Shares": NaN,
        "Diluted EPS": NaN,
        "Basic EPS": NaN,
        "Diluted NI Availto Com Stockholders": NaN,
        "Net Income Common Stockholders": NaN,
        "Net Income": NaN,
        "Net Income Including Noncontrolling Interests": NaN,
        "Net Income Continuous Operations": NaN,
        "Earnings From Equity Interest Net Of Tax": NaN,
        "Tax Provision": NaN,
        "Pretax Income": NaN,
        "Other Income Expense": NaN,
        "Other Non Operating Income Expenses": NaN,
        "Special Income Charges": 0.0,
        "Impairment Of Capital Assets": 0.0,
        "Net Non Operating Interest Income Expense": NaN,
        "Interest Expense Non Operating": NaN,
        "Interest Income Non Operating": NaN,
        "Operating Income": NaN,
        "Operating Expense": NaN,
        "Other Operating Expenses": NaN,
        "Depreciation Amortization Depletion Income Statement": NaN,
        "Depreciation And Amortization In Income Statement": NaN,
        "Amortization": NaN,
        "Amortization Of Intangibles Income Statement": NaN,
        "Depreciation Income Statement": NaN,
        "Selling General And Administration": NaN,
        "Selling And Marketing Expense": NaN,
        "General And Administrative Expense": NaN,
        "Other Gand A": NaN,
        "Gross Profit": NaN,
        "Cost Of Revenue": NaN,
        "Total Revenue": NaN,
        "Operating Revenue": NaN
    },
    "2022-03-31": {
        "Diluted EPS": -0.03,
        "Total Revenue": 114,
        "Gross Profit": 111,
        "Operating Income": -5,
        "EBIT": -3,
        "Net Income": -12
    },
    "2021-12-31": {
        "Diluted EPS": 0.05,
        "Total Revenue": 103,
        "Gross Profit": 100,
        "Operating Income": 16,
        "EBIT": 18,
        "Net Income": 18
    },
    "2021-09-30": {
        "Diluted EPS": 0.02,
        "Total Revenue": 163,
        "Gross Profit": 160,
        "Operating Income": 10,
        "EBIT": 12,
        "Net Income": 7
    },
    "2021-06-30": {
        "Diluted EPS": -0.01,
        "Total Revenue": 115,
        "Gross Profit": 111,
        "Operating Income": -3,
        "EBIT": -1,
        "Net Income": -4
    },
    "2021-03-31": {
        "Diluted EPS": -0.02,
        "Total Revenue": 46,
        "Gross Profit": 43,
        "Operating Income": -11,
        "EBIT": -8,
        "Net Income": -8
    },
    "2020-12-31": {
        "Diluted EPS": -0.04,
        "Total Revenue": 41,
        "Gross Profit": 39,
        "Operating Income": -20,
        "EBIT": -18,
        "Net Income": -19
    },
    "2020-09-30": {
        "Diluted EPS": -0.01,
        "Total Revenue": 71,
        "Gross Profit": 68,
        "Operating Income": -2,
        "EBIT": 2,
        "Net Income": -3
    },
    "2020-06-30": {
        "Diluted EPS": -0.07,
        "Total Revenue": 18,
        "Gross Profit": 15,
        "Operating Income": -29,
        "EBIT": -26,
        "Net Income": -22
    },
    "2020-03-31": {
        "Diluted EPS": -0.67,
        "Total Revenue": 154,
        "Gross Profit": 151,
        "Operating Income": -237,
        "EBIT": -234,
        "Net Income": -236
    },
    "2019-12-31": {
        "Diluted EPS": 0.01,
        "Total Revenue": 173,
        "Gross Profit": 170,
        "Operating Income": 14,
        "EBIT": 17,
        "Net Income": 3
    },
    "2019-09-30": {
        "Diluted EPS": 0.0,
        "Total Revenue": 278,
        "Gross Profit": 275,
        "Operating Income": 3,
        "EBIT": 6,
        "Net Income": 0
    },
    "2019-06-30": {
        "Diluted EPS": 0.02,
        "Total Revenue": 251,
        "Gross Profit": 249,
        "Operating Income": 12,
        "EBIT": 15,
        "Net Income": 7
    },
    "2019-03-31": {
        "Diluted EPS": 0.02,
        "Total Revenue": 237,
        "Gross Profit": 235,
        "Operating Income": 15,
        "EBIT": 18,
        "Net Income": 9
    },
    "2018-12-31": {
        "Diluted EPS": 0.04,
        "Total Revenue": 186,
        "Gross Profit": 185,
        "Operating Income": 24,
        "EBIT": 28,
        "Net Income": 14
    },
    "2018-09-30": {
        "Diluted EPS": 0.04,
        "Total Revenue": 295,
        "Gross Profit": 293,
        "Operating Income": 21,
        "EBIT": 25,
        "Net Income": 12
    },
    "2018-06-30": {
        "Diluted EPS": -0.07,
        "Total Revenue": 280,
        "Gross Profit": 279,
        "Operating Income": -32,
        "EBIT": -28,
        "Net Income": -25
    },
    "2018-03-31": {
        "Diluted EPS": -0.07,
        "Total Revenue": 319,
        "Gross Profit": 317,
        "Operating Income": -36,
        "EBIT": -32,
        "Net Income": -27
    },
    "2017-12-31": {
        "Diluted EPS": -0.05,
        "Total Revenue": 219,
        "Gross Profit": 217,
        "Operating Income": -16,
        "EBIT": -13,
        "Net Income": -10
    },
    "2017-09-30": {
        "Diluted EPS": -0.02,
        "Total Revenue": 338,
        "Gross Profit": 336,
        "Operating Income": -17,
        "EBIT": -14,
        "Net Income": -7
    },
    "2017-06-30": {
        "Diluted EPS": -0.01,
        "Total Revenue": 328,
        "Gross Profit": 327,
        "Operating Income": -3,
        "EBIT": -1,
        "Net Income": -3
    },
    "2017-03-31": {
        "Diluted EPS": 0.02,
        "Total Revenue": 285,
        "Gross Profit": 284,
        "Operating Income": 13,
        "EBIT": 17,
        "Net Income": 6
    },
    "2016-12-31": {
        "Diluted EPS": 0.0,
        "Total Revenue": NaN,
        "Gross Profit": NaN,
        "Operating Income": NaN,
        "EBIT": NaN,
        "Net Income": NaN
    },
    "2023-09-30": {
        "Tax Effect Of Unusual Items": NaN,
        "Tax Rate For Calcs": NaN,
        "Normalized EBITDA": NaN,
        "Total Unusual Items": -196127000.0,
        "Total Unusual Items Excluding Goodwill": -196127000.0,
        "Net Income From Continuing Operation Net Minority Interest": NaN,
        "Reconciled Depreciation": NaN,
        "Reconciled Cost Of Revenue": NaN,
        "EBITDA": NaN,
        "EBIT": NaN,
        "Net Interest Income": NaN,
        "Interest Expense": NaN,
        "Interest Income": NaN,
        "Normalized Income": NaN,
        "Net Income From Continuing And Discontinued Operation": NaN,
        "Total Expenses": NaN,
        "Total Operating Income As Reported": NaN,
        "Diluted Average Shares": NaN,
        "Basic Average Shares": NaN,
        "Diluted EPS": NaN,
        "Basic EPS": NaN,
        "Diluted NI Availto Com Stockholders": NaN,
        "Net Income Common Stockholders": NaN,
        "Net Income": NaN,
        "Net Income Including Noncontrolling Interests": NaN,
        "Net Income Continuous Operations": NaN,
        "Earnings From Equity Interest Net Of Tax": NaN,
        "Tax Provision": NaN,
        "Pretax Income": NaN,
        "Other Income Expense": NaN,
        "Other Non Operating Income Expenses": NaN,
        "Special Income Charges": -196127000.0,
        "Impairment Of Capital Assets": 196127000.0,
        "Net Non Operating Interest Income Expense": NaN,
        "Interest Expense Non Operating": NaN,
        "Interest Income Non Operating": NaN,
        "Operating Income": NaN,
        "Operating Expense": NaN,
        "Other Operating Expenses": NaN,
        "Depreciation Amortization Depletion Income Statement": NaN,
        "Depreciation And Amortization In Income Statement": NaN,
        "Amortization": NaN,
        "Amortization Of Intangibles Income Statement": NaN,
        "Depreciation Income Statement": NaN,
        "Selling General And Administration": NaN,
        "Selling And Marketing Expense": NaN,
        "General And Administrative Expense": NaN,
        "Other Gand A": NaN,
        "Gross Profit": NaN,
        "Cost Of Revenue": NaN,
        "Total Revenue": NaN,
        "Operating Revenue": NaN
    },
    "2023-12-31": {
        "Tax Effect Of Unusual Items": NaN,
        "Tax Rate For Calcs": NaN,
        "Normalized EBITDA": NaN,
        "Total Unusual Items": 0.0,
        "Total Unusual Items Excluding Goodwill": 0.0,
        "Net Income From Continuing Operation Net Minority Interest": NaN,
        "Reconciled Depreciation": NaN,
        "Reconciled Cost Of Revenue": NaN,
        "EBITDA": NaN,
        "EBIT": NaN,
        "Net Interest Income": NaN,
        "Interest Expense": NaN,
        "Interest Income": NaN,
        "Normalized Income": NaN,
        "Net Income From Continuing And Discontinued Operation": NaN,
        "Total Expenses": NaN,
        "Total Operating Income As Reported": NaN,
        "Diluted Average Shares": NaN,
        "Basic Average Shares": NaN,
        "Diluted EPS": NaN,
        "Basic EPS": NaN,
        "Diluted NI Availto Com Stockholders": NaN,
        "Net Income Common Stockholders": NaN,
        "Net Income": NaN,
        "Net Income Including Noncontrolling Interests": NaN,
        "Net Income Continuous Operations": NaN,
        "Earnings From Equity Interest Net Of Tax": NaN,
        "Tax Provision": NaN,
        "Pretax Income": NaN,
        "Other Income Expense": NaN,
        "Other Non Operating Income Expenses": NaN,
        "Special Income Charges": 0.0,
        "Impairment Of Capital Assets": 0.0,
        "Net Non Operating Interest Income Expense": NaN,
        "Interest Expense Non Operating": NaN,
        "Interest Income Non Operating": NaN,
        "Operating Income": NaN,
        "Operating Expense": NaN,
        "Other Operating Expenses": NaN,
        "Depreciation Amortization Depletion Income Statement": NaN,
        "Depreciation And Amortization In Income Statement": NaN,
        "Amortization": NaN,
        "Amortization Of Intangibles Income Statement": NaN,
        "Depreciation Income Statement": NaN,
        "Selling General And Administration": NaN,
        "Selling And Marketing Expense": NaN,
        "General And Administrative Expense": NaN,
        "Other Gand A": NaN,
        "Gross Profit": NaN,
        "Cost Of Revenue": NaN,
        "Total Revenue": NaN,
        "Operating Revenue": NaN
    },
    "2024-03-31": {
        "Tax Effect Of Unusual Items": NaN,
        "Tax Rate For Calcs": NaN,
        "Normalized EBITDA": NaN,
        "Total Unusual Items": NaN,
        "Total Unusual Items Excluding Goodwill": NaN,
        "Net Income From Continuing Operation Net Minority Interest": NaN,
        "Reconciled Depreciation": NaN,
        "Reconciled Cost Of Revenue": NaN,
        "EBITDA": NaN,
        "EBIT": NaN,
        "Net Interest Income": NaN,
        "Interest Expense": NaN,
        "Interest Income": NaN,
        "Normalized Income": NaN,
        "Net Income From Continuing And Discontinued Operation": NaN,
        "Total Expenses": NaN,
        "Total Operating Income As Reported": NaN,
        "Diluted Average Shares": NaN,
        "Basic Average Shares": NaN,
        "Diluted EPS": NaN,
        "Basic EPS": NaN,
        "Diluted NI Availto Com Stockholders": NaN,
        "Net Income Common Stockholders": NaN,
        "Net Income": NaN,
        "Net Income Including Noncontrolling Interests": NaN,
        "Net Income Continuous Operations": NaN,
        "Earnings From Equity Interest Net Of Tax": NaN,
        "Tax Provision": NaN,
        "Pretax Income": NaN,
        "Other Income Expense": NaN,
        "Other Non Operating Income Expenses": NaN,
        "Special Income Charges": NaN,
        "Impairment Of Capital Assets": NaN,
        "Net Non Operating Interest Income Expense": NaN,
        "Interest Expense Non Operating": NaN,
        "Interest Income Non Operating": NaN,
        "Operating Income": NaN,
        "Operating Expense": NaN,
        "Other Operating Expenses": NaN,
        "Depreciation Amortization Depletion Income Statement": NaN,
        "Depreciation And Amortization In Income Statement": NaN,
        "Amortization": NaN,
        "Amortization Of Intangibles Income Statement": NaN,
        "Depreciation Income Statement": 799000.0,
        "Selling General And Administration": NaN,
        "Selling And Marketing Expense": NaN,
        "General And Administrative Expense": NaN,
        "Other Gand A": NaN,
        "Gross Profit": NaN,
        "Cost Of Revenue": NaN,
        "Total Revenue": NaN,
        "Operating Revenue": NaN
    },
    "2024-06-30": {
        "Tax Effect Of Unusual Items": 0.0,
        "Tax Rate For Calcs": 0.370024,
        "Normalized EBITDA": -6721000.0,
        "Total Unusual Items": NaN,
        "Total Unusual Items Excluding Goodwill": NaN,
        "Net Income From Continuing Operation Net Minority Interest": -4942000.0,
        "Reconciled Depreciation": 1088000.0,
        "Reconciled Cost Of Revenue": 2371000.0,
        "EBITDA": -6721000.0,
        "EBIT": -7809000.0,
        "Net Interest Income": 1010000.0,
        "Interest Expense": 4000.0,
        "Interest Income": 1014000.0,
        "Normalized Income": -4942000.0,
        "Net Income From Continuing And Discontinued Operation": -4942000.0,
        "Total Expenses": 127357000.0,
        "Total Operating Income As Reported": -8800000.0,
        "Diluted Average Shares": 69794600.0,
        "Basic Average Shares": 69794600.0,
        "Diluted EPS": -0.05,
        "Basic EPS": -0.05,
        "Diluted NI Availto Com Stockholders": -4942000.0,
        "Net Income Common Stockholders": -4942000.0,
        "Net Income": -4942000.0,
        "Net Income Including Noncontrolling Interests": -4942000.0,
        "Net Income Continuous Operations": -4942000.0,
        "Earnings From Equity Interest Net Of Tax": -20000.0,
        "Tax Provision": -2891000.0,
        "Pretax Income": -7813000.0,
        "Other Income Expense": -23000.0,
        "Other Non Operating Income Expenses": -23000.0,
        "Special Income Charges": NaN,
        "Impairment Of Capital Assets": NaN,
        "Net Non Operating Interest Income Expense": 1010000.0,
        "Interest Expense Non Operating": 4000.0,
        "Interest Income Non Operating": 1014000.0,
        "Operating Income": -8800000.0,
        "Operating Expense": 124698000.0,
        "Other Operating Expenses": 12075000.0,
        "Depreciation Amortization Depletion Income Statement": 800000.0,
        "Depreciation And Amortization In Income Statement": 800000.0,
        "Amortization": 0.0,
        "Amortization Of Intangibles Income Statement": 0.0,
        "Depreciation Income Statement": 800000.0,
        "Selling General And Administration": 111823000.0,
        "Selling And Marketing Expense": 102229000.0,
        "General And Administrative Expense": 9594000.0,
        "Other Gand A": 9594000.0,
        "Gross Profit": 115898000.0,
        "Cost Of Revenue": 2659000.0,
        "Total Revenue": 118557000.0,
        "Operating Revenue": 118557000.0
    },
    "2024-09-30": {
        "Tax Effect Of Unusual Items": -6240000.0,
        "Tax Rate For Calcs": 0.208,
        "Normalized EBITDA": 12706000.0,
        "Total Unusual Items": -30000000.0,
        "Total Unusual Items Excluding Goodwill": -30000000.0,
        "Net Income From Continuing Operation Net Minority Interest": -15431000.0,
        "Reconciled Depreciation": 1073000.0,
        "Reconciled Cost Of Revenue": 1833000.0,
        "EBITDA": -17294000.0,
        "EBIT": -18367000.0,
        "Net Interest Income": 823000.0,
        "Interest Expense": 4000.0,
        "Interest Income": 827000.0,
        "Normalized Income": 8329000.0,
        "Net Income From Continuing And Discontinued Operation": -15431000.0,
        "Total Expenses": 135700000.0,
        "Total Operating Income As Reported": -19613000.0,
        "Diluted Average Shares": 69823600.0,
        "Basic Average Shares": 69823600.0,
        "Diluted EPS": -0.2,
        "Basic EPS": -0.2,
        "Diluted NI Availto Com Stockholders": -15431000.0,
        "Net Income Common Stockholders": -15431000.0,
        "Net Income": -15431000.0,
        "Net Income Including Noncontrolling Interests": -15431000.0,
        "Net Income Continuous Operations": -15431000.0,
        "Earnings From Equity Interest Net Of Tax": -887000.0,
        "Tax Provision": -3827000.0,
        "Pretax Income": -18371000.0,
        "Other Income Expense": -29581000.0,
        "Other Non Operating Income Expenses": 419000.0,
        "Special Income Charges": -30000000.0,
        "Impairment Of Capital Assets": 30000000.0,
        "Net Non Operating Interest Income Expense": 823000.0,
        "Interest Expense Non Operating": 4000.0,
        "Interest Income Non Operating": 827000.0,
        "Operating Income": 10387000.0,
        "Operating Expense": 132794000.0,
        "Other Operating Expenses": 12335000.0,
        "Depreciation Amortization Depletion Income Statement": 0.0,
        "Depreciation And Amortization In Income Statement": 0.0,
        "Amortization": 0.0,
        "Amortization Of Intangibles Income Statement": 0.0,
        "Depreciation Income Statement": NaN,
        "Selling General And Administration": 120459000.0,
        "Selling And Marketing Expense": 113567000.0,
        "General And Administrative Expense": 6892000.0,
        "Other Gand A": 6892000.0,
        "Gross Profit": 143181000.0,
        "Cost Of Revenue": 2906000.0,
        "Total Revenue": 146087000.0,
        "Operating Revenue": 146087000.0
    },
    "2024-12-31": {
        "Tax Effect Of Unusual Items": -48649.335644,
        "Tax Rate For Calcs": 0.328712,
        "Normalized EBITDA": 9292000.0,
        "Total Unusual Items": -148000.0,
        "Total Unusual Items Excluding Goodwill": -148000.0,
        "Net Income From Continuing Operation Net Minority Interest": 5059000.0,
        "Reconciled Depreciation": 485000.0,
        "Reconciled Cost Of Revenue": 2189000.0,
        "EBITDA": 9144000.0,
        "EBIT": 8659000.0,
        "Net Interest Income": 845000.0,
        "Interest Expense": 4000.0,
        "Interest Income": 849000.0,
        "Normalized Income": 5158350.664356,
        "Net Income From Continuing And Discontinued Operation": 5059000.0,
        "Total Expenses": 86806000.0,
        "Total Operating Income As Reported": 7821000.0,
        "Diluted Average Shares": 70203600.0,
        "Basic Average Shares": 70064800.0,
        "Diluted EPS": 0.05,
        "Basic EPS": 0.05,
        "Diluted NI Availto Com Stockholders": 5059000.0,
        "Net Income Common Stockholders": 5059000.0,
        "Net Income": 5059000.0,
        "Net Income Including Noncontrolling Interests": 5059000.0,
        "Net Income Continuous Operations": 5059000.0,
        "Earnings From Equity Interest Net Of Tax": -751000.0,
        "Tax Provision": 2845000.0,
        "Pretax Income": 8655000.0,
        "Other Income Expense": -159000.0,
        "Other Non Operating Income Expenses": -11000.0,
        "Special Income Charges": -148000.0,
        "Impairment Of Capital Assets": 148000.0,
        "Net Non Operating Interest Income Expense": 845000.0,
        "Interest Expense Non Operating": 4000.0,
        "Interest Income Non Operating": 849000.0,
        "Operating Income": 7969000.0,
        "Operating Expense": 84132000.0,
        "Other Operating Expenses": 12463000.0,
        "Depreciation Amortization Depletion Income Statement": 0.0,
        "Depreciation And Amortization In Income Statement": 0.0,
        "Amortization": 0.0,
        "Amortization Of Intangibles Income Statement": 0.0,
        "Depreciation Income Statement": NaN,
        "Selling General And Administration": 71669000.0,
        "Selling And Marketing Expense": 63617000.0,
        "General And Administrative Expense": 8052000.0,
        "Other Gand A": 8052000.0,
        "Gross Profit": 92101000.0,
        "Cost Of Revenue": 2674000.0,
        "Total Revenue": 94775000.0,
        "Operating Revenue": 94775000.0
    },
    "2025-03-31": {
        "Tax Effect Of Unusual Items": 0.0,
        "Tax Rate For Calcs": 0.239,
        "Normalized EBITDA": -7540000.0,
        "Total Unusual Items": NaN,
        "Total Unusual Items Excluding Goodwill": NaN,
        "Net Income From Continuing Operation Net Minority Interest": -7795000.0,
        "Reconciled Depreciation": 1018000.0,
        "Reconciled Cost Of Revenue": 2482000.0,
        "EBITDA": -7540000.0,
        "EBIT": -8558000.0,
        "Net Interest Income": 733000.0,
        "Interest Expense": 3000.0,
        "Interest Income": 736000.0,
        "Normalized Income": -7795000.0,
        "Net Income From Continuing And Discontinued Operation": -7795000.0,
        "Total Expenses": 133670000.0,
        "Total Operating Income As Reported": -9562000.0,
        "Diluted Average Shares": 70340400.0,
        "Basic Average Shares": 70340400.0,
        "Diluted EPS": -0.1,
        "Basic EPS": -0.1,
        "Diluted NI Availto Com Stockholders": -7795000.0,
        "Net Income Common Stockholders": -7795000.0,
        "Net Income": -7795000.0,
        "Net Income Including Noncontrolling Interests": -7795000.0,
        "Net Income Continuous Operations": -7795000.0,
        "Earnings From Equity Interest Net Of Tax": -1284000.0,
        "Tax Provision": -2050000.0,
        "Pretax Income": -8561000.0,
        "Other Income Expense": 268000.0,
        "Other Non Operating Income Expenses": 268000.0,
        "Special Income Charges": NaN,
        "Impairment Of Capital Assets": NaN,
        "Net Non Operating Interest Income Expense": 733000.0,
        "Interest Expense Non Operating": 3000.0,
        "Interest Income Non Operating": 736000.0,
        "Operating Income": -9562000.0,
        "Operating Expense": 130951000.0,
        "Other Operating Expenses": 12620000.0,
        "Depreciation Amortization Depletion Income Statement": 781000.0,
        "Depreciation And Amortization In Income Statement": 781000.0,
        "Amortization": 0.0,
        "Amortization Of Intangibles Income Statement": 0.0,
        "Depreciation Income Statement": 781000.0,
        "Selling General And Administration": 117550000.0,
        "Selling And Marketing Expense": 110219000.0,
        "General And Administrative Expense": 7331000.0,
        "Other Gand A": 7331000.0,
        "Gross Profit": 121389000.0,
        "Cost Of Revenue": 2719000.0,
        "Total Revenue": 124108000.0,
        "Operating Revenue": 124108000.0
    },
    "2025-06-30": {
        "Tax Effect Of Unusual Items": 0.0,
        "Tax Rate For Calcs": 0.16023,
        "Normalized EBITDA": -6288000.0,
        "Total Unusual Items": NaN,
        "Total Unusual Items Excluding Goodwill": NaN,
        "Net Income From Continuing Operation Net Minority Interest": -6502000.0,
        "Reconciled Depreciation": 1011000.0,
        "Reconciled Cost Of Revenue": 2461000.0,
        "EBITDA": -6288000.0,
        "EBIT": -7299000.0,
        "Net Interest Income": 527000.0,
        "Interest Expense": 3000.0,
        "Interest Income": 530000.0,
        "Normalized Income": -6502000.0,
        "Net Income From Continuing And Discontinued Operation": -6502000.0,
        "Total Expenses": 147310000.0,
        "Total Operating Income As Reported": -8042000.0,
        "Diluted Average Shares": 70381000.0,
        "Basic Average Shares": 70381000.0,
        "Diluted EPS": -0.1,
        "Basic EPS": -0.1,
        "Diluted NI Availto Com Stockholders": -6502000.0,
        "Net Income Common Stockholders": -6502000.0,
        "Net Income": -6502000.0,
        "Net Income Including Noncontrolling Interests": -6502000.0,
        "Net Income Continuous Operations": -6502000.0,
        "Earnings From Equity Interest Net Of Tax": -370000.0,
        "Tax Provision": -1170000.0,
        "Pretax Income": -7302000.0,
        "Other Income Expense": 213000.0,
        "Other Non Operating Income Expenses": 213000.0,
        "Special Income Charges": NaN,
        "Impairment Of Capital Assets": NaN,
        "Net Non Operating Interest Income Expense": 527000.0,
        "Interest Expense Non Operating": 3000.0,
        "Interest Income Non Operating": 530000.0,
        "Operating Income": -8042000.0,
        "Operating Expense": 144641000.0,
        "Other Operating Expenses": 11784000.0,
        "Depreciation Amortization Depletion Income Statement": 803000.0,
        "Depreciation And Amortization In Income Statement": 803000.0,
        "Amortization": 33000.0,
        "Amortization Of Intangibles Income Statement": 33000.0,
        "Depreciation Income Statement": 770000.0,
        "Selling General And Administration": 132054000.0,
        "Selling And Marketing Expense": 123957000.0,
        "General And Administrative Expense": 8097000.0,
        "Other Gand A": 8097000.0,
        "Gross Profit": 136599000.0,
        "Cost Of Revenue": 2669000.0,
        "Total Revenue": 139268000.0,
        "Operating Revenue": 139268000.0
    }
}