{
    "2023-06-30": {
        "Tax Effect Of Unusual Items": NaN,
        "Tax Rate For Calcs": NaN,
        "Total Unusual Items": 32000.0,
        "Total Unusual Items Excluding Goodwill": 32000.0,
        "Net Income From Continuing Operation Net Minority Interest": NaN,
        "Reconciled Depreciation": NaN,
        "Net Interest Income": NaN,
        "Interest Expense": NaN,
        "Interest Income": NaN,
        "Normalized Income": NaN,
        "Net Income From Continuing And Discontinued Operation": NaN,
        "Diluted Average Shares": NaN,
        "Basic Average Shares": NaN,
        "Diluted EPS": NaN,
        "Basic EPS": NaN,
        "Diluted NI Availto Com Stockholders": NaN,
        "Net Income Common Stockholders": NaN,
        "Net Income": NaN,
        "Net Income Including Noncontrolling Interests": NaN,
        "Net Income Continuous Operations": NaN,
        "Tax Provision": NaN,
        "Pretax Income": NaN,
        "Special Income Charges": 32000.0,
        "Other Special Charges": -32000.0,
        "Gain On Sale Of Security": NaN,
        "Depreciation Amortization Depletion Income Statement": NaN,
        "Depreciation And Amortization In Income Statement": NaN,
        "Amortization": NaN,
        "Amortization Of Intangibles Income Statement": NaN,
        "Selling General And Administration": NaN,
        "Selling And Marketing Expense": NaN,
        "General And Administrative Expense": NaN,
        "Insurance And Claims": NaN,
        "Salaries And Wages": NaN,
        "Total Revenue": NaN,
        "Operating Revenue": NaN,
        "Occupancy And Equipment": NaN,
        "Professional Expense And Contract Services Expense": NaN,
        "Other Non Interest Expense": NaN
    },
    "2023-03-31": {
        "Tax Effect Of Unusual Items": 0.0,
        "Tax Rate For Calcs": 0.204,
        "Total Unusual Items": NaN,
        "Total Unusual Items Excluding Goodwill": NaN,
        "Net Income From Continuing Operation Net Minority Interest": 6663000.0,
        "Reconciled Depreciation": 660000.0,
        "Net Interest Income": 17087000.0,
        "Interest Expense": 2236000.0,
        "Interest Income": 19323000.0,
        "Normalized Income": 6663000.0,
        "Net Income From Continuing And Discontinued Operation": 6663000.0,
        "Diluted Average Shares": 8304370.0,
        "Basic Average Shares": 8220532.0,
        "Diluted EPS": 0.8,
        "Basic EPS": 0.81,
        "Diluted NI Availto Com Stockholders": 6663000.0,
        "Net Income Common Stockholders": 6663000.0,
        "Net Income": 6663000.0,
        "Net Income Including Noncontrolling Interests": 6663000.0,
        "Net Income Continuous Operations": 6663000.0,
        "Tax Provision": 1705000.0,
        "Pretax Income": 8368000.0,
        "Special Income Charges": NaN,
        "Other Special Charges": NaN,
        "Gain On Sale Of Security": 2000.0,
        "Depreciation Amortization Depletion Income Statement": 67000.0,
        "Depreciation And Amortization In Income Statement": 67000.0,
        "Amortization": 67000.0,
        "Amortization Of Intangibles Income Statement": 67000.0,
        "Selling General And Administration": 6426000.0,
        "Selling And Marketing Expense": 178000.0,
        "General And Administrative Expense": 6248000.0,
        "Insurance And Claims": 202000.0,
        "Salaries And Wages": 6046000.0,
        "Total Revenue": 18914000.0,
        "Operating Revenue": 18914000.0,
        "Occupancy And Equipment": 1001000.0,
        "Professional Expense And Contract Services Expense": 473000.0,
        "Other Non Interest Expense": 2104000.0
    },
    "2022-12-31": {
        "Tax Effect Of Unusual Items": 0.0,
        "Tax Rate For Calcs": 0.2,
        "Total Unusual Items": NaN,
        "Total Unusual Items Excluding Goodwill": NaN,
        "Net Income From Continuing Operation Net Minority Interest": 7507000.0,
        "Reconciled Depreciation": 669000.0,
        "Net Interest Income": 17692000.0,
        "Interest Expense": 1369000.0,
        "Interest Income": 19061000.0,
        "Normalized Income": 7507000.0,
        "Net Income From Continuing And Discontinued Operation": 7507000.0,
        "Diluted Average Shares": 8318733.0,
        "Basic Average Shares": 8232273.0,
        "Diluted EPS": 0.9,
        "Basic EPS": 0.91,
        "Diluted NI Availto Com Stockholders": 7507000.0,
        "Net Income Common Stockholders": 7507000.0,
        "Net Income": 7507000.0,
        "Net Income Including Noncontrolling Interests": 7507000.0,
        "Net Income Continuous Operations": 7507000.0,
        "Tax Provision": 1881000.0,
        "Pretax Income": 9388000.0,
        "Special Income Charges": NaN,
        "Other Special Charges": NaN,
        "Gain On Sale Of Security": 3000.0,
        "Depreciation Amortization Depletion Income Statement": 68000.0,
        "Depreciation And Amortization In Income Statement": 68000.0,
        "Amortization": 68000.0,
        "Amortization Of Intangibles Income Statement": 68000.0,
        "Selling General And Administration": 6219000.0,
        "Selling And Marketing Expense": 195000.0,
        "General And Administrative Expense": 6024000.0,
        "Insurance And Claims": 124000.0,
        "Salaries And Wages": 5900000.0,
        "Total Revenue": 19499000.0,
        "Operating Revenue": 19499000.0
    },
    "2022-09-30": {
        "Tax Effect Of Unusual Items": NaN,
        "Tax Rate For Calcs": NaN,
        "Total Unusual Items": NaN,
        "Total Unusual Items Excluding Goodwill": NaN,
        "Net Income From Continuing Operation Net Minority Interest": NaN,
        "Reconciled Depreciation": NaN,
        "Net Interest Income": NaN,
        "Interest Expense": NaN,
        "Interest Income": NaN,
        "Normalized Income": NaN,
        "Net Income From Continuing And Discontinued Operation": NaN,
        "Diluted Average Shares": NaN,
        "Basic Average Shares": NaN,
        "Diluted EPS": NaN,
        "Basic EPS": NaN,
        "Diluted NI Availto Com Stockholders": NaN,
        "Net Income Common Stockholders": NaN,
        "Net Income": NaN,
        "Net Income Including Noncontrolling Interests": NaN,
        "Net Income Continuous Operations": NaN,
        "Tax Provision": NaN,
        "Pretax Income": NaN,
        "Special Income Charges": NaN,
        "Other Special Charges": NaN,
        "Gain On Sale Of Security": NaN,
        "Depreciation Amortization Depletion Income Statement": NaN,
        "Depreciation And Amortization In Income Statement": NaN,
        "Amortization": NaN,
        "Amortization Of Intangibles Income Statement": NaN,
        "Selling General And Administration": NaN,
        "Selling And Marketing Expense": NaN,
        "General And Administrative Expense": NaN,
        "Other Gand A": 876000.0,
        "Insurance And Claims": NaN,
        "Salaries And Wages": NaN,
        "Total Revenue": NaN,
        "Operating Revenue": NaN
    },
    "2022-06-30": {
        "Tax Effect Of Unusual Items": 0.0,
        "Tax Rate For Calcs": 0.204,
        "Total Unusual Items": NaN,
        "Total Unusual Items Excluding Goodwill": NaN,
        "Net Income From Continuing Operation Net Minority Interest": 5738000.0,
        "Reconciled Depreciation": 79000.0,
        "Net Interest Income": 13957000.0,
        "Interest Expense": 645000.0,
        "Interest Income": 14602000.0,
        "Normalized Income": 5738000.0,
        "Net Income From Continuing And Discontinued Operation": 5738000.0,
        "Diluted Average Shares": 8349859.0,
        "Basic Average Shares": 8279436.0,
        "Diluted EPS": 0.69,
        "Basic EPS": 0.69,
        "Diluted NI Availto Com Stockholders": 5738000.0,
        "Net Income Common Stockholders": 5738000.0,
        "Net Income": 5738000.0,
        "Net Income Including Noncontrolling Interests": 5738000.0,
        "Net Income Continuous Operations": 5738000.0,
        "Tax Provision": 1472000.0,
        "Pretax Income": 7210000.0,
        "Special Income Charges": NaN,
        "Other Special Charges": NaN,
        "Gain On Sale Of Security": 5000.0,
        "Depreciation Amortization Depletion Income Statement": 79000.0,
        "Depreciation And Amortization In Income Statement": 79000.0,
        "Amortization": 79000.0,
        "Amortization Of Intangibles Income Statement": 79000.0,
        "Selling General And Administration": 6391000.0,
        "Selling And Marketing Expense": 187000.0,
        "General And Administrative Expense": 6204000.0,
        "Other Gand A": 838000.0,
        "Insurance And Claims": 123000.0,
        "Salaries And Wages": 5243000.0,
        "Total Revenue": 16073000.0,
        "Operating Revenue": 16073000.0
    },
    "2022-03-31": {
        "Diluted EPS": 0.63,
        "Total Revenue": 17,
        "Gross Profit": 16,
        "Operating Income": 7,
        "EBIT": NaN,
        "Net Income": 5
    },
    "2021-12-31": {
        "Diluted EPS": 0.65,
        "Total Revenue": 17,
        "Gross Profit": 16,
        "Operating Income": 7,
        "EBIT": NaN,
        "Net Income": 5
    },
    "2021-09-30": {
        "Diluted EPS": 0.71,
        "Total Revenue": 17,
        "Gross Profit": 17,
        "Operating Income": 8,
        "EBIT": NaN,
        "Net Income": 6
    },
    "2021-06-30": {
        "Diluted EPS": 0.83,
        "Total Revenue": 18,
        "Gross Profit": 17,
        "Operating Income": 9,
        "EBIT": NaN,
        "Net Income": 7
    },
    "2021-03-31": {
        "Diluted EPS": 0.86,
        "Total Revenue": 18,
        "Gross Profit": 17,
        "Operating Income": 9,
        "EBIT": NaN,
        "Net Income": 7
    },
    "2020-12-31": {
        "Diluted EPS": 0.87,
        "Total Revenue": 19,
        "Gross Profit": 18,
        "Operating Income": 9,
        "EBIT": NaN,
        "Net Income": 7
    },
    "2020-09-30": {
        "Diluted EPS": 0.76,
        "Total Revenue": 18,
        "Gross Profit": 17,
        "Operating Income": 8,
        "EBIT": NaN,
        "Net Income": 6
    },
    "2020-06-30": {
        "Diluted EPS": 0.74,
        "Total Revenue": 19,
        "Gross Profit": 17,
        "Operating Income": 8,
        "EBIT": NaN,
        "Net Income": 6
    },
    "2020-03-31": {
        "Diluted EPS": 0.6,
        "Total Revenue": 18,
        "Gross Profit": 17,
        "Operating Income": 6,
        "EBIT": NaN,
        "Net Income": 5
    },
    "2019-12-31": {
        "Diluted EPS": 0.78,
        "Total Revenue": 18,
        "Gross Profit": 17,
        "Operating Income": 8,
        "EBIT": NaN,
        "Net Income": 7
    },
    "2019-09-30": {
        "Diluted EPS": 0.76,
        "Total Revenue": 18,
        "Gross Profit": 17,
        "Operating Income": 8,
        "EBIT": NaN,
        "Net Income": 6
    },
    "2019-06-30": {
        "Diluted EPS": 0.7,
        "Total Revenue": 18,
        "Gross Profit": 16,
        "Operating Income": 8,
        "EBIT": NaN,
        "Net Income": 6
    },
    "2019-03-31": {
        "Diluted EPS": 0.72,
        "Total Revenue": 18,
        "Gross Profit": 17,
        "Operating Income": 7,
        "EBIT": NaN,
        "Net Income": 6
    },
    "2018-12-31": {
        "Diluted EPS": 0.66,
        "Total Revenue": 17,
        "Gross Profit": 16,
        "Operating Income": 7,
        "EBIT": NaN,
        "Net Income": 6
    },
    "2018-09-30": {
        "Diluted EPS": 0.58,
        "Total Revenue": 14,
        "Gross Profit": 13,
        "Operating Income": 6,
        "EBIT": NaN,
        "Net Income": 4
    },
    "2018-06-30": {
        "Diluted EPS": 0.59,
        "Total Revenue": 14,
        "Gross Profit": 13,
        "Operating Income": 6,
        "EBIT": NaN,
        "Net Income": 4
    },
    "2018-03-31": {
        "Diluted EPS": 0.57,
        "Total Revenue": 13,
        "Gross Profit": 13,
        "Operating Income": 5,
        "EBIT": NaN,
        "Net Income": 4
    },
    "2017-12-31": {
        "Diluted EPS": 0.48,
        "Total Revenue": 13,
        "Gross Profit": 13,
        "Operating Income": 5,
        "EBIT": NaN,
        "Net Income": 4
    },
    "2017-09-30": {
        "Diluted EPS": 0.49,
        "Total Revenue": 13,
        "Gross Profit": 12,
        "Operating Income": 5,
        "EBIT": NaN,
        "Net Income": 4
    },
    "2017-06-30": {
        "Diluted EPS": 0.58,
        "Total Revenue": 13,
        "Gross Profit": 12,
        "Operating Income": 6,
        "EBIT": NaN,
        "Net Income": 4
    },
    "2017-03-31": {
        "Diluted EPS": 0.42,
        "Total Revenue": 12,
        "Gross Profit": 11,
        "Operating Income": 5,
        "EBIT": NaN,
        "Net Income": 3
    },
    "2016-12-31": {
        "Diluted EPS": 0.43,
        "Total Revenue": 12,
        "Gross Profit": 12,
        "Operating Income": 5,
        "EBIT": NaN,
        "Net Income": 3
    },
    "2016-09-30": {
        "Diluted EPS": 0.37,
        "Total Revenue": 12,
        "Gross Profit": 11,
        "Operating Income": 4,
        "EBIT": NaN,
        "Net Income": 3
    },
    "2016-06-30": {
        "Diluted EPS": 0.36,
        "Total Revenue": 11,
        "Gross Profit": 10,
        "Operating Income": 4,
        "EBIT": NaN,
        "Net Income": 3
    },
    "2016-03-31": {
        "Diluted EPS": 0.34,
        "Total Revenue": 11,
        "Gross Profit": 10,
        "Operating Income": 4,
        "EBIT": NaN,
        "Net Income": 2
    },
    "2015-12-31": {
        "Diluted EPS": 0.36,
        "Total Revenue": 11,
        "Gross Profit": 10,
        "Operating Income": 4,
        "EBIT": NaN,
        "Net Income": 3
    },
    "2015-09-30": {
        "Diluted EPS": 0.41,
        "Total Revenue": 11,
        "Gross Profit": 10,
        "Operating Income": 3,
        "EBIT": NaN,
        "Net Income": 3
    },
    "2015-06-30": {
        "Diluted EPS": 0.31,
        "Total Revenue": 10,
        "Gross Profit": 10,
        "Operating Income": 3,
        "EBIT": NaN,
        "Net Income": 2
    },
    "2015-03-31": {
        "Diluted EPS": 0.21,
        "Total Revenue": 10,
        "Gross Profit": 9,
        "Operating Income": 2,
        "EBIT": NaN,
        "Net Income": 1
    },
    "2014-12-31": {
        "Diluted EPS": 0.24,
        "Total Revenue": 10,
        "Gross Profit": 9,
        "Operating Income": 3,
        "EBIT": NaN,
        "Net Income": 2
    },
    "2014-09-30": {
        "Diluted EPS": 0.24,
        "Total Revenue": 10,
        "Gross Profit": 9,
        "Operating Income": 2,
        "EBIT": NaN,
        "Net Income": 2
    },
    "2014-06-30": {
        "Diluted EPS": 0.2,
        "Total Revenue": 10,
        "Gross Profit": 9,
        "Operating Income": 2,
        "EBIT": NaN,
        "Net Income": 1
    },
    "2014-03-31": {
        "Diluted EPS": 0.16,
        "Total Revenue": 9,
        "Gross Profit": 8,
        "Operating Income": 2,
        "EBIT": NaN,
        "Net Income": 1
    },
    "2013-12-31": {
        "Diluted EPS": 0.2,
        "Total Revenue": 10,
        "Gross Profit": 9,
        "Operating Income": 2,
        "EBIT": NaN,
        "Net Income": 1
    },
    "2013-09-30": {
        "Diluted EPS": 0.1,
        "Total Revenue": 10,
        "Gross Profit": 9,
        "Operating Income": 2,
        "EBIT": NaN,
        "Net Income": 1
    },
    "2013-06-30": {
        "Diluted EPS": 0.1,
        "Total Revenue": 10,
        "Gross Profit": 9,
        "Operating Income": 1,
        "EBIT": NaN,
        "Net Income": 1
    },
    "2013-03-31": {
        "Diluted EPS": 0.17,
        "Total Revenue": 10,
        "Gross Profit": 9,
        "Operating Income": 2,
        "EBIT": NaN,
        "Net Income": 1
    },
    "2012-12-31": {
        "Diluted EPS": 0.21,
        "Total Revenue": 10,
        "Gross Profit": 9,
        "Operating Income": 3,
        "EBIT": NaN,
        "Net Income": 1
    },
    "2012-09-30": {
        "Diluted EPS": 0.13,
        "Total Revenue": 10,
        "Gross Profit": 9,
        "Operating Income": 1,
        "EBIT": NaN,
        "Net Income": 1
    },
    "2012-06-30": {
        "Diluted EPS": 0.16,
        "Total Revenue": 10,
        "Gross Profit": 9,
        "Operating Income": 2,
        "EBIT": NaN,
        "Net Income": 1
    },
    "2012-03-31": {
        "Diluted EPS": 0.08,
        "Total Revenue": 10,
        "Gross Profit": 9,
        "Operating Income": 1,
        "EBIT": NaN,
        "Net Income": 1
    },
    "2011-12-31": {
        "Diluted EPS": 0.15,
        "Total Revenue": 10,
        "Gross Profit": 9,
        "Operating Income": 2,
        "EBIT": NaN,
        "Net Income": 1
    },
    "2011-09-30": {
        "Diluted EPS": -0.05,
        "Total Revenue": 10,
        "Gross Profit": 8,
        "Operating Income": 0,
        "EBIT": NaN,
        "Net Income": 0
    },
    "2011-06-30": {
        "Diluted EPS": -0.23,
        "Total Revenue": 10,
        "Gross Profit": 8,
        "Operating Income": -2,
        "EBIT": NaN,
        "Net Income": -2
    },
    "2011-03-31": {
        "Diluted EPS": 0.12,
        "Total Revenue": 11,
        "Gross Profit": 8,
        "Operating Income": 2,
        "EBIT": NaN,
        "Net Income": 1
    },
    "2010-12-31": {
        "Diluted EPS": 0.16,
        "Total Revenue": 12,
        "Gross Profit": 9,
        "Operating Income": 2,
        "EBIT": NaN,
        "Net Income": 1
    },
    "2010-09-30": {
        "Diluted EPS": -0.06,
        "Total Revenue": 10,
        "Gross Profit": 8,
        "Operating Income": 0,
        "EBIT": NaN,
        "Net Income": 0
    },
    "2010-06-30": {
        "Diluted EPS": 0.08,
        "Total Revenue": 11,
        "Gross Profit": 8,
        "Operating Income": 1,
        "EBIT": NaN,
        "Net Income": 1
    },
    "2010-03-31": {
        "Diluted EPS": -0.51,
        "Total Revenue": 10,
        "Gross Profit": 7,
        "Operating Income": -5,
        "EBIT": NaN,
        "Net Income": -3
    },
    "2009-12-31": {
        "Diluted EPS": -0.01,
        "Total Revenue": 11,
        "Gross Profit": 8,
        "Operating Income": 0,
        "EBIT": NaN,
        "Net Income": 0
    },
    "2009-09-30": {
        "Diluted EPS": -0.08,
        "Total Revenue": 11,
        "Gross Profit": 8,
        "Operating Income": -1,
        "EBIT": NaN,
        "Net Income": -1
    },
    "2009-06-30": {
        "Diluted EPS": 0.12,
        "Total Revenue": 12,
        "Gross Profit": 9,
        "Operating Income": 1,
        "EBIT": NaN,
        "Net Income": 1
    },
    "2009-03-31": {
        "Diluted EPS": -0.24,
        "Total Revenue": 12,
        "Gross Profit": 8,
        "Operating Income": -2,
        "EBIT": NaN,
        "Net Income": -2
    },
    "2023-09-30": {
        "Tax Effect Of Unusual Items": NaN,
        "Tax Rate For Calcs": NaN,
        "Total Unusual Items": -13000.0,
        "Total Unusual Items Excluding Goodwill": -13000.0,
        "Net Income From Continuing Operation Net Minority Interest": NaN,
        "Reconciled Depreciation": NaN,
        "Net Interest Income": NaN,
        "Interest Expense": NaN,
        "Interest Income": NaN,
        "Normalized Income": NaN,
        "Net Income From Continuing And Discontinued Operation": NaN,
        "Diluted Average Shares": NaN,
        "Basic Average Shares": NaN,
        "Diluted EPS": NaN,
        "Basic EPS": NaN,
        "Diluted NI Availto Com Stockholders": NaN,
        "Net Income Common Stockholders": NaN,
        "Net Income": NaN,
        "Net Income Including Noncontrolling Interests": NaN,
        "Net Income Continuous Operations": NaN,
        "Tax Provision": NaN,
        "Pretax Income": NaN,
        "Special Income Charges": -13000.0,
        "Other Special Charges": 13000.0,
        "Gain On Sale Of Security": NaN,
        "Depreciation Amortization Depletion Income Statement": NaN,
        "Depreciation And Amortization In Income Statement": NaN,
        "Amortization": NaN,
        "Amortization Of Intangibles Income Statement": NaN,
        "Selling General And Administration": NaN,
        "Selling And Marketing Expense": NaN,
        "General And Administrative Expense": NaN,
        "Insurance And Claims": NaN,
        "Salaries And Wages": NaN,
        "Total Revenue": NaN,
        "Operating Revenue": NaN,
        "Occupancy And Equipment": NaN,
        "Professional Expense And Contract Services Expense": NaN,
        "Other Non Interest Expense": NaN
    },
    "2023-12-31": {
        "Tax Effect Of Unusual Items": 0.0,
        "Tax Rate For Calcs": 0.196,
        "Total Unusual Items": NaN,
        "Total Unusual Items Excluding Goodwill": NaN,
        "Net Income From Continuing Operation Net Minority Interest": 6296000.0,
        "Reconciled Depreciation": 648000.0,
        "Net Interest Income": 15913000.0,
        "Interest Expense": 6492000.0,
        "Interest Income": 22405000.0,
        "Normalized Income": 6296000.0,
        "Net Income From Continuing And Discontinued Operation": 6296000.0,
        "Diluted Average Shares": 8166048.0,
        "Basic Average Shares": 8114209.0,
        "Diluted EPS": 0.77,
        "Basic EPS": 0.78,
        "Diluted NI Availto Com Stockholders": 6296000.0,
        "Net Income Common Stockholders": 6296000.0,
        "Net Income": 6296000.0,
        "Net Income Including Noncontrolling Interests": 6296000.0,
        "Net Income Continuous Operations": 6296000.0,
        "Tax Provision": 1546000.0,
        "Pretax Income": 7842000.0,
        "Special Income Charges": NaN,
        "Other Special Charges": NaN,
        "Gain On Sale Of Security": 15000.0,
        "Depreciation Amortization Depletion Income Statement": 56000.0,
        "Depreciation And Amortization In Income Statement": 56000.0,
        "Amortization": 56000.0,
        "Amortization Of Intangibles Income Statement": 56000.0,
        "Selling General And Administration": 6307000.0,
        "Selling And Marketing Expense": 186000.0,
        "General And Administrative Expense": 6121000.0,
        "Insurance And Claims": 210000.0,
        "Salaries And Wages": 5911000.0,
        "Total Revenue": 17772000.0,
        "Operating Revenue": 17772000.0,
        "Occupancy And Equipment": 973000.0,
        "Professional Expense And Contract Services Expense": 253000.0,
        "Other Non Interest Expense": 1995000.0
    },
    "2024-03-31": {
        "Tax Effect Of Unusual Items": 0.0,
        "Tax Rate For Calcs": 0.204792,
        "Total Unusual Items": NaN,
        "Total Unusual Items Excluding Goodwill": NaN,
        "Net Income From Continuing Operation Net Minority Interest": 5708000.0,
        "Reconciled Depreciation": 652000.0,
        "Net Interest Income": 15553000.0,
        "Interest Expense": 7521000.0,
        "Interest Income": 23074000.0,
        "Normalized Income": 5708000.0,
        "Net Income From Continuing And Discontinued Operation": 5708000.0,
        "Diluted Average Shares": 8121109.0,
        "Basic Average Shares": 8081924.0,
        "Diluted EPS": 0.7,
        "Basic EPS": 0.71,
        "Diluted NI Availto Com Stockholders": 5708000.0,
        "Net Income Common Stockholders": 5708000.0,
        "Net Income": 5708000.0,
        "Net Income Including Noncontrolling Interests": 5708000.0,
        "Net Income Continuous Operations": 5708000.0,
        "Tax Provision": 1470000.0,
        "Pretax Income": 7178000.0,
        "Special Income Charges": NaN,
        "Other Special Charges": NaN,
        "Gain On Sale Of Security": -1000.0,
        "Depreciation Amortization Depletion Income Statement": 57000.0,
        "Depreciation And Amortization In Income Statement": 57000.0,
        "Amortization": 57000.0,
        "Amortization Of Intangibles Income Statement": 57000.0,
        "Selling General And Administration": 6389000.0,
        "Selling And Marketing Expense": 159000.0,
        "General And Administrative Expense": 6230000.0,
        "Insurance And Claims": 206000.0,
        "Salaries And Wages": 6024000.0,
        "Total Revenue": 17188000.0,
        "Operating Revenue": 17188000.0,
        "Occupancy And Equipment": 1081000.0,
        "Professional Expense And Contract Services Expense": 319000.0,
        "Other Non Interest Expense": 2086000.0
    },
    "2024-06-30": {
        "Tax Effect Of Unusual Items": NaN,
        "Tax Rate For Calcs": NaN,
        "Total Unusual Items": 3000.0,
        "Total Unusual Items Excluding Goodwill": 3000.0,
        "Net Income From Continuing Operation Net Minority Interest": NaN,
        "Reconciled Depreciation": NaN,
        "Net Interest Income": NaN,
        "Interest Expense": NaN,
        "Interest Income": NaN,
        "Normalized Income": NaN,
        "Net Income From Continuing And Discontinued Operation": NaN,
        "Diluted Average Shares": NaN,
        "Basic Average Shares": NaN,
        "Diluted EPS": NaN,
        "Basic EPS": NaN,
        "Diluted NI Availto Com Stockholders": NaN,
        "Net Income Common Stockholders": NaN,
        "Net Income": NaN,
        "Net Income Including Noncontrolling Interests": NaN,
        "Net Income Continuous Operations": NaN,
        "Tax Provision": NaN,
        "Pretax Income": NaN,
        "Special Income Charges": 3000.0,
        "Other Special Charges": -3000.0,
        "Gain On Sale Of Security": NaN,
        "Depreciation Amortization Depletion Income Statement": NaN,
        "Depreciation And Amortization In Income Statement": NaN,
        "Amortization": NaN,
        "Amortization Of Intangibles Income Statement": NaN,
        "Selling General And Administration": NaN,
        "Selling And Marketing Expense": NaN,
        "General And Administrative Expense": NaN,
        "Insurance And Claims": NaN,
        "Salaries And Wages": NaN,
        "Total Revenue": NaN,
        "Operating Revenue": NaN,
        "Occupancy And Equipment": NaN,
        "Professional Expense And Contract Services Expense": NaN,
        "Other Non Interest Expense": NaN
    },
    "2024-09-30": {
        "Tax Effect Of Unusual Items": -198.208428,
        "Tax Rate For Calcs": 0.198208,
        "Total Unusual Items": -1000.0,
        "Total Unusual Items Excluding Goodwill": -1000.0,
        "Net Income From Continuing Operation Net Minority Interest": 6355000.0,
        "Reconciled Depreciation": 638000.0,
        "Net Interest Income": 16452000.0,
        "Interest Expense": 8488000.0,
        "Interest Income": 24940000.0,
        "Normalized Income": 6355801.791572,
        "Net Income From Continuing And Discontinued Operation": 6355000.0,
        "Diluted Average Shares": NaN,
        "Basic Average Shares": NaN,
        "Diluted EPS": NaN,
        "Basic EPS": NaN,
        "Diluted NI Availto Com Stockholders": 6355000.0,
        "Net Income Common Stockholders": 6355000.0,
        "Net Income": 6355000.0,
        "Net Income Including Noncontrolling Interests": 6355000.0,
        "Net Income Continuous Operations": 6355000.0,
        "Tax Provision": 1571000.0,
        "Pretax Income": 7926000.0,
        "Special Income Charges": -1000.0,
        "Other Special Charges": 1000.0,
        "Gain On Sale Of Security": 15000.0,
        "Depreciation Amortization Depletion Income Statement": 57000.0,
        "Depreciation And Amortization In Income Statement": 57000.0,
        "Amortization": 57000.0,
        "Amortization Of Intangibles Income Statement": 57000.0,
        "Selling General And Administration": 6281000.0,
        "Selling And Marketing Expense": 205000.0,
        "General And Administrative Expense": 6076000.0,
        "Insurance And Claims": 209000.0,
        "Salaries And Wages": 5867000.0,
        "Total Revenue": 18331000.0,
        "Operating Revenue": 18331000.0,
        "Occupancy And Equipment": 933000.0,
        "Professional Expense And Contract Services Expense": 409000.0,
        "Other Non Interest Expense": 2221000.0
    },
    "2024-12-31": {
        "Tax Effect Of Unusual Items": 0.0,
        "Tax Rate For Calcs": 0.2,
        "Total Unusual Items": NaN,
        "Total Unusual Items Excluding Goodwill": NaN,
        "Net Income From Continuing Operation Net Minority Interest": 6860000.0,
        "Reconciled Depreciation": 620000.0,
        "Net Interest Income": 16884000.0,
        "Interest Expense": 8287000.0,
        "Interest Income": 25171000.0,
        "Normalized Income": 6860000.0,
        "Net Income From Continuing And Discontinued Operation": 6860000.0,
        "Diluted Average Shares": 7999504.0,
        "Basic Average Shares": 7958275.0,
        "Diluted EPS": 0.86,
        "Basic EPS": 0.86,
        "Diluted NI Availto Com Stockholders": 6860000.0,
        "Net Income Common Stockholders": 6860000.0,
        "Net Income": 6860000.0,
        "Net Income Including Noncontrolling Interests": 6860000.0,
        "Net Income Continuous Operations": 6860000.0,
        "Tax Provision": 1713000.0,
        "Pretax Income": 8573000.0,
        "Special Income Charges": NaN,
        "Other Special Charges": NaN,
        "Gain On Sale Of Security": 8000.0,
        "Depreciation Amortization Depletion Income Statement": 45000.0,
        "Depreciation And Amortization In Income Statement": 45000.0,
        "Amortization": 45000.0,
        "Amortization Of Intangibles Income Statement": 45000.0,
        "Selling General And Administration": 6483000.0,
        "Selling And Marketing Expense": 181000.0,
        "General And Administrative Expense": 6302000.0,
        "Insurance And Claims": 210000.0,
        "Salaries And Wages": 6092000.0,
        "Total Revenue": 18691000.0,
        "Operating Revenue": 18691000.0,
        "Occupancy And Equipment": 950000.0,
        "Professional Expense And Contract Services Expense": 346000.0,
        "Other Non Interest Expense": 2262000.0
    },
    "2025-03-31": {
        "Tax Effect Of Unusual Items": 0.0,
        "Tax Rate For Calcs": 0.202,
        "Total Unusual Items": NaN,
        "Total Unusual Items Excluding Goodwill": NaN,
        "Net Income From Continuing Operation Net Minority Interest": 6755000.0,
        "Reconciled Depreciation": 617000.0,
        "Net Interest Income": 17131000.0,
        "Interest Expense": 7652000.0,
        "Interest Income": 24783000.0,
        "Normalized Income": 6755000.0,
        "Net Income From Continuing And Discontinued Operation": 6755000.0,
        "Diluted Average Shares": 7968632.0,
        "Basic Average Shares": 7937063.0,
        "Diluted EPS": 0.85,
        "Basic EPS": 0.85,
        "Diluted NI Availto Com Stockholders": 6755000.0,
        "Net Income Common Stockholders": 6755000.0,
        "Net Income": 6755000.0,
        "Net Income Including Noncontrolling Interests": 6755000.0,
        "Net Income Continuous Operations": 6755000.0,
        "Tax Provision": 1705000.0,
        "Pretax Income": 8460000.0,
        "Special Income Charges": NaN,
        "Other Special Charges": NaN,
        "Gain On Sale Of Security": 9000.0,
        "Depreciation Amortization Depletion Income Statement": 45000.0,
        "Depreciation And Amortization In Income Statement": 45000.0,
        "Amortization": 45000.0,
        "Amortization Of Intangibles Income Statement": 45000.0,
        "Selling General And Administration": 6385000.0,
        "Selling And Marketing Expense": 189000.0,
        "General And Administrative Expense": 6196000.0,
        "Insurance And Claims": 219000.0,
        "Salaries And Wages": 5977000.0,
        "Total Revenue": 18910000.0,
        "Operating Revenue": 18910000.0,
        "Occupancy And Equipment": 1075000.0,
        "Professional Expense And Contract Services Expense": 431000.0,
        "Other Non Interest Expense": 2263000.0
    },
    "2025-06-30": {
        "Tax Effect Of Unusual Items": 0.0,
        "Tax Rate For Calcs": 0.20135,
        "Total Unusual Items": 0.0,
        "Total Unusual Items Excluding Goodwill": 0.0,
        "Net Income From Continuing Operation Net Minority Interest": 7100000.0,
        "Reconciled Depreciation": 611000.0,
        "Net Interest Income": 17539000.0,
        "Interest Expense": 7922000.0,
        "Interest Income": 25461000.0,
        "Normalized Income": 7100000.0,
        "Net Income From Continuing And Discontinued Operation": 7100000.0,
        "Diluted Average Shares": 7921762.0,
        "Basic Average Shares": 7893308.0,
        "Diluted EPS": 0.9,
        "Basic EPS": 0.9,
        "Diluted NI Availto Com Stockholders": 7100000.0,
        "Net Income Common Stockholders": 7100000.0,
        "Net Income": 7100000.0,
        "Net Income Including Noncontrolling Interests": 7100000.0,
        "Net Income Continuous Operations": 7100000.0,
        "Tax Provision": 1790000.0,
        "Pretax Income": 8890000.0,
        "Special Income Charges": 0.0,
        "Other Special Charges": NaN,
        "Gain On Sale Of Security": 30000.0,
        "Depreciation Amortization Depletion Income Statement": 45000.0,
        "Depreciation And Amortization In Income Statement": 45000.0,
        "Amortization": 45000.0,
        "Amortization Of Intangibles Income Statement": 45000.0,
        "Selling General And Administration": 6218000.0,
        "Selling And Marketing Expense": 182000.0,
        "General And Administrative Expense": 6036000.0,
        "Insurance And Claims": 211000.0,
        "Salaries And Wages": 5825000.0,
        "Total Revenue": 19399000.0,
        "Operating Revenue": 19399000.0,
        "Occupancy And Equipment": 973000.0,
        "Professional Expense And Contract Services Expense": 341000.0,
        "Other Non Interest Expense": 2488000.0
    },
    "2025-09-30": {
        "Tax Effect Of Unusual Items": 0.0,
        "Tax Rate For Calcs": 0.180636,
        "Total Unusual Items": 0.0,
        "Total Unusual Items Excluding Goodwill": 0.0,
        "Net Income From Continuing Operation Net Minority Interest": 8446000.0,
        "Reconciled Depreciation": 646000.0,
        "Net Interest Income": 18312000.0,
        "Interest Expense": 8216000.0,
        "Interest Income": 26528000.0,
        "Normalized Income": 8446000.0,
        "Net Income From Continuing And Discontinued Operation": 8446000.0,
        "Diluted Average Shares": 7920617.0,
        "Basic Average Shares": 7880299.0,
        "Diluted EPS": 1.07,
        "Basic EPS": 1.07,
        "Diluted NI Availto Com Stockholders": 8446000.0,
        "Net Income Common Stockholders": 8446000.0,
        "Net Income": 8446000.0,
        "Net Income Including Noncontrolling Interests": 8446000.0,
        "Net Income Continuous Operations": 8446000.0,
        "Tax Provision": 1862000.0,
        "Pretax Income": 10308000.0,
        "Special Income Charges": 0.0,
        "Other Special Charges": NaN,
        "Gain On Sale Of Security": 15000.0,
        "Depreciation Amortization Depletion Income Statement": 45000.0,
        "Depreciation And Amortization In Income Statement": 45000.0,
        "Amortization": 45000.0,
        "Amortization Of Intangibles Income Statement": 45000.0,
        "Selling General And Administration": 6449000.0,
        "Selling And Marketing Expense": 209000.0,
        "General And Administrative Expense": 6240000.0,
        "Insurance And Claims": 211000.0,
        "Salaries And Wages": 6029000.0,
        "Total Revenue": 21418000.0,
        "Operating Revenue": 21418000.0,
        "Occupancy And Equipment": 1114000.0,
        "Professional Expense And Contract Services Expense": 558000.0,
        "Other Non Interest Expense": 2713000.0
    },
    "2025-12-31": {
        "Tax Effect Of Unusual Items": NaN,
        "Tax Rate For Calcs": NaN,
        "Total Unusual Items": NaN,
        "Total Unusual Items Excluding Goodwill": NaN,
        "Net Income From Continuing Operation Net Minority Interest": NaN,
        "Reconciled Depreciation": NaN,
        "Net Interest Income": NaN,
        "Interest Expense": NaN,
        "Interest Income": NaN,
        "Normalized Income": NaN,
        "Net Income From Continuing And Discontinued Operation": NaN,
        "Diluted Average Shares": 7923037.0,
        "Basic Average Shares": 7885656.0,
        "Diluted EPS": 1.04,
        "Basic EPS": 1.04,
        "Diluted NI Availto Com Stockholders": NaN,
        "Net Income Common Stockholders": NaN,
        "Net Income": NaN,
        "Net Income Including Noncontrolling Interests": NaN,
        "Net Income Continuous Operations": NaN,
        "Tax Provision": NaN,
        "Pretax Income": NaN,
        "Special Income Charges": NaN,
        "Other Special Charges": NaN,
        "Gain On Sale Of Security": NaN,
        "Depreciation Amortization Depletion Income Statement": NaN,
        "Depreciation And Amortization In Income Statement": NaN,
        "Amortization": NaN,
        "Amortization Of Intangibles Income Statement": NaN,
        "Selling General And Administration": NaN,
        "Selling And Marketing Expense": NaN,
        "General And Administrative Expense": NaN,
        "Insurance And Claims": NaN,
        "Salaries And Wages": NaN,
        "Total Revenue": NaN,
        "Operating Revenue": NaN,
        "Occupancy And Equipment": NaN,
        "Professional Expense And Contract Services Expense": NaN,
        "Other Non Interest Expense": NaN
    }
}