{
    "2023-03-31": {
        "Tax Effect Of Unusual Items": NaN,
        "Tax Rate For Calcs": NaN,
        "Normalized EBITDA": NaN,
        "Total Unusual Items": NaN,
        "Total Unusual Items Excluding Goodwill": NaN,
        "Net Income From Continuing Operation Net Minority Interest": NaN,
        "Reconciled Depreciation": NaN,
        "Reconciled Cost Of Revenue": NaN,
        "EBITDA": NaN,
        "EBIT": NaN,
        "Net Interest Income": NaN,
        "Interest Expense": NaN,
        "Normalized Income": NaN,
        "Net Income From Continuing And Discontinued Operation": NaN,
        "Total Expenses": NaN,
        "Total Operating Income As Reported": NaN,
        "Diluted Average Shares": NaN,
        "Basic Average Shares": NaN,
        "Diluted EPS": NaN,
        "Basic EPS": NaN,
        "Diluted NI Availto Com Stockholders": NaN,
        "Net Income Common Stockholders": NaN,
        "Net Income": NaN,
        "Net Income Including Noncontrolling Interests": NaN,
        "Net Income Discontinuous Operations": 0.0,
        "Net Income Continuous Operations": NaN,
        "Tax Provision": NaN,
        "Pretax Income": NaN,
        "Other Income Expense": NaN,
        "Other Non Operating Income Expenses": NaN,
        "Special Income Charges": NaN,
        "Other Special Charges": NaN,
        "Write Off": NaN,
        "Impairment Of Capital Assets": NaN,
        "Earnings From Equity Interest": NaN,
        "Net Non Operating Interest Income Expense": NaN,
        "Interest Expense Non Operating": NaN,
        "Operating Income": NaN,
        "Operating Expense": NaN,
        "Selling General And Administration": NaN,
        "Gross Profit": NaN,
        "Cost Of Revenue": NaN,
        "Total Revenue": NaN,
        "Operating Revenue": NaN
    },
    "2022-12-31": {
        "Tax Effect Of Unusual Items": NaN,
        "Tax Rate For Calcs": NaN,
        "Normalized EBITDA": NaN,
        "Total Unusual Items": NaN,
        "Total Unusual Items Excluding Goodwill": NaN,
        "Net Income From Continuing Operation Net Minority Interest": NaN,
        "Reconciled Depreciation": NaN,
        "Reconciled Cost Of Revenue": NaN,
        "EBITDA": NaN,
        "EBIT": NaN,
        "Net Interest Income": NaN,
        "Interest Expense": NaN,
        "Normalized Income": NaN,
        "Net Income From Continuing And Discontinued Operation": NaN,
        "Total Expenses": NaN,
        "Total Operating Income As Reported": NaN,
        "Diluted Average Shares": NaN,
        "Basic Average Shares": NaN,
        "Diluted EPS": NaN,
        "Basic EPS": NaN,
        "Diluted NI Availto Com Stockholders": NaN,
        "Net Income Common Stockholders": NaN,
        "Net Income": NaN,
        "Net Income Including Noncontrolling Interests": NaN,
        "Net Income Discontinuous Operations": -1000000.0,
        "Net Income Continuous Operations": NaN,
        "Tax Provision": NaN,
        "Pretax Income": NaN,
        "Other Income Expense": NaN,
        "Other Non Operating Income Expenses": NaN,
        "Special Income Charges": NaN,
        "Other Special Charges": NaN,
        "Write Off": NaN,
        "Impairment Of Capital Assets": NaN,
        "Restructuring And Mergern Acquisition": 0.0,
        "Earnings From Equity Interest": NaN,
        "Net Non Operating Interest Income Expense": NaN,
        "Interest Expense Non Operating": NaN,
        "Operating Income": NaN,
        "Operating Expense": NaN,
        "Selling General And Administration": NaN,
        "Gross Profit": NaN,
        "Cost Of Revenue": NaN,
        "Total Revenue": NaN,
        "Operating Revenue": NaN
    },
    "2022-09-30": {
        "Tax Effect Of Unusual Items": NaN,
        "Tax Rate For Calcs": NaN,
        "Normalized EBITDA": NaN,
        "Total Unusual Items": NaN,
        "Total Unusual Items Excluding Goodwill": NaN,
        "Net Income From Continuing Operation Net Minority Interest": NaN,
        "Reconciled Depreciation": NaN,
        "Reconciled Cost Of Revenue": NaN,
        "EBITDA": NaN,
        "EBIT": NaN,
        "Net Interest Income": NaN,
        "Interest Expense": NaN,
        "Normalized Income": NaN,
        "Net Income From Continuing And Discontinued Operation": NaN,
        "Total Expenses": NaN,
        "Total Operating Income As Reported": NaN,
        "Diluted Average Shares": NaN,
        "Basic Average Shares": NaN,
        "Diluted EPS": NaN,
        "Basic EPS": NaN,
        "Diluted NI Availto Com Stockholders": NaN,
        "Net Income Common Stockholders": NaN,
        "Net Income": NaN,
        "Net Income Including Noncontrolling Interests": NaN,
        "Net Income Discontinuous Operations": NaN,
        "Net Income Continuous Operations": NaN,
        "Tax Provision": NaN,
        "Pretax Income": NaN,
        "Other Income Expense": NaN,
        "Other Non Operating Income Expenses": NaN,
        "Special Income Charges": NaN,
        "Other Special Charges": -800000.0,
        "Write Off": 0.0,
        "Impairment Of Capital Assets": NaN,
        "Restructuring And Mergern Acquisition": 0.0,
        "Earnings From Equity Interest": NaN,
        "Net Non Operating Interest Income Expense": NaN,
        "Interest Expense Non Operating": NaN,
        "Operating Income": NaN,
        "Operating Expense": NaN,
        "Selling General And Administration": NaN,
        "Gross Profit": NaN,
        "Cost Of Revenue": NaN,
        "Total Revenue": NaN,
        "Operating Revenue": NaN
    },
    "2022-06-30": {
        "Tax Effect Of Unusual Items": 0.0,
        "Tax Rate For Calcs": 0.4,
        "Normalized EBITDA": 93300000.0,
        "Total Unusual Items": 0.0,
        "Total Unusual Items Excluding Goodwill": 0.0,
        "Net Income From Continuing Operation Net Minority Interest": 37100000.0,
        "Reconciled Depreciation": 48100000.0,
        "Reconciled Cost Of Revenue": 1286400000.0,
        "EBITDA": 93300000.0,
        "EBIT": 93300000.0,
        "Net Interest Income": -25400000.0,
        "Interest Expense": 25400000.0,
        "Normalized Income": 37100000.0,
        "Net Income From Continuing And Discontinued Operation": 37400000.0,
        "Total Expenses": 1372000000.0,
        "Total Operating Income As Reported": 91600000.0,
        "Diluted Average Shares": 37000000.0,
        "Basic Average Shares": 36300000.0,
        "Diluted EPS": 1.01,
        "Basic EPS": 1.03,
        "Diluted NI Availto Com Stockholders": 37400000.0,
        "Net Income Common Stockholders": 37400000.0,
        "Net Income": 37400000.0,
        "Net Income Including Noncontrolling Interests": 37400000.0,
        "Net Income Discontinuous Operations": 300000.0,
        "Net Income Continuous Operations": 37100000.0,
        "Tax Provision": 30800000.0,
        "Pretax Income": 67900000.0,
        "Other Income Expense": 39800000.0,
        "Other Non Operating Income Expenses": 400000.0,
        "Special Income Charges": 0.0,
        "Impairment Of Capital Assets": 1300000.0,
        "Restructuring And Mergern Acquisition": 0.0,
        "Earnings From Equity Interest": 39400000.0,
        "Net Non Operating Interest Income Expense": -25400000.0,
        "Interest Expense Non Operating": 25400000.0,
        "Operating Income": 53500000.0,
        "Operating Expense": 85600000.0,
        "Selling General And Administration": 85600000.0,
        "Gross Profit": 139100000.0,
        "Cost Of Revenue": 1286400000.0,
        "Total Revenue": 1425500000.0,
        "Operating Revenue": 1425500000.0
    },
    "2022-03-31": {
        "Diluted EPS": 0.44,
        "Total Revenue": NaN,
        "Gross Profit": 176,
        "Operating Income": 65,
        "EBIT": 120,
        "Net Income": 17
    },
    "2021-12-31": {
        "Diluted EPS": 3.13,
        "Total Revenue": NaN,
        "Gross Profit": 122,
        "Operating Income": 47,
        "EBIT": 106,
        "Net Income": 124
    },
    "2021-09-30": {
        "Diluted EPS": 2.36,
        "Total Revenue": NaN,
        "Gross Profit": 168,
        "Operating Income": 108,
        "EBIT": 160,
        "Net Income": 93
    },
    "2021-06-30": {
        "Diluted EPS": 3.82,
        "Total Revenue": NaN,
        "Gross Profit": 220,
        "Operating Income": 151,
        "EBIT": 191,
        "Net Income": 152
    },
    "2021-03-31": {
        "Diluted EPS": 1.81,
        "Total Revenue": 986,
        "Gross Profit": 189,
        "Operating Income": 155,
        "EBIT": 180,
        "Net Income": 72
    },
    "2020-12-31": {
        "Diluted EPS": 1.74,
        "Total Revenue": 678,
        "Gross Profit": 122,
        "Operating Income": 123,
        "EBIT": 147,
        "Net Income": 67
    },
    "2020-09-30": {
        "Diluted EPS": 2.75,
        "Total Revenue": 679,
        "Gross Profit": 106,
        "Operating Income": 78,
        "EBIT": 101,
        "Net Income": 106
    },
    "2020-06-30": {
        "Diluted EPS": -3.35,
        "Total Revenue": 534,
        "Gross Profit": 23,
        "Operating Income": -15,
        "EBIT": -2,
        "Net Income": -128
    },
    "2020-03-31": {
        "Diluted EPS": -0.94,
        "Total Revenue": 854,
        "Gross Profit": 70,
        "Operating Income": -36,
        "EBIT": 1,
        "Net Income": -36
    },
    "2019-12-31": {
        "Diluted EPS": 0.16,
        "Total Revenue": 487,
        "Gross Profit": 32,
        "Operating Income": -17,
        "EBIT": -27,
        "Net Income": 6
    },
    "2019-09-30": {
        "Diluted EPS": 0.56,
        "Total Revenue": 922,
        "Gross Profit": 85,
        "Operating Income": 43,
        "EBIT": 76,
        "Net Income": 23
    },
    "2019-06-30": {
        "Diluted EPS": 0.68,
        "Total Revenue": 952,
        "Gross Profit": 86,
        "Operating Income": 55,
        "EBIT": 90,
        "Net Income": 28
    },
    "2019-03-31": {
        "Diluted EPS": 0.86,
        "Total Revenue": NaN,
        "Gross Profit": 97,
        "Operating Income": 61,
        "EBIT": 95,
        "Net Income": 36
    },
    "2018-12-31": {
        "Diluted EPS": 0.03,
        "Total Revenue": NaN,
        "Gross Profit": 59,
        "Operating Income": 18,
        "EBIT": 52,
        "Net Income": -1
    },
    "2018-09-30": {
        "Diluted EPS": 1.72,
        "Total Revenue": NaN,
        "Gross Profit": 132,
        "Operating Income": 106,
        "EBIT": 138,
        "Net Income": 75
    },
    "2018-06-30": {
        "Diluted EPS": 2.24,
        "Total Revenue": NaN,
        "Gross Profit": 163,
        "Operating Income": 134,
        "EBIT": 166,
        "Net Income": 98
    },
    "2018-03-31": {
        "Diluted EPS": 2.71,
        "Total Revenue": NaN,
        "Gross Profit": 175,
        "Operating Income": 156,
        "EBIT": 189,
        "Net Income": 120
    },
    "2017-12-31": {
        "Diluted EPS": 2.63,
        "Total Revenue": NaN,
        "Gross Profit": 166,
        "Operating Income": 137,
        "EBIT": 169,
        "Net Income": 118
    },
    "2017-09-30": {
        "Diluted EPS": 0.74,
        "Total Revenue": NaN,
        "Gross Profit": 149,
        "Operating Income": 127,
        "EBIT": 158,
        "Net Income": 33
    },
    "2017-06-30": {
        "Diluted EPS": 1.34,
        "Total Revenue": NaN,
        "Gross Profit": 127,
        "Operating Income": 102,
        "EBIT": 129,
        "Net Income": 60
    },
    "2017-03-31": {
        "Diluted EPS": 2.59,
        "Total Revenue": NaN,
        "Gross Profit": 199,
        "Operating Income": 159,
        "EBIT": 185,
        "Net Income": 117
    },
    "2016-12-31": {
        "Diluted EPS": 1.71,
        "Total Revenue": 917,
        "Gross Profit": 142,
        "Operating Income": 119,
        "EBIT": 145,
        "Net Income": 78
    },
    "2016-09-30": {
        "Diluted EPS": 1.43,
        "Total Revenue": 935,
        "Gross Profit": 140,
        "Operating Income": 103,
        "EBIT": 128,
        "Net Income": 67
    },
    "2016-06-30": {
        "Diluted EPS": 2.0,
        "Total Revenue": 970,
        "Gross Profit": 170,
        "Operating Income": 156,
        "EBIT": 182,
        "Net Income": 96
    },
    "2016-03-31": {
        "Diluted EPS": 1.56,
        "Total Revenue": 894,
        "Gross Profit": 140,
        "Operating Income": 120,
        "EBIT": 145,
        "Net Income": 77
    },
    "2015-12-31": {
        "Diluted EPS": 0.88,
        "Total Revenue": 897,
        "Gross Profit": 112,
        "Operating Income": 87,
        "EBIT": 118,
        "Net Income": 43
    },
    "2015-09-30": {
        "Diluted EPS": 1.06,
        "Total Revenue": NaN,
        "Gross Profit": 112,
        "Operating Income": 94,
        "EBIT": 119,
        "Net Income": 52
    },
    "2015-06-30": {
        "Diluted EPS": 0.02,
        "Total Revenue": NaN,
        "Gross Profit": 142,
        "Operating Income": 132,
        "EBIT": 156,
        "Net Income": 1
    },
    "2015-03-31": {
        "Diluted EPS": 0.77,
        "Total Revenue": NaN,
        "Gross Profit": 103,
        "Operating Income": 88,
        "EBIT": 113,
        "Net Income": 38
    },
    "2014-12-31": {
        "Diluted EPS": -0.65,
        "Total Revenue": NaN,
        "Gross Profit": 38,
        "Operating Income": -4,
        "EBIT": 23,
        "Net Income": -30
    },
    "2014-09-30": {
        "Diluted EPS": -0.21,
        "Total Revenue": NaN,
        "Gross Profit": 68,
        "Operating Income": 29,
        "EBIT": 60,
        "Net Income": -10
    },
    "2014-06-30": {
        "Diluted EPS": -1.15,
        "Total Revenue": NaN,
        "Gross Profit": 92,
        "Operating Income": 24,
        "EBIT": 53,
        "Net Income": -45
    },
    "2014-03-31": {
        "Diluted EPS": 0.46,
        "Total Revenue": NaN,
        "Gross Profit": 99,
        "Operating Income": 64,
        "EBIT": 90,
        "Net Income": 17
    },
    "2013-12-31": {
        "Diluted EPS": 0.28,
        "Total Revenue": NaN,
        "Gross Profit": 115,
        "Operating Income": 66,
        "EBIT": 92,
        "Net Income": 11
    },
    "2013-09-30": {
        "Diluted EPS": 0.13,
        "Total Revenue": NaN,
        "Gross Profit": 97,
        "Operating Income": 58,
        "EBIT": 84,
        "Net Income": 5
    },
    "2013-06-30": {
        "Diluted EPS": -0.75,
        "Total Revenue": NaN,
        "Gross Profit": 66,
        "Operating Income": 20,
        "EBIT": 46,
        "Net Income": -28
    },
    "2013-03-31": {
        "Diluted EPS": -0.26,
        "Total Revenue": NaN,
        "Gross Profit": 81,
        "Operating Income": 37,
        "EBIT": 63,
        "Net Income": -10
    },
    "2012-12-31": {
        "Diluted EPS": 0.0,
        "Total Revenue": NaN,
        "Gross Profit": NaN,
        "Operating Income": NaN,
        "EBIT": NaN,
        "Net Income": NaN
    },
    "2011-12-31": {
        "Diluted EPS": 0.0,
        "Total Revenue": NaN,
        "Gross Profit": NaN,
        "Operating Income": NaN,
        "EBIT": NaN,
        "Net Income": NaN
    },
    "2023-06-30": {
        "Tax Effect Of Unusual Items": NaN,
        "Tax Rate For Calcs": NaN,
        "Normalized EBITDA": NaN,
        "Total Unusual Items": NaN,
        "Total Unusual Items Excluding Goodwill": NaN,
        "Net Income From Continuing Operation Net Minority Interest": NaN,
        "Reconciled Depreciation": NaN,
        "Reconciled Cost Of Revenue": NaN,
        "EBITDA": NaN,
        "EBIT": NaN,
        "Net Interest Income": NaN,
        "Interest Expense": NaN,
        "Normalized Income": NaN,
        "Net Income From Continuing And Discontinued Operation": NaN,
        "Total Expenses": NaN,
        "Total Operating Income As Reported": NaN,
        "Diluted Average Shares": NaN,
        "Basic Average Shares": NaN,
        "Diluted EPS": NaN,
        "Basic EPS": NaN,
        "Diluted NI Availto Com Stockholders": NaN,
        "Net Income Common Stockholders": NaN,
        "Net Income": NaN,
        "Net Income Including Noncontrolling Interests": NaN,
        "Net Income Discontinuous Operations": 0.0,
        "Net Income Continuous Operations": NaN,
        "Tax Provision": NaN,
        "Pretax Income": NaN,
        "Other Income Expense": NaN,
        "Other Non Operating Income Expenses": NaN,
        "Special Income Charges": NaN,
        "Other Special Charges": NaN,
        "Write Off": NaN,
        "Impairment Of Capital Assets": NaN,
        "Earnings From Equity Interest": NaN,
        "Net Non Operating Interest Income Expense": NaN,
        "Interest Expense Non Operating": NaN,
        "Operating Income": NaN,
        "Operating Expense": NaN,
        "Selling General And Administration": NaN,
        "Gross Profit": NaN,
        "Cost Of Revenue": NaN,
        "Total Revenue": NaN,
        "Operating Revenue": NaN
    },
    "2023-09-30": {
        "Tax Effect Of Unusual Items": NaN,
        "Tax Rate For Calcs": NaN,
        "Normalized EBITDA": NaN,
        "Total Unusual Items": NaN,
        "Total Unusual Items Excluding Goodwill": NaN,
        "Net Income From Continuing Operation Net Minority Interest": NaN,
        "Reconciled Depreciation": NaN,
        "Reconciled Cost Of Revenue": NaN,
        "EBITDA": NaN,
        "EBIT": NaN,
        "Net Interest Income": NaN,
        "Interest Expense": NaN,
        "Normalized Income": NaN,
        "Net Income From Continuing And Discontinued Operation": NaN,
        "Total Expenses": NaN,
        "Total Operating Income As Reported": NaN,
        "Diluted Average Shares": NaN,
        "Basic Average Shares": NaN,
        "Diluted EPS": NaN,
        "Basic EPS": NaN,
        "Diluted NI Availto Com Stockholders": NaN,
        "Net Income Common Stockholders": NaN,
        "Net Income": NaN,
        "Net Income Including Noncontrolling Interests": NaN,
        "Net Income Discontinuous Operations": 0.0,
        "Net Income Continuous Operations": NaN,
        "Tax Provision": NaN,
        "Pretax Income": NaN,
        "Other Income Expense": NaN,
        "Other Non Operating Income Expenses": NaN,
        "Special Income Charges": NaN,
        "Other Special Charges": 6300000.0,
        "Write Off": NaN,
        "Impairment Of Capital Assets": 0.0,
        "Earnings From Equity Interest": NaN,
        "Net Non Operating Interest Income Expense": NaN,
        "Interest Expense Non Operating": NaN,
        "Operating Income": NaN,
        "Operating Expense": NaN,
        "Selling General And Administration": NaN,
        "Gross Profit": NaN,
        "Cost Of Revenue": NaN,
        "Total Revenue": NaN,
        "Operating Revenue": NaN
    },
    "2023-12-31": {
        "Tax Effect Of Unusual Items": NaN,
        "Tax Rate For Calcs": NaN,
        "Normalized EBITDA": NaN,
        "Total Unusual Items": 0.0,
        "Total Unusual Items Excluding Goodwill": 0.0,
        "Net Income From Continuing Operation Net Minority Interest": NaN,
        "Reconciled Depreciation": NaN,
        "Reconciled Cost Of Revenue": NaN,
        "EBITDA": NaN,
        "EBIT": NaN,
        "Net Interest Income": NaN,
        "Interest Expense": NaN,
        "Normalized Income": NaN,
        "Net Income From Continuing And Discontinued Operation": NaN,
        "Total Expenses": NaN,
        "Total Operating Income As Reported": NaN,
        "Diluted Average Shares": NaN,
        "Basic Average Shares": NaN,
        "Diluted EPS": NaN,
        "Basic EPS": NaN,
        "Diluted NI Availto Com Stockholders": NaN,
        "Net Income Common Stockholders": NaN,
        "Net Income": NaN,
        "Net Income Including Noncontrolling Interests": NaN,
        "Net Income Discontinuous Operations": 0.0,
        "Net Income Continuous Operations": NaN,
        "Tax Provision": NaN,
        "Pretax Income": NaN,
        "Other Income Expense": NaN,
        "Other Non Operating Income Expenses": NaN,
        "Special Income Charges": 0.0,
        "Other Special Charges": 0.0,
        "Write Off": 0.0,
        "Impairment Of Capital Assets": 0.0,
        "Earnings From Equity Interest": NaN,
        "Net Non Operating Interest Income Expense": NaN,
        "Interest Expense Non Operating": NaN,
        "Operating Income": NaN,
        "Operating Expense": NaN,
        "Selling General And Administration": NaN,
        "Gross Profit": NaN,
        "Cost Of Revenue": NaN,
        "Total Revenue": NaN,
        "Operating Revenue": NaN
    },
    "2024-03-31": {
        "Tax Effect Of Unusual Items": 0.0,
        "Tax Rate For Calcs": 0.21,
        "Normalized EBITDA": 37900000.0,
        "Total Unusual Items": 0.0,
        "Total Unusual Items Excluding Goodwill": 0.0,
        "Net Income From Continuing Operation Net Minority Interest": -75500000.0,
        "Reconciled Depreciation": 45000000.0,
        "Reconciled Cost Of Revenue": 843400000.0,
        "EBITDA": 37900000.0,
        "EBIT": -7100000.0,
        "Net Interest Income": -63000000.0,
        "Interest Expense": 63000000.0,
        "Normalized Income": -75500000.0,
        "Net Income From Continuing And Discontinued Operation": -75500000.0,
        "Total Expenses": 913500000.0,
        "Total Operating Income As Reported": -3300000.0,
        "Diluted Average Shares": 35300000.0,
        "Basic Average Shares": 35300000.0,
        "Diluted EPS": -2.14,
        "Basic EPS": -2.14,
        "Diluted NI Availto Com Stockholders": -75500000.0,
        "Net Income Common Stockholders": -75500000.0,
        "Net Income": -75500000.0,
        "Net Income Including Noncontrolling Interests": -75500000.0,
        "Net Income Discontinuous Operations": NaN,
        "Net Income Continuous Operations": -75500000.0,
        "Tax Provision": 5400000.0,
        "Pretax Income": -70100000.0,
        "Other Income Expense": 2400000.0,
        "Other Non Operating Income Expenses": -3800000.0,
        "Special Income Charges": 0.0,
        "Other Special Charges": NaN,
        "Write Off": 0.0,
        "Impairment Of Capital Assets": NaN,
        "Earnings From Equity Interest": 6200000.0,
        "Net Non Operating Interest Income Expense": -63000000.0,
        "Interest Expense Non Operating": 63000000.0,
        "Operating Income": -9500000.0,
        "Operating Expense": 70100000.0,
        "Selling General And Administration": 70100000.0,
        "Gross Profit": 60600000.0,
        "Cost Of Revenue": 843400000.0,
        "Total Revenue": 904000000.0,
        "Operating Revenue": 904000000.0
    },
    "2024-06-30": {
        "Tax Effect Of Unusual Items": 0.0,
        "Tax Rate For Calcs": 0.21,
        "Normalized EBITDA": 63800000.0,
        "Total Unusual Items": 0.0,
        "Total Unusual Items Excluding Goodwill": 0.0,
        "Net Income From Continuing Operation Net Minority Interest": -67800000.0,
        "Reconciled Depreciation": 46600000.0,
        "Reconciled Cost Of Revenue": 851600000.0,
        "EBITDA": 63800000.0,
        "EBIT": 17200000.0,
        "Net Interest Income": -64700000.0,
        "Interest Expense": 64700000.0,
        "Normalized Income": -67800000.0,
        "Net Income From Continuing And Discontinued Operation": -67800000.0,
        "Total Expenses": 921700000.0,
        "Total Operating Income As Reported": 13900000.0,
        "Diluted Average Shares": 35300000.0,
        "Basic Average Shares": 35300000.0,
        "Diluted EPS": -1.92,
        "Basic EPS": -1.92,
        "Diluted NI Availto Com Stockholders": -67800000.0,
        "Net Income Common Stockholders": -67800000.0,
        "Net Income": -67800000.0,
        "Net Income Including Noncontrolling Interests": -67800000.0,
        "Net Income Discontinuous Operations": NaN,
        "Net Income Continuous Operations": -67800000.0,
        "Tax Provision": 20300000.0,
        "Pretax Income": -47500000.0,
        "Other Income Expense": 18900000.0,
        "Other Non Operating Income Expenses": 3300000.0,
        "Special Income Charges": 0.0,
        "Other Special Charges": NaN,
        "Write Off": 0.0,
        "Impairment Of Capital Assets": 0.0,
        "Earnings From Equity Interest": 15600000.0,
        "Net Non Operating Interest Income Expense": -64700000.0,
        "Interest Expense Non Operating": 64700000.0,
        "Operating Income": -1700000.0,
        "Operating Expense": 70100000.0,
        "Selling General And Administration": 70100000.0,
        "Gross Profit": 68400000.0,
        "Cost Of Revenue": 851600000.0,
        "Total Revenue": 920000000.0,
        "Operating Revenue": 920000000.0
    },
    "2024-09-30": {
        "Tax Effect Of Unusual Items": -126000.0,
        "Tax Rate For Calcs": 0.21,
        "Normalized EBITDA": 37300000.0,
        "Total Unusual Items": -600000.0,
        "Total Unusual Items Excluding Goodwill": -600000.0,
        "Net Income From Continuing Operation Net Minority Interest": -87300000.0,
        "Reconciled Depreciation": 48300000.0,
        "Reconciled Cost Of Revenue": 787100000.0,
        "EBITDA": 36700000.0,
        "EBIT": -11600000.0,
        "Net Interest Income": -72300000.0,
        "Interest Expense": 72300000.0,
        "Normalized Income": -86826000.0,
        "Net Income From Continuing And Discontinued Operation": -87300000.0,
        "Total Expenses": 884100000.0,
        "Total Operating Income As Reported": -12400000.0,
        "Diluted Average Shares": 35400000.0,
        "Basic Average Shares": 35400000.0,
        "Diluted EPS": -2.47,
        "Basic EPS": -2.47,
        "Diluted NI Availto Com Stockholders": -87300000.0,
        "Net Income Common Stockholders": -87300000.0,
        "Net Income": -87300000.0,
        "Net Income Including Noncontrolling Interests": -87300000.0,
        "Net Income Discontinuous Operations": NaN,
        "Net Income Continuous Operations": -87300000.0,
        "Tax Provision": 3400000.0,
        "Pretax Income": -83900000.0,
        "Other Income Expense": 4800000.0,
        "Other Non Operating Income Expenses": 1400000.0,
        "Special Income Charges": -600000.0,
        "Other Special Charges": 600000.0,
        "Write Off": 0.0,
        "Impairment Of Capital Assets": 0.0,
        "Earnings From Equity Interest": 4000000.0,
        "Net Non Operating Interest Income Expense": -72300000.0,
        "Interest Expense Non Operating": 72300000.0,
        "Operating Income": -16400000.0,
        "Operating Expense": 97000000.0,
        "Selling General And Administration": 97000000.0,
        "Gross Profit": 80600000.0,
        "Cost Of Revenue": 787100000.0,
        "Total Revenue": 867700000.0,
        "Operating Revenue": 867700000.0
    },
    "2024-12-31": {
        "Tax Effect Of Unusual Items": 0.0,
        "Tax Rate For Calcs": 0.21,
        "Normalized EBITDA": 21300000.0,
        "Total Unusual Items": 0.0,
        "Total Unusual Items Excluding Goodwill": 0.0,
        "Net Income From Continuing Operation Net Minority Interest": -117900000.0,
        "Reconciled Depreciation": 70300000.0,
        "Reconciled Cost Of Revenue": 765500000.0,
        "EBITDA": 21300000.0,
        "EBIT": -49000000.0,
        "Net Interest Income": -67500000.0,
        "Interest Expense": 67500000.0,
        "Normalized Income": -117900000.0,
        "Net Income From Continuing And Discontinued Operation": -117900000.0,
        "Total Expenses": 855300000.0,
        "Total Operating Income As Reported": -44200000.0,
        "Diluted Average Shares": 35400000.0,
        "Basic Average Shares": 35400000.0,
        "Diluted EPS": -3.33,
        "Basic EPS": -3.33,
        "Diluted NI Availto Com Stockholders": -117900000.0,
        "Net Income Common Stockholders": -117900000.0,
        "Net Income": -117900000.0,
        "Net Income Including Noncontrolling Interests": -117900000.0,
        "Net Income Discontinuous Operations": NaN,
        "Net Income Continuous Operations": -117900000.0,
        "Tax Provision": 1400000.0,
        "Pretax Income": -116500000.0,
        "Other Income Expense": -15200000.0,
        "Other Non Operating Income Expenses": -4800000.0,
        "Special Income Charges": 0.0,
        "Other Special Charges": 0.0,
        "Write Off": 0.0,
        "Impairment Of Capital Assets": 0.0,
        "Earnings From Equity Interest": -10400000.0,
        "Net Non Operating Interest Income Expense": -67500000.0,
        "Interest Expense Non Operating": 67500000.0,
        "Operating Income": -33800000.0,
        "Operating Expense": 89800000.0,
        "Selling General And Administration": 89800000.0,
        "Gross Profit": 56000000.0,
        "Cost Of Revenue": 765500000.0,
        "Total Revenue": 821500000.0,
        "Operating Revenue": 821500000.0
    },
    "2025-03-31": {
        "Tax Effect Of Unusual Items": 0.0,
        "Tax Rate For Calcs": 0.21,
        "Normalized EBITDA": 30200000.0,
        "Total Unusual Items": NaN,
        "Total Unusual Items Excluding Goodwill": NaN,
        "Net Income From Continuing Operation Net Minority Interest": -79000000.0,
        "Reconciled Depreciation": 36000000.0,
        "Reconciled Cost Of Revenue": 721000000.0,
        "EBITDA": 30200000.0,
        "EBIT": -5800000.0,
        "Net Interest Income": -66600000.0,
        "Interest Expense": 66600000.0,
        "Normalized Income": -79000000.0,
        "Net Income From Continuing And Discontinued Operation": -79000000.0,
        "Total Expenses": 812000000.0,
        "Total Operating Income As Reported": -29000000.0,
        "Diluted Average Shares": 35500000.0,
        "Basic Average Shares": 35500000.0,
        "Diluted EPS": -2.22,
        "Basic EPS": -2.22,
        "Diluted NI Availto Com Stockholders": -79000000.0,
        "Net Income Common Stockholders": -79000000.0,
        "Net Income": -79000000.0,
        "Net Income Including Noncontrolling Interests": -79000000.0,
        "Net Income Discontinuous Operations": NaN,
        "Net Income Continuous Operations": -79000000.0,
        "Tax Provision": 6600000.0,
        "Pretax Income": -72400000.0,
        "Other Income Expense": 21400000.0,
        "Other Non Operating Income Expenses": 23200000.0,
        "Special Income Charges": NaN,
        "Other Special Charges": NaN,
        "Write Off": NaN,
        "Impairment Of Capital Assets": NaN,
        "Earnings From Equity Interest": -1800000.0,
        "Net Non Operating Interest Income Expense": -66600000.0,
        "Interest Expense Non Operating": 66600000.0,
        "Operating Income": -27200000.0,
        "Operating Expense": 91000000.0,
        "Selling General And Administration": 91000000.0,
        "Gross Profit": 63800000.0,
        "Cost Of Revenue": 721000000.0,
        "Total Revenue": 784800000.0,
        "Operating Revenue": 784800000.0
    }
}