{
    "2023-06-30": {
        "Tax Effect Of Unusual Items": NaN,
        "Tax Rate For Calcs": NaN,
        "Normalized EBITDA": NaN,
        "Total Unusual Items": NaN,
        "Total Unusual Items Excluding Goodwill": NaN,
        "Net Income From Continuing Operation Net Minority Interest": NaN,
        "Reconciled Depreciation": NaN,
        "Reconciled Cost Of Revenue": NaN,
        "EBITDA": NaN,
        "EBIT": NaN,
        "Net Interest Income": NaN,
        "Interest Expense": NaN,
        "Interest Income": NaN,
        "Normalized Income": NaN,
        "Net Income From Continuing And Discontinued Operation": NaN,
        "Total Expenses": NaN,
        "Rent Expense Supplemental": NaN,
        "Total Operating Income As Reported": NaN,
        "Diluted Average Shares": NaN,
        "Basic Average Shares": NaN,
        "Diluted EPS": NaN,
        "Basic EPS": NaN,
        "Diluted NI Availto Com Stockholders": NaN,
        "Average Dilution Earnings": 0.0,
        "Net Income Common Stockholders": NaN,
        "Otherunder Preferred Stock Dividend": 0.0,
        "Net Income": NaN,
        "Minority Interests": NaN,
        "Net Income Including Noncontrolling Interests": NaN,
        "Net Income Continuous Operations": NaN,
        "Tax Provision": NaN,
        "Pretax Income": NaN,
        "Other Income Expense": NaN,
        "Other Non Operating Income Expenses": NaN,
        "Special Income Charges": NaN,
        "Restructuring And Mergern Acquisition": NaN,
        "Net Non Operating Interest Income Expense": NaN,
        "Interest Expense Non Operating": NaN,
        "Interest Income Non Operating": NaN,
        "Operating Income": NaN,
        "Operating Expense": NaN,
        "Research And Development": NaN,
        "Selling General And Administration": NaN,
        "Gross Profit": NaN,
        "Cost Of Revenue": NaN,
        "Total Revenue": NaN,
        "Operating Revenue": NaN
    },
    "2023-03-31": {
        "Tax Effect Of Unusual Items": NaN,
        "Tax Rate For Calcs": NaN,
        "Normalized EBITDA": NaN,
        "Total Unusual Items": NaN,
        "Total Unusual Items Excluding Goodwill": NaN,
        "Net Income From Continuing Operation Net Minority Interest": NaN,
        "Reconciled Depreciation": NaN,
        "Reconciled Cost Of Revenue": NaN,
        "EBITDA": NaN,
        "EBIT": NaN,
        "Net Interest Income": NaN,
        "Interest Expense": NaN,
        "Interest Income": NaN,
        "Normalized Income": NaN,
        "Net Income From Continuing And Discontinued Operation": NaN,
        "Total Expenses": NaN,
        "Rent Expense Supplemental": NaN,
        "Total Operating Income As Reported": NaN,
        "Diluted Average Shares": NaN,
        "Basic Average Shares": NaN,
        "Diluted EPS": NaN,
        "Basic EPS": NaN,
        "Diluted NI Availto Com Stockholders": NaN,
        "Average Dilution Earnings": NaN,
        "Net Income Common Stockholders": NaN,
        "Otherunder Preferred Stock Dividend": -5000000.0,
        "Net Income": NaN,
        "Minority Interests": NaN,
        "Net Income Including Noncontrolling Interests": NaN,
        "Net Income Continuous Operations": NaN,
        "Tax Provision": NaN,
        "Pretax Income": NaN,
        "Other Income Expense": NaN,
        "Other Non Operating Income Expenses": NaN,
        "Special Income Charges": NaN,
        "Restructuring And Mergern Acquisition": NaN,
        "Net Non Operating Interest Income Expense": NaN,
        "Interest Expense Non Operating": NaN,
        "Interest Income Non Operating": NaN,
        "Operating Income": NaN,
        "Operating Expense": NaN,
        "Research And Development": NaN,
        "Selling General And Administration": NaN,
        "Gross Profit": NaN,
        "Cost Of Revenue": NaN,
        "Total Revenue": NaN,
        "Operating Revenue": NaN
    },
    "2022-12-31": {
        "Tax Effect Of Unusual Items": NaN,
        "Tax Rate For Calcs": NaN,
        "Normalized EBITDA": NaN,
        "Total Unusual Items": -34000000.0,
        "Total Unusual Items Excluding Goodwill": -34000000.0,
        "Net Income From Continuing Operation Net Minority Interest": NaN,
        "Reconciled Depreciation": NaN,
        "Reconciled Cost Of Revenue": NaN,
        "EBITDA": NaN,
        "EBIT": NaN,
        "Net Interest Income": NaN,
        "Interest Expense": NaN,
        "Interest Income": NaN,
        "Normalized Income": NaN,
        "Net Income From Continuing And Discontinued Operation": NaN,
        "Total Expenses": NaN,
        "Rent Expense Supplemental": NaN,
        "Total Operating Income As Reported": NaN,
        "Diluted Average Shares": NaN,
        "Basic Average Shares": NaN,
        "Diluted EPS": NaN,
        "Basic EPS": NaN,
        "Diluted NI Availto Com Stockholders": NaN,
        "Average Dilution Earnings": 0.0,
        "Net Income Common Stockholders": NaN,
        "Otherunder Preferred Stock Dividend": NaN,
        "Net Income": NaN,
        "Minority Interests": NaN,
        "Net Income Including Noncontrolling Interests": NaN,
        "Net Income Continuous Operations": NaN,
        "Tax Provision": NaN,
        "Pretax Income": NaN,
        "Other Income Expense": NaN,
        "Other Non Operating Income Expenses": NaN,
        "Special Income Charges": -34000000.0,
        "Restructuring And Mergern Acquisition": 34000000.0,
        "Net Non Operating Interest Income Expense": NaN,
        "Interest Expense Non Operating": NaN,
        "Interest Income Non Operating": NaN,
        "Operating Income": NaN,
        "Operating Expense": NaN,
        "Research And Development": NaN,
        "Selling General And Administration": NaN,
        "Gross Profit": NaN,
        "Cost Of Revenue": NaN,
        "Total Revenue": NaN,
        "Operating Revenue": NaN
    },
    "2022-09-30": {
        "Tax Effect Of Unusual Items": NaN,
        "Tax Rate For Calcs": NaN,
        "Normalized EBITDA": NaN,
        "Total Unusual Items": 0.0,
        "Total Unusual Items Excluding Goodwill": 0.0,
        "Net Income From Continuing Operation Net Minority Interest": NaN,
        "Reconciled Depreciation": NaN,
        "Reconciled Cost Of Revenue": NaN,
        "EBITDA": NaN,
        "EBIT": NaN,
        "Net Interest Income": NaN,
        "Interest Expense": NaN,
        "Interest Income": NaN,
        "Normalized Income": NaN,
        "Net Income From Continuing And Discontinued Operation": NaN,
        "Total Expenses": NaN,
        "Total Operating Income As Reported": NaN,
        "Diluted Average Shares": NaN,
        "Basic Average Shares": NaN,
        "Diluted EPS": NaN,
        "Basic EPS": NaN,
        "Diluted NI Availto Com Stockholders": NaN,
        "Average Dilution Earnings": 0.0,
        "Net Income Common Stockholders": NaN,
        "Otherunder Preferred Stock Dividend": 0.0,
        "Net Income": NaN,
        "Minority Interests": NaN,
        "Net Income Including Noncontrolling Interests": NaN,
        "Net Income Continuous Operations": NaN,
        "Tax Provision": NaN,
        "Pretax Income": NaN,
        "Other Income Expense": NaN,
        "Other Non Operating Income Expenses": NaN,
        "Special Income Charges": 0.0,
        "Restructuring And Mergern Acquisition": 0.0,
        "Net Non Operating Interest Income Expense": NaN,
        "Interest Expense Non Operating": NaN,
        "Interest Income Non Operating": NaN,
        "Operating Income": NaN,
        "Operating Expense": NaN,
        "Research And Development": NaN,
        "Selling General And Administration": NaN,
        "Gross Profit": NaN,
        "Cost Of Revenue": NaN,
        "Total Revenue": NaN,
        "Operating Revenue": NaN
    },
    "2022-06-30": {
        "Tax Effect Of Unusual Items": -11360000.0,
        "Tax Rate For Calcs": 0.08,
        "Normalized EBITDA": 3582000000.0,
        "Total Unusual Items": -142000000.0,
        "Total Unusual Items Excluding Goodwill": -142000000.0,
        "Net Income From Continuing Operation Net Minority Interest": 2259000000.0,
        "Reconciled Depreciation": 922000000.0,
        "Reconciled Cost Of Revenue": 12700000000.0,
        "EBITDA": 3440000000.0,
        "EBIT": 2518000000.0,
        "Net Interest Income": -18000000.0,
        "Interest Expense": 44000000.0,
        "Interest Income": 26000000.0,
        "Normalized Income": 2389640000.0,
        "Net Income From Continuing And Discontinued Operation": 2259000000.0,
        "Total Expenses": 14328000000.0,
        "Total Operating Income As Reported": 2464000000.0,
        "Diluted Average Shares": 3464000000.0,
        "Basic Average Shares": 3111000000.0,
        "Diluted EPS": 0.65,
        "Basic EPS": 0.73,
        "Diluted NI Availto Com Stockholders": 2256000000.0,
        "Average Dilution Earnings": 0.0,
        "Net Income Common Stockholders": 2256000000.0,
        "Otherunder Preferred Stock Dividend": 3000000.0,
        "Net Income": 2259000000.0,
        "Minority Interests": -10000000.0,
        "Net Income Including Noncontrolling Interests": 2269000000.0,
        "Net Income Continuous Operations": 2269000000.0,
        "Tax Provision": 205000000.0,
        "Pretax Income": 2474000000.0,
        "Other Income Expense": -114000000.0,
        "Other Non Operating Income Expenses": 28000000.0,
        "Special Income Charges": -142000000.0,
        "Restructuring And Mergern Acquisition": 142000000.0,
        "Net Non Operating Interest Income Expense": -18000000.0,
        "Interest Expense Non Operating": 44000000.0,
        "Interest Income Non Operating": 26000000.0,
        "Operating Income": 2606000000.0,
        "Operating Expense": 1628000000.0,
        "Research And Development": 667000000.0,
        "Selling General And Administration": 961000000.0,
        "Gross Profit": 4234000000.0,
        "Cost Of Revenue": 12700000000.0,
        "Total Revenue": 16934000000.0,
        "Operating Revenue": 16934000000.0
    },
    "2022-03-31": {
        "Diluted EPS": 0.95,
        "Total Revenue": NaN,
        "Gross Profit": NaN,
        "Operating Income": NaN,
        "EBIT": NaN,
        "Net Income": NaN
    },
    "2021-12-31": {
        "Diluted EPS": 0.68,
        "Total Revenue": NaN,
        "Gross Profit": NaN,
        "Operating Income": NaN,
        "EBIT": NaN,
        "Net Income": NaN
    },
    "2021-09-30": {
        "Diluted EPS": 0.48,
        "Total Revenue": NaN,
        "Gross Profit": NaN,
        "Operating Income": NaN,
        "EBIT": NaN,
        "Net Income": NaN
    },
    "2021-06-30": {
        "Diluted EPS": 0.34,
        "Total Revenue": NaN,
        "Gross Profit": NaN,
        "Operating Income": NaN,
        "EBIT": NaN,
        "Net Income": NaN
    },
    "2021-03-31": {
        "Diluted EPS": 0.13,
        "Total Revenue": NaN,
        "Gross Profit": NaN,
        "Operating Income": 594,
        "EBIT": NaN,
        "Net Income": 438
    },
    "2020-12-31": {
        "Diluted EPS": 0.08,
        "Total Revenue": NaN,
        "Gross Profit": NaN,
        "Operating Income": 575,
        "EBIT": NaN,
        "Net Income": 270
    },
    "2020-09-30": {
        "Diluted EPS": 0.09,
        "Total Revenue": NaN,
        "Gross Profit": NaN,
        "Operating Income": 809,
        "EBIT": NaN,
        "Net Income": 300
    },
    "2020-06-30": {
        "Diluted EPS": 0.03,
        "Total Revenue": NaN,
        "Gross Profit": NaN,
        "Operating Income": 327,
        "EBIT": 894,
        "Net Income": 104
    },
    "2020-03-31": {
        "Diluted EPS": 0.01,
        "Total Revenue": NaN,
        "Gross Profit": NaN,
        "Operating Income": 283,
        "EBIT": 836,
        "Net Income": 16
    },
    "2019-12-31": {
        "Diluted EPS": 0.05,
        "Total Revenue": NaN,
        "Gross Profit": NaN,
        "Operating Income": 359,
        "EBIT": 798,
        "Net Income": 113
    },
    "2019-09-30": {
        "Diluted EPS": 0.05,
        "Total Revenue": NaN,
        "Gross Profit": NaN,
        "Operating Income": 261,
        "EBIT": 847,
        "Net Income": 143
    },
    "2019-06-30": {
        "Diluted EPS": -0.15,
        "Total Revenue": NaN,
        "Gross Profit": 921,
        "Operating Income": -167,
        "EBIT": 454,
        "Net Income": -408
    },
    "2019-03-31": {
        "Diluted EPS": -0.27,
        "Total Revenue": NaN,
        "Gross Profit": 566,
        "Operating Income": -522,
        "EBIT": -14,
        "Net Income": -710
    },
    "2018-12-31": {
        "Diluted EPS": 0.06,
        "Total Revenue": NaN,
        "Gross Profit": NaN,
        "Operating Income": 414,
        "EBIT": 949,
        "Net Income": 140
    },
    "2018-09-30": {
        "Diluted EPS": 0.12,
        "Total Revenue": NaN,
        "Gross Profit": NaN,
        "Operating Income": 416,
        "EBIT": 965,
        "Net Income": 311
    },
    "2018-06-30": {
        "Diluted EPS": -0.28,
        "Total Revenue": NaN,
        "Gross Profit": 619,
        "Operating Income": -621,
        "EBIT": -101,
        "Net Income": -718
    },
    "2018-03-31": {
        "Diluted EPS": -0.28,
        "Total Revenue": NaN,
        "Gross Profit": 457,
        "Operating Income": -597,
        "EBIT": -141,
        "Net Income": -710
    },
    "2017-12-31": {
        "Diluted EPS": -0.27,
        "Total Revenue": NaN,
        "Gross Profit": 439,
        "Operating Income": -598,
        "EBIT": -98,
        "Net Income": -676
    },
    "2017-09-30": {
        "Diluted EPS": -0.25,
        "Total Revenue": NaN,
        "Gross Profit": 449,
        "Operating Income": -535,
        "EBIT": -142,
        "Net Income": -619
    },
    "2017-06-30": {
        "Diluted EPS": -0.14,
        "Total Revenue": NaN,
        "Gross Profit": 667,
        "Operating Income": -241,
        "EBIT": 184,
        "Net Income": -336
    },
    "2017-03-31": {
        "Diluted EPS": -0.14,
        "Total Revenue": NaN,
        "Gross Profit": 668,
        "Operating Income": -258,
        "EBIT": 151,
        "Net Income": -330
    },
    "2016-12-31": {
        "Diluted EPS": -0.04,
        "Total Revenue": NaN,
        "Gross Profit": 435,
        "Operating Income": -267,
        "EBIT": 85,
        "Net Income": -121
    },
    "2016-09-30": {
        "Diluted EPS": 0.01,
        "Total Revenue": NaN,
        "Gross Profit": 637,
        "Operating Income": 86,
        "EBIT": 394,
        "Net Income": 22
    },
    "2016-06-30": {
        "Diluted EPS": -0.14,
        "Total Revenue": NaN,
        "Gross Profit": 275,
        "Operating Income": -238,
        "EBIT": -34,
        "Net Income": -293
    },
    "2016-03-31": {
        "Diluted EPS": -0.14,
        "Total Revenue": NaN,
        "Gross Profit": 252,
        "Operating Income": -248,
        "EBIT": -71,
        "Net Income": -282
    },
    "2015-12-31": {
        "Diluted EPS": -0.17,
        "Total Revenue": NaN,
        "Gross Profit": 219,
        "Operating Income": -260,
        "EBIT": -90,
        "Net Income": -320
    },
    "2015-09-30": {
        "Diluted EPS": -0.12,
        "Total Revenue": 937,
        "Gross Profit": 231,
        "Operating Income": -184,
        "EBIT": -56,
        "Net Income": -230
    },
    "2015-06-30": {
        "Diluted EPS": -0.1,
        "Total Revenue": 955,
        "Gross Profit": 213,
        "Operating Income": -170,
        "EBIT": -63,
        "Net Income": -184
    },
    "2015-03-31": {
        "Diluted EPS": -0.08,
        "Total Revenue": 940,
        "Gross Profit": 260,
        "Operating Income": -102,
        "EBIT": -7,
        "Net Income": -154
    },
    "2014-12-31": {
        "Diluted EPS": -0.06,
        "Total Revenue": 957,
        "Gross Profit": 262,
        "Operating Income": -75,
        "EBIT": 7,
        "Net Income": -108
    },
    "2014-09-30": {
        "Diluted EPS": -0.04,
        "Total Revenue": 852,
        "Gross Profit": 252,
        "Operating Income": -39,
        "EBIT": 49,
        "Net Income": -75
    },
    "2014-06-30": {
        "Diluted EPS": -0.03,
        "Total Revenue": 769,
        "Gross Profit": 213,
        "Operating Income": -29,
        "EBIT": 50,
        "Net Income": -62
    },
    "2014-03-31": {
        "Diluted EPS": -0.03,
        "Total Revenue": 621,
        "Gross Profit": 155,
        "Operating Income": -44,
        "EBIT": 9,
        "Net Income": -50
    },
    "2013-12-31": {
        "Diluted EPS": -0.0,
        "Total Revenue": 615,
        "Gross Profit": 157,
        "Operating Income": -13,
        "EBIT": 28,
        "Net Income": -16
    },
    "2013-09-30": {
        "Diluted EPS": -0.02,
        "Total Revenue": 431,
        "Gross Profit": 103,
        "Operating Income": -31,
        "EBIT": 2,
        "Net Income": -38
    },
    "2013-06-30": {
        "Diluted EPS": -0.02,
        "Total Revenue": 405,
        "Gross Profit": 100,
        "Operating Income": -12,
        "EBIT": 18,
        "Net Income": -31
    },
    "2013-03-31": {
        "Diluted EPS": 0.0,
        "Total Revenue": 562,
        "Gross Profit": 96,
        "Operating Income": -6,
        "EBIT": 12,
        "Net Income": 11
    },
    "2012-12-31": {
        "Diluted EPS": -0.05,
        "Total Revenue": 306,
        "Gross Profit": 24,
        "Operating Income": -91,
        "EBIT": -78,
        "Net Income": -90
    },
    "2012-09-30": {
        "Diluted EPS": -0.07,
        "Total Revenue": 50,
        "Gross Profit": -9,
        "Operating Income": -108,
        "EBIT": -101,
        "Net Income": -111
    },
    "2012-06-30": {
        "Diluted EPS": -0.07,
        "Total Revenue": 27,
        "Gross Profit": 5,
        "Operating Income": -106,
        "EBIT": -102,
        "Net Income": -106
    },
    "2012-03-31": {
        "Diluted EPS": -0.06,
        "Total Revenue": 30,
        "Gross Profit": 10,
        "Operating Income": -89,
        "EBIT": -85,
        "Net Income": -90
    },
    "2011-12-31": {
        "Diluted EPS": -0.05,
        "Total Revenue": 39,
        "Gross Profit": 8,
        "Operating Income": -81,
        "EBIT": -76,
        "Net Income": -81
    },
    "2011-09-30": {
        "Diluted EPS": -0.04,
        "Total Revenue": 58,
        "Gross Profit": 17,
        "Operating Income": -64,
        "EBIT": -60,
        "Net Income": -65
    },
    "2011-06-30": {
        "Diluted EPS": -0.04,
        "Total Revenue": 58,
        "Gross Profit": 19,
        "Operating Income": -59,
        "EBIT": -54,
        "Net Income": -59
    },
    "2011-03-31": {
        "Diluted EPS": -0.03,
        "Total Revenue": 49,
        "Gross Profit": 18,
        "Operating Income": -47,
        "EBIT": -44,
        "Net Income": -49
    },
    "2010-12-31": {
        "Diluted EPS": 0.43,
        "Total Revenue": 36,
        "Gross Profit": 11,
        "Operating Income": -52,
        "EBIT": -49,
        "Net Income": -51
    },
    "2010-09-30": {
        "Diluted EPS": -0.03,
        "Total Revenue": 31,
        "Gross Profit": 9,
        "Operating Income": -38,
        "EBIT": -35,
        "Net Income": -35
    },
    "2010-06-30": {
        "Diluted EPS": -0.34,
        "Total Revenue": 28,
        "Gross Profit": 6,
        "Operating Income": -31,
        "EBIT": -29,
        "Net Income": -39
    },
    "2010-03-31": {
        "Diluted EPS": -0.27,
        "Total Revenue": 21,
        "Gross Profit": 4,
        "Operating Income": -26,
        "EBIT": -24,
        "Net Income": -30
    },
    "2009-12-31": {
        "Diluted EPS": 0.0,
        "Total Revenue": NaN,
        "Gross Profit": NaN,
        "Operating Income": NaN,
        "EBIT": NaN,
        "Net Income": NaN
    },
    "2009-09-30": {
        "Diluted EPS": -0.04,
        "Total Revenue": 46,
        "Gross Profit": 8,
        "Operating Income": -4,
        "EBIT": -2,
        "Net Income": -5
    },
    "2009-06-30": {
        "Diluted EPS": -0.1,
        "Total Revenue": 27,
        "Gross Profit": 2,
        "Operating Income": -8,
        "EBIT": -8,
        "Net Income": -11
    },
    "2023-09-30": {
        "Tax Effect Of Unusual Items": NaN,
        "Tax Rate For Calcs": NaN,
        "Normalized EBITDA": NaN,
        "Total Unusual Items": NaN,
        "Total Unusual Items Excluding Goodwill": NaN,
        "Net Income From Continuing Operation Net Minority Interest": NaN,
        "Reconciled Depreciation": NaN,
        "Reconciled Cost Of Revenue": NaN,
        "EBITDA": NaN,
        "EBIT": NaN,
        "Net Interest Income": NaN,
        "Interest Expense": NaN,
        "Interest Income": NaN,
        "Normalized Income": NaN,
        "Net Income From Continuing And Discontinued Operation": NaN,
        "Total Expenses": NaN,
        "Rent Expense Supplemental": NaN,
        "Total Operating Income As Reported": NaN,
        "Diluted Average Shares": NaN,
        "Basic Average Shares": NaN,
        "Diluted EPS": NaN,
        "Basic EPS": NaN,
        "Diluted NI Availto Com Stockholders": NaN,
        "Average Dilution Earnings": 0.0,
        "Net Income Common Stockholders": NaN,
        "Otherunder Preferred Stock Dividend": 2000000.0,
        "Net Income": NaN,
        "Minority Interests": NaN,
        "Net Income Including Noncontrolling Interests": NaN,
        "Net Income Continuous Operations": NaN,
        "Tax Provision": NaN,
        "Pretax Income": NaN,
        "Other Income Expense": NaN,
        "Other Non Operating Income Expenses": NaN,
        "Special Income Charges": NaN,
        "Restructuring And Mergern Acquisition": NaN,
        "Net Non Operating Interest Income Expense": NaN,
        "Interest Expense Non Operating": NaN,
        "Interest Income Non Operating": NaN,
        "Operating Income": NaN,
        "Operating Expense": NaN,
        "Research And Development": NaN,
        "Selling General And Administration": NaN,
        "Gross Profit": NaN,
        "Cost Of Revenue": NaN,
        "Total Revenue": NaN,
        "Operating Revenue": NaN
    },
    "2023-12-31": {
        "Tax Effect Of Unusual Items": NaN,
        "Tax Rate For Calcs": NaN,
        "Normalized EBITDA": NaN,
        "Total Unusual Items": NaN,
        "Total Unusual Items Excluding Goodwill": NaN,
        "Net Income From Continuing Operation Net Minority Interest": NaN,
        "Reconciled Depreciation": NaN,
        "Reconciled Cost Of Revenue": NaN,
        "EBITDA": NaN,
        "EBIT": NaN,
        "Net Interest Income": NaN,
        "Interest Expense": NaN,
        "Interest Income": NaN,
        "Normalized Income": NaN,
        "Net Income From Continuing And Discontinued Operation": NaN,
        "Total Expenses": NaN,
        "Rent Expense Supplemental": NaN,
        "Total Operating Income As Reported": NaN,
        "Diluted Average Shares": NaN,
        "Basic Average Shares": NaN,
        "Diluted EPS": NaN,
        "Basic EPS": NaN,
        "Diluted NI Availto Com Stockholders": NaN,
        "Average Dilution Earnings": 0.0,
        "Net Income Common Stockholders": NaN,
        "Otherunder Preferred Stock Dividend": NaN,
        "Net Income": NaN,
        "Minority Interests": NaN,
        "Net Income Including Noncontrolling Interests": NaN,
        "Net Income Continuous Operations": NaN,
        "Tax Provision": NaN,
        "Pretax Income": NaN,
        "Other Income Expense": NaN,
        "Other Non Operating Income Expenses": NaN,
        "Special Income Charges": NaN,
        "Restructuring And Mergern Acquisition": NaN,
        "Net Non Operating Interest Income Expense": NaN,
        "Interest Expense Non Operating": NaN,
        "Interest Income Non Operating": NaN,
        "Operating Income": NaN,
        "Operating Expense": NaN,
        "Research And Development": NaN,
        "Selling General And Administration": NaN,
        "Gross Profit": NaN,
        "Cost Of Revenue": NaN,
        "Total Revenue": NaN,
        "Operating Revenue": NaN
    },
    "2024-03-31": {
        "Tax Effect Of Unusual Items": NaN,
        "Tax Rate For Calcs": NaN,
        "Normalized EBITDA": NaN,
        "Total Unusual Items": NaN,
        "Total Unusual Items Excluding Goodwill": NaN,
        "Net Income From Continuing Operation Net Minority Interest": NaN,
        "Reconciled Depreciation": NaN,
        "Reconciled Cost Of Revenue": NaN,
        "EBITDA": NaN,
        "EBIT": NaN,
        "Net Interest Income": NaN,
        "Interest Expense": NaN,
        "Interest Income": NaN,
        "Normalized Income": NaN,
        "Net Income From Continuing And Discontinued Operation": NaN,
        "Total Expenses": NaN,
        "Rent Expense Supplemental": NaN,
        "Total Operating Income As Reported": NaN,
        "Diluted Average Shares": NaN,
        "Basic Average Shares": NaN,
        "Diluted EPS": NaN,
        "Basic EPS": NaN,
        "Diluted NI Availto Com Stockholders": NaN,
        "Net Income Common Stockholders": NaN,
        "Otherunder Preferred Stock Dividend": -42000000.0,
        "Net Income": NaN,
        "Minority Interests": NaN,
        "Net Income Including Noncontrolling Interests": NaN,
        "Net Income Continuous Operations": NaN,
        "Tax Provision": NaN,
        "Pretax Income": NaN,
        "Other Income Expense": NaN,
        "Other Non Operating Income Expenses": NaN,
        "Special Income Charges": NaN,
        "Restructuring And Mergern Acquisition": NaN,
        "Net Non Operating Interest Income Expense": NaN,
        "Interest Expense Non Operating": NaN,
        "Interest Income Non Operating": NaN,
        "Operating Income": NaN,
        "Operating Expense": NaN,
        "Research And Development": NaN,
        "Selling General And Administration": NaN,
        "Gross Profit": NaN,
        "Cost Of Revenue": NaN,
        "Total Revenue": NaN,
        "Operating Revenue": NaN
    },
    "2024-06-30": {
        "Tax Effect Of Unusual Items": NaN,
        "Tax Rate For Calcs": NaN,
        "Normalized EBITDA": NaN,
        "Total Unusual Items": NaN,
        "Total Unusual Items Excluding Goodwill": NaN,
        "Net Income From Continuing Operation Net Minority Interest": NaN,
        "Reconciled Depreciation": NaN,
        "Reconciled Cost Of Revenue": NaN,
        "EBITDA": NaN,
        "EBIT": NaN,
        "Net Interest Income": NaN,
        "Interest Expense": NaN,
        "Interest Income": NaN,
        "Normalized Income": NaN,
        "Net Income From Continuing And Discontinued Operation": NaN,
        "Total Expenses": NaN,
        "Rent Expense Supplemental": 245000000.0,
        "Total Operating Income As Reported": NaN,
        "Diluted Average Shares": NaN,
        "Basic Average Shares": NaN,
        "Diluted EPS": NaN,
        "Basic EPS": NaN,
        "Diluted NI Availto Com Stockholders": NaN,
        "Net Income Common Stockholders": NaN,
        "Otherunder Preferred Stock Dividend": NaN,
        "Net Income": NaN,
        "Minority Interests": NaN,
        "Net Income Including Noncontrolling Interests": NaN,
        "Net Income Continuous Operations": NaN,
        "Tax Provision": NaN,
        "Pretax Income": NaN,
        "Other Income Expense": NaN,
        "Other Non Operating Income Expenses": NaN,
        "Special Income Charges": NaN,
        "Restructuring And Mergern Acquisition": NaN,
        "Net Non Operating Interest Income Expense": NaN,
        "Interest Expense Non Operating": NaN,
        "Interest Income Non Operating": NaN,
        "Operating Income": NaN,
        "Operating Expense": NaN,
        "Research And Development": NaN,
        "Selling General And Administration": NaN,
        "Gross Profit": NaN,
        "Cost Of Revenue": NaN,
        "Total Revenue": NaN,
        "Operating Revenue": NaN
    },
    "2024-09-30": {
        "Tax Effect Of Unusual Items": NaN,
        "Tax Rate For Calcs": NaN,
        "Normalized EBITDA": NaN,
        "Total Unusual Items": NaN,
        "Total Unusual Items Excluding Goodwill": NaN,
        "Net Income From Continuing Operation Net Minority Interest": NaN,
        "Reconciled Depreciation": NaN,
        "Reconciled Cost Of Revenue": NaN,
        "EBITDA": NaN,
        "EBIT": NaN,
        "Net Interest Income": NaN,
        "Interest Expense": NaN,
        "Interest Income": NaN,
        "Normalized Income": NaN,
        "Net Income From Continuing And Discontinued Operation": NaN,
        "Total Expenses": NaN,
        "Rent Expense Supplemental": 247000000.0,
        "Total Operating Income As Reported": NaN,
        "Diluted Average Shares": NaN,
        "Basic Average Shares": NaN,
        "Diluted EPS": NaN,
        "Basic EPS": NaN,
        "Diluted NI Availto Com Stockholders": NaN,
        "Net Income Common Stockholders": NaN,
        "Otherunder Preferred Stock Dividend": 0.0,
        "Net Income": NaN,
        "Minority Interests": NaN,
        "Net Income Including Noncontrolling Interests": NaN,
        "Net Income Continuous Operations": NaN,
        "Tax Provision": NaN,
        "Pretax Income": NaN,
        "Other Income Expense": NaN,
        "Other Non Operating Income Expenses": NaN,
        "Special Income Charges": NaN,
        "Restructuring And Mergern Acquisition": NaN,
        "Net Non Operating Interest Income Expense": NaN,
        "Interest Expense Non Operating": NaN,
        "Interest Income Non Operating": NaN,
        "Operating Income": NaN,
        "Operating Expense": NaN,
        "Research And Development": NaN,
        "Selling General And Administration": NaN,
        "Gross Profit": NaN,
        "Cost Of Revenue": NaN,
        "Total Revenue": NaN,
        "Operating Revenue": NaN
    },
    "2024-12-31": {
        "Tax Effect Of Unusual Items": -1098336.948662,
        "Tax Rate For Calcs": 0.156905,
        "Normalized EBITDA": 4365000000.0,
        "Total Unusual Items": -7000000.0,
        "Total Unusual Items Excluding Goodwill": -7000000.0,
        "Net Income From Continuing Operation Net Minority Interest": 2314000000.0,
        "Reconciled Depreciation": 1496000000.0,
        "Reconciled Cost Of Revenue": 21528000000.0,
        "EBITDA": 4358000000.0,
        "EBIT": 2862000000.0,
        "Net Interest Income": 346000000.0,
        "Interest Expense": 96000000.0,
        "Interest Income": 442000000.0,
        "Normalized Income": 2319901663.051338,
        "Net Income From Continuing And Discontinued Operation": 2314000000.0,
        "Total Expenses": 24117000000.0,
        "Rent Expense Supplemental": 242000000.0,
        "Total Operating Income As Reported": 1583000000.0,
        "Diluted Average Shares": 3517000000.0,
        "Basic Average Shares": 3213000000.0,
        "Diluted EPS": 0.66,
        "Basic EPS": 0.72,
        "Diluted NI Availto Com Stockholders": 2314000000.0,
        "Net Income Common Stockholders": 2314000000.0,
        "Otherunder Preferred Stock Dividend": NaN,
        "Net Income": 2314000000.0,
        "Minority Interests": -18000000.0,
        "Net Income Including Noncontrolling Interests": 2332000000.0,
        "Net Income Continuous Operations": 2332000000.0,
        "Tax Provision": 434000000.0,
        "Pretax Income": 2766000000.0,
        "Other Income Expense": 830000000.0,
        "Other Non Operating Income Expenses": 837000000.0,
        "Special Income Charges": -7000000.0,
        "Restructuring And Mergern Acquisition": 7000000.0,
        "Net Non Operating Interest Income Expense": 346000000.0,
        "Interest Expense Non Operating": 96000000.0,
        "Interest Income Non Operating": 442000000.0,
        "Operating Income": 1590000000.0,
        "Operating Expense": 2589000000.0,
        "Research And Development": 1276000000.0,
        "Selling General And Administration": 1313000000.0,
        "Gross Profit": 4179000000.0,
        "Cost Of Revenue": 21528000000.0,
        "Total Revenue": 25707000000.0,
        "Operating Revenue": 25707000000.0
    },
    "2025-03-31": {
        "Tax Effect Of Unusual Items": -27260000.0,
        "Tax Rate For Calcs": 0.29,
        "Normalized EBITDA": 2221000000.0,
        "Total Unusual Items": -94000000.0,
        "Total Unusual Items Excluding Goodwill": -94000000.0,
        "Net Income From Continuing Operation Net Minority Interest": 409000000.0,
        "Reconciled Depreciation": 1447000000.0,
        "Reconciled Cost Of Revenue": 16182000000.0,
        "EBITDA": 2127000000.0,
        "EBIT": 680000000.0,
        "Net Interest Income": 309000000.0,
        "Interest Expense": 91000000.0,
        "Interest Income": 400000000.0,
        "Normalized Income": 475740000.0,
        "Net Income From Continuing And Discontinued Operation": 409000000.0,
        "Total Expenses": 18842000000.0,
        "Rent Expense Supplemental": 239000000.0,
        "Total Operating Income As Reported": 399000000.0,
        "Diluted Average Shares": 3521000000.0,
        "Basic Average Shares": 3218000000.0,
        "Diluted EPS": 0.12,
        "Basic EPS": 0.13,
        "Diluted NI Availto Com Stockholders": 409000000.0,
        "Net Income Common Stockholders": 409000000.0,
        "Otherunder Preferred Stock Dividend": 0.0,
        "Net Income": 409000000.0,
        "Minority Interests": -11000000.0,
        "Net Income Including Noncontrolling Interests": 420000000.0,
        "Net Income Continuous Operations": 420000000.0,
        "Tax Provision": 169000000.0,
        "Pretax Income": 589000000.0,
        "Other Income Expense": -213000000.0,
        "Other Non Operating Income Expenses": -119000000.0,
        "Special Income Charges": -94000000.0,
        "Restructuring And Mergern Acquisition": 94000000.0,
        "Net Non Operating Interest Income Expense": 309000000.0,
        "Interest Expense Non Operating": 91000000.0,
        "Interest Income Non Operating": 400000000.0,
        "Operating Income": 493000000.0,
        "Operating Expense": 2660000000.0,
        "Research And Development": 1409000000.0,
        "Selling General And Administration": 1251000000.0,
        "Gross Profit": 3153000000.0,
        "Cost Of Revenue": 16182000000.0,
        "Total Revenue": 19335000000.0,
        "Operating Revenue": 19335000000.0
    },
    "2025-06-30": {
        "Tax Effect Of Unusual Items": 0.0,
        "Tax Rate For Calcs": 0.23,
        "Normalized EBITDA": 3068000000.0,
        "Total Unusual Items": 0.0,
        "Total Unusual Items Excluding Goodwill": 0.0,
        "Net Income From Continuing Operation Net Minority Interest": 1172000000.0,
        "Reconciled Depreciation": 1433000000.0,
        "Reconciled Cost Of Revenue": 18618000000.0,
        "EBITDA": 3068000000.0,
        "EBIT": 1635000000.0,
        "Net Interest Income": 306000000.0,
        "Interest Expense": 86000000.0,
        "Interest Income": 392000000.0,
        "Normalized Income": 1172000000.0,
        "Net Income From Continuing And Discontinued Operation": 1172000000.0,
        "Total Expenses": 21573000000.0,
        "Rent Expense Supplemental": 228000000.0,
        "Total Operating Income As Reported": 923000000.0,
        "Diluted Average Shares": 3519000000.0,
        "Basic Average Shares": 3223000000.0,
        "Diluted EPS": 0.33,
        "Basic EPS": 0.36,
        "Diluted NI Availto Com Stockholders": 1172000000.0,
        "Net Income Common Stockholders": 1172000000.0,
        "Otherunder Preferred Stock Dividend": NaN,
        "Net Income": 1172000000.0,
        "Minority Interests": -18000000.0,
        "Net Income Including Noncontrolling Interests": 1190000000.0,
        "Net Income Continuous Operations": 1190000000.0,
        "Tax Provision": 359000000.0,
        "Pretax Income": 1549000000.0,
        "Other Income Expense": 320000000.0,
        "Other Non Operating Income Expenses": 320000000.0,
        "Special Income Charges": 0.0,
        "Restructuring And Mergern Acquisition": 0.0,
        "Net Non Operating Interest Income Expense": 306000000.0,
        "Interest Expense Non Operating": 86000000.0,
        "Interest Income Non Operating": 392000000.0,
        "Operating Income": 923000000.0,
        "Operating Expense": 2955000000.0,
        "Research And Development": 1589000000.0,
        "Selling General And Administration": 1366000000.0,
        "Gross Profit": 3878000000.0,
        "Cost Of Revenue": 18618000000.0,
        "Total Revenue": 22496000000.0,
        "Operating Revenue": 22496000000.0
    },
    "2025-09-30": {
        "Tax Effect Of Unusual Items": -69020000.0,
        "Tax Rate For Calcs": 0.29,
        "Normalized EBITDA": 3898000000.0,
        "Total Unusual Items": -238000000.0,
        "Total Unusual Items Excluding Goodwill": -238000000.0,
        "Net Income From Continuing Operation Net Minority Interest": 1373000000.0,
        "Reconciled Depreciation": 1625000000.0,
        "Reconciled Cost Of Revenue": 23041000000.0,
        "EBITDA": 3660000000.0,
        "EBIT": 2035000000.0,
        "Net Interest Income": 363000000.0,
        "Interest Expense": 76000000.0,
        "Interest Income": 439000000.0,
        "Normalized Income": 1541980000.0,
        "Net Income From Continuing And Discontinued Operation": 1373000000.0,
        "Total Expenses": 26233000000.0,
        "Rent Expense Supplemental": NaN,
        "Total Operating Income As Reported": 1624000000.0,
        "Diluted Average Shares": 3526000000.0,
        "Basic Average Shares": 3227000000.0,
        "Diluted EPS": 0.39,
        "Basic EPS": 0.43,
        "Diluted NI Availto Com Stockholders": 1373000000.0,
        "Net Income Common Stockholders": 1373000000.0,
        "Otherunder Preferred Stock Dividend": NaN,
        "Net Income": 1373000000.0,
        "Minority Interests": -16000000.0,
        "Net Income Including Noncontrolling Interests": 1389000000.0,
        "Net Income Continuous Operations": 1389000000.0,
        "Tax Provision": 570000000.0,
        "Pretax Income": 1959000000.0,
        "Other Income Expense": -266000000.0,
        "Other Non Operating Income Expenses": -28000000.0,
        "Special Income Charges": -238000000.0,
        "Restructuring And Mergern Acquisition": 238000000.0,
        "Net Non Operating Interest Income Expense": 363000000.0,
        "Interest Expense Non Operating": 76000000.0,
        "Interest Income Non Operating": 439000000.0,
        "Operating Income": 1862000000.0,
        "Operating Expense": 3192000000.0,
        "Research And Development": 1630000000.0,
        "Selling General And Administration": 1562000000.0,
        "Gross Profit": 5054000000.0,
        "Cost Of Revenue": 23041000000.0,
        "Total Revenue": 28095000000.0,
        "Operating Revenue": 28095000000.0
    },
    "2025-12-31": {
        "Tax Effect Of Unusual Items": -44580863.674852,
        "Tax Rate For Calcs": 0.275191,
        "Normalized EBITDA": 3071000000.0,
        "Total Unusual Items": -162000000.0,
        "Total Unusual Items Excluding Goodwill": -162000000.0,
        "Net Income From Continuing Operation Net Minority Interest": 840000000.0,
        "Reconciled Depreciation": 1643000000.0,
        "Reconciled Cost Of Revenue": 19892000000.0,
        "EBITDA": 2909000000.0,
        "EBIT": 1266000000.0,
        "Net Interest Income": 364000000.0,
        "Interest Expense": 85000000.0,
        "Interest Income": 449000000.0,
        "Normalized Income": 957419136.325148,
        "Net Income From Continuing And Discontinued Operation": 840000000.0,
        "Total Expenses": 23330000000.0,
        "Rent Expense Supplemental": NaN,
        "Total Operating Income As Reported": 1409000000.0,
        "Diluted Average Shares": 3539000000.0,
        "Basic Average Shares": 3231000000.0,
        "Diluted EPS": 0.24,
        "Basic EPS": 0.26,
        "Diluted NI Availto Com Stockholders": 840000000.0,
        "Net Income Common Stockholders": 840000000.0,
        "Otherunder Preferred Stock Dividend": NaN,
        "Net Income": 840000000.0,
        "Minority Interests": -16000000.0,
        "Net Income Including Noncontrolling Interests": 856000000.0,
        "Net Income Continuous Operations": 856000000.0,
        "Tax Provision": 325000000.0,
        "Pretax Income": 1181000000.0,
        "Other Income Expense": -754000000.0,
        "Other Non Operating Income Expenses": -592000000.0,
        "Special Income Charges": -162000000.0,
        "Restructuring And Mergern Acquisition": 162000000.0,
        "Net Non Operating Interest Income Expense": 364000000.0,
        "Interest Expense Non Operating": 85000000.0,
        "Interest Income Non Operating": 449000000.0,
        "Operating Income": 1571000000.0,
        "Operating Expense": 3438000000.0,
        "Research And Development": 1783000000.0,
        "Selling General And Administration": 1655000000.0,
        "Gross Profit": 5009000000.0,
        "Cost Of Revenue": 19892000000.0,
        "Total Revenue": 24901000000.0,
        "Operating Revenue": 24901000000.0
    }
}