{
    "2023-03-31": {
        "Tax Effect Of Unusual Items": NaN,
        "Tax Rate For Calcs": NaN,
        "Normalized EBITDA": NaN,
        "Total Unusual Items": NaN,
        "Total Unusual Items Excluding Goodwill": NaN,
        "Net Income From Continuing Operation Net Minority Interest": NaN,
        "Reconciled Depreciation": NaN,
        "Reconciled Cost Of Revenue": NaN,
        "EBITDA": NaN,
        "EBIT": NaN,
        "Net Interest Income": NaN,
        "Interest Expense": NaN,
        "Interest Income": NaN,
        "Normalized Income": NaN,
        "Net Income From Continuing And Discontinued Operation": NaN,
        "Total Expenses": NaN,
        "Total Operating Income As Reported": NaN,
        "Diluted Average Shares": NaN,
        "Basic Average Shares": NaN,
        "Diluted EPS": NaN,
        "Basic EPS": NaN,
        "Diluted NI Availto Com Stockholders": NaN,
        "Net Income Common Stockholders": NaN,
        "Net Income": NaN,
        "Minority Interests": NaN,
        "Net Income Including Noncontrolling Interests": NaN,
        "Net Income Continuous Operations": NaN,
        "Tax Provision": NaN,
        "Pretax Income": NaN,
        "Other Income Expense": NaN,
        "Other Non Operating Income Expenses": NaN,
        "Special Income Charges": NaN,
        "Gain On Sale Of Ppe": NaN,
        "Other Special Charges": NaN,
        "Impairment Of Capital Assets": NaN,
        "Restructuring And Mergern Acquisition": NaN,
        "Net Non Operating Interest Income Expense": NaN,
        "Total Other Finance Cost": NaN,
        "Interest Expense Non Operating": NaN,
        "Interest Income Non Operating": NaN,
        "Operating Income": NaN,
        "Operating Expense": NaN,
        "Other Operating Expenses": NaN,
        "Depreciation Amortization Depletion Income Statement": NaN,
        "Depreciation And Amortization In Income Statement": NaN,
        "Selling General And Administration": NaN,
        "General And Administrative Expense": NaN,
        "Other Gand A": 5345000.0,
        "Salaries And Wages": NaN,
        "Gross Profit": NaN,
        "Cost Of Revenue": NaN,
        "Total Revenue": NaN,
        "Operating Revenue": NaN
    },
    "2022-12-31": {
        "Tax Effect Of Unusual Items": NaN,
        "Tax Rate For Calcs": NaN,
        "Normalized EBITDA": NaN,
        "Total Unusual Items": NaN,
        "Total Unusual Items Excluding Goodwill": NaN,
        "Net Income From Continuing Operation Net Minority Interest": NaN,
        "Reconciled Depreciation": NaN,
        "Reconciled Cost Of Revenue": NaN,
        "EBITDA": NaN,
        "EBIT": NaN,
        "Net Interest Income": NaN,
        "Interest Expense": NaN,
        "Interest Income": NaN,
        "Normalized Income": NaN,
        "Net Income From Continuing And Discontinued Operation": NaN,
        "Total Expenses": NaN,
        "Total Operating Income As Reported": NaN,
        "Diluted Average Shares": NaN,
        "Basic Average Shares": NaN,
        "Diluted EPS": NaN,
        "Basic EPS": NaN,
        "Diluted NI Availto Com Stockholders": NaN,
        "Net Income Common Stockholders": NaN,
        "Net Income": NaN,
        "Minority Interests": NaN,
        "Net Income Including Noncontrolling Interests": NaN,
        "Net Income Continuous Operations": NaN,
        "Tax Provision": NaN,
        "Pretax Income": NaN,
        "Other Income Expense": NaN,
        "Other Non Operating Income Expenses": NaN,
        "Special Income Charges": NaN,
        "Gain On Sale Of Ppe": NaN,
        "Other Special Charges": NaN,
        "Impairment Of Capital Assets": NaN,
        "Restructuring And Mergern Acquisition": NaN,
        "Net Non Operating Interest Income Expense": NaN,
        "Total Other Finance Cost": NaN,
        "Interest Expense Non Operating": NaN,
        "Interest Income Non Operating": NaN,
        "Operating Income": NaN,
        "Operating Expense": NaN,
        "Other Operating Expenses": NaN,
        "Depreciation Amortization Depletion Income Statement": NaN,
        "Depreciation And Amortization In Income Statement": NaN,
        "Selling General And Administration": NaN,
        "General And Administrative Expense": NaN,
        "Other Gand A": 8536000.0,
        "Salaries And Wages": NaN,
        "Gross Profit": NaN,
        "Cost Of Revenue": NaN,
        "Total Revenue": NaN,
        "Operating Revenue": NaN
    },
    "2022-09-30": {
        "Tax Effect Of Unusual Items": NaN,
        "Tax Rate For Calcs": NaN,
        "Normalized EBITDA": NaN,
        "Total Unusual Items": NaN,
        "Total Unusual Items Excluding Goodwill": NaN,
        "Net Income From Continuing Operation Net Minority Interest": NaN,
        "Reconciled Depreciation": NaN,
        "Reconciled Cost Of Revenue": NaN,
        "EBITDA": NaN,
        "EBIT": NaN,
        "Net Interest Income": NaN,
        "Interest Expense": NaN,
        "Interest Income": NaN,
        "Normalized Income": NaN,
        "Net Income From Continuing And Discontinued Operation": NaN,
        "Total Expenses": NaN,
        "Total Operating Income As Reported": NaN,
        "Diluted Average Shares": NaN,
        "Basic Average Shares": NaN,
        "Diluted EPS": NaN,
        "Basic EPS": NaN,
        "Diluted NI Availto Com Stockholders": NaN,
        "Net Income Common Stockholders": NaN,
        "Net Income": NaN,
        "Minority Interests": NaN,
        "Net Income Including Noncontrolling Interests": NaN,
        "Net Income Continuous Operations": NaN,
        "Tax Provision": NaN,
        "Pretax Income": NaN,
        "Other Income Expense": NaN,
        "Other Non Operating Income Expenses": NaN,
        "Special Income Charges": NaN,
        "Gain On Sale Of Ppe": NaN,
        "Other Special Charges": NaN,
        "Impairment Of Capital Assets": NaN,
        "Restructuring And Mergern Acquisition": NaN,
        "Net Non Operating Interest Income Expense": NaN,
        "Total Other Finance Cost": NaN,
        "Interest Expense Non Operating": NaN,
        "Interest Income Non Operating": NaN,
        "Operating Income": NaN,
        "Operating Expense": NaN,
        "Other Operating Expenses": NaN,
        "Depreciation Amortization Depletion Income Statement": NaN,
        "Depreciation And Amortization In Income Statement": NaN,
        "Selling General And Administration": NaN,
        "General And Administrative Expense": NaN,
        "Other Gand A": 5744000.0,
        "Salaries And Wages": NaN,
        "Gross Profit": NaN,
        "Cost Of Revenue": NaN,
        "Total Revenue": NaN,
        "Operating Revenue": NaN
    },
    "2022-06-30": {
        "Tax Effect Of Unusual Items": -2013084.734694,
        "Tax Rate For Calcs": 0.196898,
        "Normalized EBITDA": 30707000.0,
        "Total Unusual Items": -10224000.0,
        "Total Unusual Items Excluding Goodwill": -10224000.0,
        "Net Income From Continuing Operation Net Minority Interest": 4394000.0,
        "Reconciled Depreciation": 4314000.0,
        "Reconciled Cost Of Revenue": 83833000.0,
        "EBITDA": 20483000.0,
        "EBIT": 16169000.0,
        "Net Interest Income": -10044000.0,
        "Interest Expense": 10044000.0,
        "Interest Income": 0.0,
        "Normalized Income": 12604915.265306,
        "Net Income From Continuing And Discontinued Operation": 4394000.0,
        "Total Expenses": 94725000.0,
        "Total Operating Income As Reported": 16867000.0,
        "Diluted Average Shares": 18695000.0,
        "Basic Average Shares": 16986000.0,
        "Diluted EPS": 0.24,
        "Basic EPS": 0.26,
        "Diluted NI Availto Com Stockholders": 4394000.0,
        "Net Income Common Stockholders": 4394000.0,
        "Net Income": 4394000.0,
        "Minority Interests": -525000.0,
        "Net Income Including Noncontrolling Interests": 4919000.0,
        "Net Income Continuous Operations": 4919000.0,
        "Tax Provision": 1206000.0,
        "Pretax Income": 6125000.0,
        "Other Income Expense": -11030000.0,
        "Other Non Operating Income Expenses": -806000.0,
        "Special Income Charges": -10224000.0,
        "Gain On Sale Of Ppe": -89000.0,
        "Other Special Charges": -108000.0,
        "Impairment Of Capital Assets": 9419000.0,
        "Restructuring And Mergern Acquisition": 824000.0,
        "Net Non Operating Interest Income Expense": -10044000.0,
        "Total Other Finance Cost": 438000.0,
        "Interest Expense Non Operating": 10044000.0,
        "Interest Income Non Operating": 0.0,
        "Operating Income": 27199000.0,
        "Operating Expense": 10892000.0,
        "Other Operating Expenses": 5739000.0,
        "Depreciation Amortization Depletion Income Statement": 4314000.0,
        "Depreciation And Amortization In Income Statement": 4314000.0,
        "Selling General And Administration": 839000.0,
        "General And Administrative Expense": 839000.0,
        "Other Gand A": 5739000.0,
        "Salaries And Wages": 839000.0,
        "Gross Profit": 38091000.0,
        "Cost Of Revenue": 83833000.0,
        "Total Revenue": 121924000.0,
        "Operating Revenue": 121924000.0
    },
    "2022-03-31": {
        "Diluted EPS": 0.11,
        "Total Revenue": 100,
        "Gross Profit": 26,
        "Operating Income": 16,
        "EBIT": 22,
        "Net Income": 2
    },
    "2021-12-31": {
        "Diluted EPS": 0.0,
        "Total Revenue": 111,
        "Gross Profit": 34,
        "Operating Income": 19,
        "EBIT": 24,
        "Net Income": 1
    },
    "2021-09-30": {
        "Diluted EPS": 0.64,
        "Total Revenue": 111,
        "Gross Profit": 36,
        "Operating Income": 23,
        "EBIT": 28,
        "Net Income": 12
    },
    "2021-06-30": {
        "Diluted EPS": 0.5,
        "Total Revenue": 107,
        "Gross Profit": 36,
        "Operating Income": 24,
        "EBIT": 29,
        "Net Income": 9
    },
    "2021-03-31": {
        "Diluted EPS": -0.35,
        "Total Revenue": 89,
        "Gross Profit": 24,
        "Operating Income": 9,
        "EBIT": 14,
        "Net Income": -7
    },
    "2020-12-31": {
        "Diluted EPS": 0.24,
        "Total Revenue": 108,
        "Gross Profit": 33,
        "Operating Income": 21,
        "EBIT": 26,
        "Net Income": 4
    },
    "2020-09-30": {
        "Diluted EPS": 0.03,
        "Total Revenue": 95,
        "Gross Profit": 24,
        "Operating Income": 10,
        "EBIT": 15,
        "Net Income": 1
    },
    "2020-06-30": {
        "Diluted EPS": -1.46,
        "Total Revenue": 74,
        "Gross Profit": 10,
        "Operating Income": -34,
        "EBIT": -31,
        "Net Income": -27
    },
    "2020-03-31": {
        "Diluted EPS": -3.27,
        "Total Revenue": 93,
        "Gross Profit": 22,
        "Operating Income": -72,
        "EBIT": -64,
        "Net Income": -60
    },
    "2019-12-31": {
        "Diluted EPS": -3.87,
        "Total Revenue": 112,
        "Gross Profit": 33,
        "Operating Income": -91,
        "EBIT": 23,
        "Net Income": -77
    },
    "2019-09-30": {
        "Diluted EPS": 0.26,
        "Total Revenue": 113,
        "Gross Profit": 35,
        "Operating Income": 20,
        "EBIT": 28,
        "Net Income": 7
    },
    "2019-06-30": {
        "Diluted EPS": 0.34,
        "Total Revenue": 113,
        "Gross Profit": 37,
        "Operating Income": 22,
        "EBIT": 29,
        "Net Income": 9
    },
    "2019-03-31": {
        "Diluted EPS": -0.27,
        "Total Revenue": 94,
        "Gross Profit": 25,
        "Operating Income": 12,
        "EBIT": 18,
        "Net Income": -5
    },
    "2018-12-31": {
        "Diluted EPS": -4.7,
        "Total Revenue": 109,
        "Gross Profit": 32,
        "Operating Income": -38,
        "EBIT": 17,
        "Net Income": -81
    },
    "2018-09-30": {
        "Diluted EPS": 0.34,
        "Total Revenue": 106,
        "Gross Profit": 34,
        "Operating Income": 22,
        "EBIT": 27,
        "Net Income": 9
    },
    "2018-06-30": {
        "Diluted EPS": 0.05,
        "Total Revenue": 105,
        "Gross Profit": 33,
        "Operating Income": 20,
        "EBIT": 25,
        "Net Income": 1
    },
    "2018-03-31": {
        "Diluted EPS": -0.96,
        "Total Revenue": 88,
        "Gross Profit": 24,
        "Operating Income": 13,
        "EBIT": 18,
        "Net Income": -27
    },
    "2017-12-31": {
        "Diluted EPS": -0.99,
        "Total Revenue": 72,
        "Gross Profit": 34,
        "Operating Income": 2,
        "EBIT": 26,
        "Net Income": -30
    },
    "2017-09-30": {
        "Diluted EPS": 0.26,
        "Total Revenue": 112,
        "Gross Profit": 32,
        "Operating Income": 21,
        "EBIT": 26,
        "Net Income": 14
    },
    "2017-06-30": {
        "Diluted EPS": 0.19,
        "Total Revenue": 117,
        "Gross Profit": 34,
        "Operating Income": 21,
        "EBIT": 25,
        "Net Income": 6
    },
    "2017-03-31": {
        "Diluted EPS": -0.16,
        "Total Revenue": 88,
        "Gross Profit": 16,
        "Operating Income": 3,
        "EBIT": 10,
        "Net Income": -3
    },
    "2016-12-31": {
        "Diluted EPS": 0.15,
        "Total Revenue": 24,
        "Gross Profit": 22,
        "Operating Income": 12,
        "EBIT": 12,
        "Net Income": 3
    },
    "2016-09-30": {
        "Diluted EPS": 0.58,
        "Total Revenue": 166,
        "Gross Profit": 51,
        "Operating Income": 39,
        "EBIT": 45,
        "Net Income": 16
    },
    "2016-06-30": {
        "Diluted EPS": 0.2,
        "Total Revenue": 137,
        "Gross Profit": 32,
        "Operating Income": 18,
        "EBIT": 24,
        "Net Income": 6
    },
    "2016-03-31": {
        "Diluted EPS": -0.08,
        "Total Revenue": 94,
        "Gross Profit": 18,
        "Operating Income": 6,
        "EBIT": 12,
        "Net Income": -1
    },
    "2015-12-31": {
        "Diluted EPS": 0.27,
        "Total Revenue": 113,
        "Gross Profit": 29,
        "Operating Income": 14,
        "EBIT": 19,
        "Net Income": 3
    },
    "2015-09-30": {
        "Diluted EPS": 0.6,
        "Total Revenue": 130,
        "Gross Profit": 40,
        "Operating Income": 37,
        "EBIT": 42,
        "Net Income": 16
    },
    "2015-06-30": {
        "Diluted EPS": -0.5,
        "Total Revenue": 118,
        "Gross Profit": 35,
        "Operating Income": 23,
        "EBIT": 27,
        "Net Income": -9
    },
    "2015-03-31": {
        "Diluted EPS": 0.0,
        "Total Revenue": 81,
        "Gross Profit": 20,
        "Operating Income": 11,
        "EBIT": 15,
        "Net Income": 0
    },
    "2014-12-31": {
        "Diluted EPS": -2.11,
        "Total Revenue": 94,
        "Gross Profit": 32,
        "Operating Income": 20,
        "EBIT": 24,
        "Net Income": 5
    },
    "2014-09-30": {
        "Diluted EPS": 0.0,
        "Total Revenue": 95,
        "Gross Profit": 33,
        "Operating Income": -15,
        "EBIT": -10,
        "Net Income": -34
    },
    "2014-06-30": {
        "Diluted EPS": 0.7,
        "Total Revenue": 106,
        "Gross Profit": 35,
        "Operating Income": 24,
        "EBIT": 29,
        "Net Income": 12
    },
    "2014-03-31": {
        "Diluted EPS": 0.0,
        "Total Revenue": 79,
        "Gross Profit": 21,
        "Operating Income": 12,
        "EBIT": 16,
        "Net Income": -1
    },
    "2013-12-31": {
        "Diluted EPS": 0.0,
        "Total Revenue": NaN,
        "Gross Profit": NaN,
        "Operating Income": NaN,
        "EBIT": NaN,
        "Net Income": NaN
    },
    "2013-09-30": {
        "Diluted EPS": 0.0,
        "Total Revenue": 67,
        "Gross Profit": 21,
        "Operating Income": 12,
        "EBIT": 16,
        "Net Income": 4
    },
    "2013-06-30": {
        "Diluted EPS": 0.0,
        "Total Revenue": 72,
        "Gross Profit": 23,
        "Operating Income": 15,
        "EBIT": 15,
        "Net Income": 7
    },
    "2012-12-31": {
        "Diluted EPS": 0.0,
        "Total Revenue": NaN,
        "Gross Profit": NaN,
        "Operating Income": NaN,
        "EBIT": NaN,
        "Net Income": NaN
    },
    "2023-06-30": {
        "Tax Effect Of Unusual Items": NaN,
        "Tax Rate For Calcs": NaN,
        "Normalized EBITDA": NaN,
        "Total Unusual Items": NaN,
        "Total Unusual Items Excluding Goodwill": NaN,
        "Net Income From Continuing Operation Net Minority Interest": NaN,
        "Reconciled Depreciation": NaN,
        "Reconciled Cost Of Revenue": NaN,
        "EBITDA": NaN,
        "EBIT": NaN,
        "Net Interest Income": NaN,
        "Interest Expense": NaN,
        "Interest Income": NaN,
        "Normalized Income": NaN,
        "Net Income From Continuing And Discontinued Operation": NaN,
        "Total Expenses": NaN,
        "Total Operating Income As Reported": NaN,
        "Diluted Average Shares": 17221000.0,
        "Basic Average Shares": 17221000.0,
        "Diluted EPS": -0.19,
        "Basic EPS": -0.19,
        "Diluted NI Availto Com Stockholders": NaN,
        "Net Income Common Stockholders": NaN,
        "Net Income": NaN,
        "Minority Interests": NaN,
        "Net Income Including Noncontrolling Interests": NaN,
        "Net Income Continuous Operations": NaN,
        "Tax Provision": NaN,
        "Pretax Income": NaN,
        "Other Income Expense": NaN,
        "Other Non Operating Income Expenses": NaN,
        "Special Income Charges": NaN,
        "Gain On Sale Of Ppe": NaN,
        "Other Special Charges": -44000.0,
        "Impairment Of Capital Assets": NaN,
        "Restructuring And Mergern Acquisition": NaN,
        "Net Non Operating Interest Income Expense": NaN,
        "Total Other Finance Cost": NaN,
        "Interest Expense Non Operating": NaN,
        "Interest Income Non Operating": NaN,
        "Operating Income": NaN,
        "Operating Expense": NaN,
        "Other Operating Expenses": NaN,
        "Depreciation Amortization Depletion Income Statement": NaN,
        "Depreciation And Amortization In Income Statement": NaN,
        "Selling General And Administration": NaN,
        "General And Administrative Expense": NaN,
        "Salaries And Wages": NaN,
        "Gross Profit": NaN,
        "Cost Of Revenue": NaN,
        "Total Revenue": NaN,
        "Operating Revenue": NaN
    },
    "2023-09-30": {
        "Tax Effect Of Unusual Items": NaN,
        "Tax Rate For Calcs": NaN,
        "Normalized EBITDA": NaN,
        "Total Unusual Items": NaN,
        "Total Unusual Items Excluding Goodwill": NaN,
        "Net Income From Continuing Operation Net Minority Interest": NaN,
        "Reconciled Depreciation": NaN,
        "Reconciled Cost Of Revenue": NaN,
        "EBITDA": NaN,
        "EBIT": NaN,
        "Net Interest Income": NaN,
        "Interest Expense": NaN,
        "Interest Income": NaN,
        "Normalized Income": NaN,
        "Net Income From Continuing And Discontinued Operation": NaN,
        "Total Expenses": NaN,
        "Total Operating Income As Reported": NaN,
        "Diluted Average Shares": NaN,
        "Basic Average Shares": NaN,
        "Diluted EPS": NaN,
        "Basic EPS": NaN,
        "Diluted NI Availto Com Stockholders": NaN,
        "Net Income Common Stockholders": NaN,
        "Net Income": NaN,
        "Minority Interests": NaN,
        "Net Income Including Noncontrolling Interests": NaN,
        "Net Income Continuous Operations": NaN,
        "Tax Provision": NaN,
        "Pretax Income": NaN,
        "Other Income Expense": NaN,
        "Other Non Operating Income Expenses": NaN,
        "Special Income Charges": NaN,
        "Gain On Sale Of Ppe": NaN,
        "Other Special Charges": -430000.0,
        "Impairment Of Capital Assets": NaN,
        "Restructuring And Mergern Acquisition": NaN,
        "Net Non Operating Interest Income Expense": NaN,
        "Total Other Finance Cost": NaN,
        "Interest Expense Non Operating": NaN,
        "Interest Income Non Operating": NaN,
        "Operating Income": NaN,
        "Operating Expense": NaN,
        "Other Operating Expenses": NaN,
        "Depreciation Amortization Depletion Income Statement": NaN,
        "Depreciation And Amortization In Income Statement": NaN,
        "Selling General And Administration": NaN,
        "General And Administrative Expense": NaN,
        "Salaries And Wages": NaN,
        "Gross Profit": NaN,
        "Cost Of Revenue": NaN,
        "Total Revenue": NaN,
        "Operating Revenue": NaN
    },
    "2023-12-31": {
        "Tax Effect Of Unusual Items": -5493390.0,
        "Tax Rate For Calcs": 0.21,
        "Normalized EBITDA": 23685000.0,
        "Total Unusual Items": NaN,
        "Total Unusual Items Excluding Goodwill": -26159000.0,
        "Net Income From Continuing Operation Net Minority Interest": -2341000.0,
        "Reconciled Depreciation": 5926000.0,
        "Reconciled Cost Of Revenue": 82674000.0,
        "EBITDA": -2474000.0,
        "EBIT": -8400000.0,
        "Net Interest Income": -9034000.0,
        "Interest Expense": 9000000.0,
        "Interest Income": 485000.0,
        "Normalized Income": 18324610.0,
        "Net Income From Continuing And Discontinued Operation": -2341000.0,
        "Total Expenses": 96517000.0,
        "Total Operating Income As Reported": -7890000.0,
        "Diluted Average Shares": NaN,
        "Basic Average Shares": NaN,
        "Diluted EPS": NaN,
        "Basic EPS": NaN,
        "Diluted NI Availto Com Stockholders": -2341000.0,
        "Net Income Common Stockholders": -2341000.0,
        "Net Income": -2341000.0,
        "Minority Interests": -463000.0,
        "Net Income Including Noncontrolling Interests": -1878000.0,
        "Net Income Continuous Operations": -1878000.0,
        "Tax Provision": -15522000.0,
        "Pretax Income": -17400000.0,
        "Other Income Expense": -26635000.0,
        "Other Non Operating Income Expenses": -476000.0,
        "Special Income Charges": NaN,
        "Gain On Sale Of Ppe": -873000.0,
        "Other Special Charges": 0.0,
        "Impairment Of Capital Assets": 24881000.0,
        "Restructuring And Mergern Acquisition": 405000.0,
        "Net Non Operating Interest Income Expense": -9034000.0,
        "Total Other Finance Cost": 519000.0,
        "Interest Expense Non Operating": 9000000.0,
        "Interest Income Non Operating": 485000.0,
        "Operating Income": 18269000.0,
        "Operating Expense": 12621000.0,
        "Other Operating Expenses": 6112000.0,
        "Depreciation Amortization Depletion Income Statement": 4704000.0,
        "Depreciation And Amortization In Income Statement": 4704000.0,
        "Selling General And Administration": 1805000.0,
        "General And Administrative Expense": 1805000.0,
        "Salaries And Wages": 1805000.0,
        "Gross Profit": 30890000.0,
        "Cost Of Revenue": 83896000.0,
        "Total Revenue": 114786000.0,
        "Operating Revenue": 114786000.0
    },
    "2024-03-31": {
        "Tax Effect Of Unusual Items": -361779.545455,
        "Tax Rate For Calcs": 0.117614,
        "Normalized EBITDA": 20000000.0,
        "Total Unusual Items": -3076000.0,
        "Total Unusual Items Excluding Goodwill": -3076000.0,
        "Net Income From Continuing Operation Net Minority Interest": 1136000.0,
        "Reconciled Depreciation": 6157000.0,
        "Reconciled Cost Of Revenue": 75673000.0,
        "EBITDA": 16924000.0,
        "EBIT": 10767000.0,
        "Net Interest Income": -9031000.0,
        "Interest Expense": 9007000.0,
        "Interest Income": 424000.0,
        "Normalized Income": 3850220.454545,
        "Net Income From Continuing And Discontinued Operation": 1136000.0,
        "Total Expenses": 89917000.0,
        "Total Operating Income As Reported": 6640000.0,
        "Diluted Average Shares": 18762000.0,
        "Basic Average Shares": 16562000.0,
        "Diluted EPS": 0.06,
        "Basic EPS": 0.07,
        "Diluted NI Availto Com Stockholders": 1136000.0,
        "Net Income Common Stockholders": 1136000.0,
        "Net Income": 1136000.0,
        "Minority Interests": -417000.0,
        "Net Income Including Noncontrolling Interests": 1553000.0,
        "Net Income Continuous Operations": 1553000.0,
        "Tax Provision": 207000.0,
        "Pretax Income": 1760000.0,
        "Other Income Expense": 1075000.0,
        "Other Non Operating Income Expenses": 4151000.0,
        "Special Income Charges": -3076000.0,
        "Gain On Sale Of Ppe": -14000.0,
        "Other Special Charges": NaN,
        "Impairment Of Capital Assets": 1618000.0,
        "Restructuring And Mergern Acquisition": 1444000.0,
        "Net Non Operating Interest Income Expense": -9031000.0,
        "Total Other Finance Cost": 448000.0,
        "Interest Expense Non Operating": 9007000.0,
        "Interest Income Non Operating": 424000.0,
        "Operating Income": 9716000.0,
        "Operating Expense": 13022000.0,
        "Other Operating Expenses": 5217000.0,
        "Depreciation Amortization Depletion Income Statement": 4935000.0,
        "Depreciation And Amortization In Income Statement": 4935000.0,
        "Selling General And Administration": 2870000.0,
        "General And Administrative Expense": 2870000.0,
        "Salaries And Wages": 2870000.0,
        "Gross Profit": 22738000.0,
        "Cost Of Revenue": 76895000.0,
        "Total Revenue": 99633000.0,
        "Operating Revenue": 99633000.0
    },
    "2024-06-30": {
        "Tax Effect Of Unusual Items": -7194390.0,
        "Tax Rate For Calcs": 0.21,
        "Normalized EBITDA": 19335000.0,
        "Total Unusual Items": -34259000.0,
        "Total Unusual Items Excluding Goodwill": -34259000.0,
        "Net Income From Continuing Operation Net Minority Interest": -49244000.0,
        "Reconciled Depreciation": 6237000.0,
        "Reconciled Cost Of Revenue": 84289000.0,
        "EBITDA": -14924000.0,
        "EBIT": -21161000.0,
        "Net Interest Income": -9212000.0,
        "Interest Expense": 8872000.0,
        "Interest Income": 203000.0,
        "Normalized Income": -22179390.0,
        "Net Income From Continuing And Discontinued Operation": -49244000.0,
        "Total Expenses": 105333000.0,
        "Total Operating Income As Reported": -21370000.0,
        "Diluted Average Shares": 15097000.0,
        "Basic Average Shares": 15097000.0,
        "Diluted EPS": -3.26,
        "Basic EPS": -3.26,
        "Diluted NI Availto Com Stockholders": -49244000.0,
        "Net Income Common Stockholders": -49244000.0,
        "Net Income": -49244000.0,
        "Minority Interests": -386000.0,
        "Net Income Including Noncontrolling Interests": -48858000.0,
        "Net Income Continuous Operations": -48858000.0,
        "Tax Provision": 18825000.0,
        "Pretax Income": -30033000.0,
        "Other Income Expense": -33713000.0,
        "Other Non Operating Income Expenses": 546000.0,
        "Special Income Charges": -34259000.0,
        "Gain On Sale Of Ppe": -30000.0,
        "Other Special Charges": -3000.0,
        "Impairment Of Capital Assets": 32638000.0,
        "Restructuring And Mergern Acquisition": 1594000.0,
        "Net Non Operating Interest Income Expense": -9212000.0,
        "Total Other Finance Cost": 543000.0,
        "Interest Expense Non Operating": 8872000.0,
        "Interest Income Non Operating": 203000.0,
        "Operating Income": 12892000.0,
        "Operating Expense": 19821000.0,
        "Other Operating Expenses": 6482000.0,
        "Depreciation Amortization Depletion Income Statement": 5014000.0,
        "Depreciation And Amortization In Income Statement": 5014000.0,
        "Selling General And Administration": 8325000.0,
        "General And Administrative Expense": 8325000.0,
        "Salaries And Wages": 8325000.0,
        "Gross Profit": 32713000.0,
        "Cost Of Revenue": 85512000.0,
        "Total Revenue": 118225000.0,
        "Operating Revenue": 118225000.0
    },
    "2024-09-30": {
        "Tax Effect Of Unusual Items": -532350.0,
        "Tax Rate For Calcs": 0.21,
        "Normalized EBITDA": 23521000.0,
        "Total Unusual Items": -2535000.0,
        "Total Unusual Items Excluding Goodwill": -2535000.0,
        "Net Income From Continuing Operation Net Minority Interest": 10847000.0,
        "Reconciled Depreciation": 6169000.0,
        "Reconciled Cost Of Revenue": 82572000.0,
        "EBITDA": 20986000.0,
        "EBIT": 14817000.0,
        "Net Interest Income": -9175000.0,
        "Interest Expense": 8610000.0,
        "Interest Income": 21000.0,
        "Normalized Income": 12849650.0,
        "Net Income From Continuing And Discontinued Operation": 10847000.0,
        "Total Expenses": 97671000.0,
        "Total Operating Income As Reported": 15097000.0,
        "Diluted Average Shares": 17227000.0,
        "Basic Average Shares": 15296000.0,
        "Diluted EPS": 0.63,
        "Basic EPS": 0.71,
        "Diluted NI Availto Com Stockholders": 10847000.0,
        "Net Income Common Stockholders": 10847000.0,
        "Net Income": 10847000.0,
        "Minority Interests": -489000.0,
        "Net Income Including Noncontrolling Interests": 11336000.0,
        "Net Income Continuous Operations": 11336000.0,
        "Tax Provision": -5129000.0,
        "Pretax Income": 6207000.0,
        "Other Income Expense": -2258000.0,
        "Other Non Operating Income Expenses": 277000.0,
        "Special Income Charges": -2535000.0,
        "Gain On Sale Of Ppe": 110000.0,
        "Other Special Charges": -8000.0,
        "Impairment Of Capital Assets": 2008000.0,
        "Restructuring And Mergern Acquisition": 645000.0,
        "Net Non Operating Interest Income Expense": -9175000.0,
        "Total Other Finance Cost": 586000.0,
        "Interest Expense Non Operating": 8610000.0,
        "Interest Income Non Operating": 21000.0,
        "Operating Income": 17640000.0,
        "Operating Expense": 13877000.0,
        "Other Operating Expenses": 6063000.0,
        "Depreciation Amortization Depletion Income Statement": 4947000.0,
        "Depreciation And Amortization In Income Statement": 4947000.0,
        "Selling General And Administration": 2867000.0,
        "General And Administrative Expense": 2867000.0,
        "Salaries And Wages": 2867000.0,
        "Gross Profit": 31517000.0,
        "Cost Of Revenue": 83794000.0,
        "Total Revenue": 115311000.0,
        "Operating Revenue": 115311000.0
    },
    "2025-03-31": {
        "Tax Effect Of Unusual Items": -809130.0,
        "Tax Rate For Calcs": 0.21,
        "Normalized EBITDA": 13566000.0,
        "Total Unusual Items": -3853000.0,
        "Total Unusual Items Excluding Goodwill": -3853000.0,
        "Net Income From Continuing Operation Net Minority Interest": -1982000.0,
        "Reconciled Depreciation": 4785000.0,
        "Reconciled Cost Of Revenue": 75446000.0,
        "EBITDA": 9713000.0,
        "EBIT": 4928000.0,
        "Net Interest Income": -10239000.0,
        "Interest Expense": 9477000.0,
        "Interest Income": 0.0,
        "Normalized Income": 1061870.0,
        "Net Income From Continuing And Discontinued Operation": -1982000.0,
        "Total Expenses": 89141000.0,
        "Total Operating Income As Reported": 7133000.0,
        "Diluted Average Shares": 15887000.0,
        "Basic Average Shares": 15887000.0,
        "Diluted EPS": -0.12,
        "Basic EPS": -0.12,
        "Diluted NI Availto Com Stockholders": -1982000.0,
        "Net Income Common Stockholders": -1982000.0,
        "Net Income": -1982000.0,
        "Minority Interests": -471000.0,
        "Net Income Including Noncontrolling Interests": -1511000.0,
        "Net Income Continuous Operations": -1511000.0,
        "Tax Provision": -3038000.0,
        "Pretax Income": -4549000.0,
        "Other Income Expense": -3844000.0,
        "Other Non Operating Income Expenses": 9000.0,
        "Special Income Charges": -3853000.0,
        "Gain On Sale Of Ppe": 37000.0,
        "Other Special Charges": 1452000.0,
        "Impairment Of Capital Assets": 0.0,
        "Restructuring And Mergern Acquisition": 2438000.0,
        "Net Non Operating Interest Income Expense": -10239000.0,
        "Total Other Finance Cost": 762000.0,
        "Interest Expense Non Operating": 9477000.0,
        "Interest Income Non Operating": 0.0,
        "Operating Income": 9534000.0,
        "Operating Expense": 13325000.0,
        "Other Operating Expenses": 4722000.0,
        "Depreciation Amortization Depletion Income Statement": 4415000.0,
        "Depreciation And Amortization In Income Statement": 4415000.0,
        "Selling General And Administration": 4188000.0,
        "General And Administrative Expense": 4188000.0,
        "Salaries And Wages": 4188000.0,
        "Gross Profit": 22859000.0,
        "Cost Of Revenue": 75816000.0,
        "Total Revenue": 98675000.0,
        "Operating Revenue": 98675000.0
    },
    "2024-12-31": {
        "Tax Effect Of Unusual Items": NaN,
        "Tax Rate For Calcs": NaN,
        "Normalized EBITDA": NaN,
        "Total Unusual Items": -2030000.0,
        "Total Unusual Items Excluding Goodwill": NaN,
        "Net Income From Continuing Operation Net Minority Interest": NaN,
        "Reconciled Depreciation": NaN,
        "Reconciled Cost Of Revenue": NaN,
        "EBITDA": NaN,
        "EBIT": NaN,
        "Net Interest Income": NaN,
        "Interest Expense": NaN,
        "Interest Income": NaN,
        "Normalized Income": NaN,
        "Net Income From Continuing And Discontinued Operation": NaN,
        "Total Expenses": NaN,
        "Total Operating Income As Reported": NaN,
        "Diluted Average Shares": 17327000.0,
        "Basic Average Shares": 15456000.0,
        "Diluted EPS": 1.42,
        "Basic EPS": 1.59,
        "Diluted NI Availto Com Stockholders": NaN,
        "Net Income Common Stockholders": NaN,
        "Net Income": NaN,
        "Minority Interests": NaN,
        "Net Income Including Noncontrolling Interests": NaN,
        "Net Income Continuous Operations": NaN,
        "Tax Provision": NaN,
        "Pretax Income": NaN,
        "Other Income Expense": NaN,
        "Other Non Operating Income Expenses": NaN,
        "Special Income Charges": -2030000.0,
        "Gain On Sale Of Ppe": NaN,
        "Other Special Charges": NaN,
        "Impairment Of Capital Assets": NaN,
        "Restructuring And Mergern Acquisition": NaN,
        "Net Non Operating Interest Income Expense": NaN,
        "Total Other Finance Cost": NaN,
        "Interest Expense Non Operating": NaN,
        "Interest Income Non Operating": NaN,
        "Operating Income": NaN,
        "Operating Expense": NaN,
        "Other Operating Expenses": NaN,
        "Depreciation Amortization Depletion Income Statement": NaN,
        "Depreciation And Amortization In Income Statement": NaN,
        "Selling General And Administration": NaN,
        "General And Administrative Expense": NaN,
        "Salaries And Wages": NaN,
        "Gross Profit": NaN,
        "Cost Of Revenue": NaN,
        "Total Revenue": NaN,
        "Operating Revenue": NaN
    }
}