{
    "2023-04-30": {
        "Tax Effect Of Unusual Items": 0.0,
        "Tax Rate For Calcs": 0.206,
        "Normalized EBITDA": 253400000.0,
        "Total Unusual Items": NaN,
        "Total Unusual Items Excluding Goodwill": NaN,
        "Net Income From Continuing Operation Net Minority Interest": 167500000.0,
        "Reconciled Depreciation": 27900000.0,
        "Reconciled Cost Of Revenue": 859600000.0,
        "EBITDA": 253400000.0,
        "EBIT": 225500000.0,
        "Net Interest Income": -14700000.0,
        "Interest Expense": 14700000.0,
        "Normalized Income": 167500000.0,
        "Net Income From Continuing And Discontinued Operation": 167500000.0,
        "Total Expenses": 1120500000.0,
        "Total Operating Income As Reported": 218800000.0,
        "Diluted Average Shares": 105600000.0,
        "Basic Average Shares": 104700000.0,
        "Diluted EPS": 1.59,
        "Basic EPS": 1.6,
        "Diluted NI Availto Com Stockholders": 167500000.0,
        "Net Income Common Stockholders": 167500000.0,
        "Net Income": 167500000.0,
        "Net Income Including Noncontrolling Interests": 167500000.0,
        "Net Income Continuous Operations": 167500000.0,
        "Tax Provision": 43300000.0,
        "Pretax Income": 210800000.0,
        "Other Income Expense": 6700000.0,
        "Other Non Operating Income Expenses": 6700000.0,
        "Special Income Charges": NaN,
        "Write Off": NaN,
        "Net Non Operating Interest Income Expense": -14700000.0,
        "Interest Expense Non Operating": 14700000.0,
        "Operating Income": 218800000.0,
        "Operating Expense": 260900000.0,
        "Selling General And Administration": 260900000.0,
        "Gross Profit": 479700000.0,
        "Cost Of Revenue": 859600000.0,
        "Total Revenue": 1339300000.0,
        "Operating Revenue": 1339300000.0
    },
    "2023-01-31": {
        "Tax Effect Of Unusual Items": 0.0,
        "Tax Rate For Calcs": 0.186,
        "Normalized EBITDA": 173700000.0,
        "Total Unusual Items": NaN,
        "Total Unusual Items Excluding Goodwill": NaN,
        "Net Income From Continuing Operation Net Minority Interest": 106900000.0,
        "Reconciled Depreciation": 28300000.0,
        "Reconciled Cost Of Revenue": 752900000.0,
        "EBITDA": 173700000.0,
        "EBIT": 145400000.0,
        "Net Interest Income": -14100000.0,
        "Interest Expense": 14100000.0,
        "Normalized Income": 106900000.0,
        "Net Income From Continuing And Discontinued Operation": 106900000.0,
        "Total Expenses": 1012400000.0,
        "Total Operating Income As Reported": 136400000.0,
        "Diluted Average Shares": 105600000.0,
        "Basic Average Shares": 104500000.0,
        "Diluted EPS": 1.01,
        "Basic EPS": 1.02,
        "Diluted NI Availto Com Stockholders": 106900000.0,
        "Net Income Common Stockholders": 106900000.0,
        "Net Income": 106900000.0,
        "Net Income Including Noncontrolling Interests": 106900000.0,
        "Net Income Continuous Operations": 106900000.0,
        "Tax Provision": 24400000.0,
        "Pretax Income": 131300000.0,
        "Other Income Expense": 9000000.0,
        "Other Non Operating Income Expenses": 9000000.0,
        "Special Income Charges": NaN,
        "Write Off": NaN,
        "Net Non Operating Interest Income Expense": -14100000.0,
        "Interest Expense Non Operating": 14100000.0,
        "Operating Income": 136400000.0,
        "Operating Expense": 259500000.0,
        "Selling General And Administration": 259500000.0,
        "Gross Profit": 395900000.0,
        "Cost Of Revenue": 752900000.0,
        "Total Revenue": 1148800000.0,
        "Operating Revenue": 1148800000.0
    },
    "2022-10-31": {
        "Tax Effect Of Unusual Items": 0.0,
        "Tax Rate For Calcs": 0.179369,
        "Normalized EBITDA": 184551000.0,
        "Total Unusual Items": NaN,
        "Total Unusual Items Excluding Goodwill": NaN,
        "Net Income From Continuing Operation Net Minority Interest": 117557000.0,
        "Reconciled Depreciation": 29780000.0,
        "Reconciled Cost Of Revenue": 773139000.0,
        "EBITDA": 184551000.0,
        "EBIT": 154771000.0,
        "Net Interest Income": -11519000.0,
        "Interest Expense": 11519000.0,
        "Normalized Income": 117557000.0,
        "Net Income From Continuing And Discontinued Operation": 117557000.0,
        "Total Expenses": 1021572000.0,
        "Total Operating Income As Reported": 150412000.0,
        "Diluted Average Shares": 105325000.0,
        "Basic Average Shares": 104488000.0,
        "Diluted EPS": 1.12,
        "Basic EPS": 1.13,
        "Diluted NI Availto Com Stockholders": 117557000.0,
        "Net Income Common Stockholders": 117557000.0,
        "Net Income": 117557000.0,
        "Net Income Including Noncontrolling Interests": 117557000.0,
        "Net Income Continuous Operations": 117557000.0,
        "Tax Provision": 25695000.0,
        "Pretax Income": 143252000.0,
        "Other Income Expense": 4359000.0,
        "Other Non Operating Income Expenses": 4359000.0,
        "Special Income Charges": NaN,
        "Write Off": NaN,
        "Net Non Operating Interest Income Expense": -11519000.0,
        "Interest Expense Non Operating": 11519000.0,
        "Operating Income": 150412000.0,
        "Operating Expense": 248433000.0,
        "Selling General And Administration": 248433000.0,
        "Gross Profit": 398845000.0,
        "Cost Of Revenue": 773139000.0,
        "Total Revenue": 1171984000.0,
        "Operating Revenue": 1171984000.0
    },
    "2022-07-31": {
        "Tax Effect Of Unusual Items": 0.0,
        "Tax Rate For Calcs": 0.203,
        "Normalized EBITDA": 192352000.0,
        "Total Unusual Items": NaN,
        "Total Unusual Items Excluding Goodwill": NaN,
        "Net Income From Continuing Operation Net Minority Interest": 125150000.0,
        "Reconciled Depreciation": 26079000.0,
        "Reconciled Cost Of Revenue": 760644000.0,
        "EBITDA": 192352000.0,
        "EBIT": 166273000.0,
        "Net Interest Income": -9182000.0,
        "Interest Expense": 9182000.0,
        "Normalized Income": 125150000.0,
        "Net Income From Continuing And Discontinued Operation": 125150000.0,
        "Total Expenses": 997502000.0,
        "Total Operating Income As Reported": 163048000.0,
        "Diluted Average Shares": 105448000.0,
        "Basic Average Shares": 104827000.0,
        "Diluted EPS": 1.19,
        "Basic EPS": 1.19,
        "Diluted NI Availto Com Stockholders": 125150000.0,
        "Net Income Common Stockholders": 125150000.0,
        "Net Income": 125150000.0,
        "Net Income Including Noncontrolling Interests": 125150000.0,
        "Net Income Continuous Operations": 125150000.0,
        "Tax Provision": 31941000.0,
        "Pretax Income": 157091000.0,
        "Other Income Expense": 3225000.0,
        "Other Non Operating Income Expenses": 3225000.0,
        "Special Income Charges": NaN,
        "Write Off": NaN,
        "Net Non Operating Interest Income Expense": -9182000.0,
        "Interest Expense Non Operating": 9182000.0,
        "Operating Income": 163048000.0,
        "Operating Expense": 236858000.0,
        "Selling General And Administration": 236858000.0,
        "General And Administrative Expense": NaN,
        "Other Gand A": NaN,
        "Gross Profit": 399906000.0,
        "Cost Of Revenue": 760644000.0,
        "Total Revenue": 1160550000.0,
        "Operating Revenue": 1160550000.0
    },
    "2022-04-30": {
        "Diluted EPS": 1.24,
        "Total Revenue": NaN,
        "Gross Profit": 405,
        "Operating Income": 171,
        "EBIT": 199,
        "Net Income": 131
    },
    "2022-01-31": {
        "Diluted EPS": 0.66,
        "Total Revenue": 933,
        "Gross Profit": 300,
        "Operating Income": 92,
        "EBIT": 117,
        "Net Income": 70
    },
    "2021-10-31": {
        "Diluted EPS": 0.56,
        "Total Revenue": 961,
        "Gross Profit": 289,
        "Operating Income": 74,
        "EBIT": 101,
        "Net Income": 60
    },
    "2021-07-31": {
        "Diluted EPS": 0.89,
        "Total Revenue": 977,
        "Gross Profit": 331,
        "Operating Income": 122,
        "EBIT": 146,
        "Net Income": 96
    },
    "2021-04-30": {
        "Diluted EPS": 1.31,
        "Total Revenue": NaN,
        "Gross Profit": 403,
        "Operating Income": 181,
        "EBIT": 206,
        "Net Income": 142
    },
    "2021-01-31": {
        "Diluted EPS": 1.02,
        "Total Revenue": 873,
        "Gross Profit": 315,
        "Operating Income": 141,
        "EBIT": 166,
        "Net Income": 111
    },
    "2020-10-31": {
        "Diluted EPS": 0.65,
        "Total Revenue": 841,
        "Gross Profit": 300,
        "Operating Income": 93,
        "EBIT": 119,
        "Net Income": 72
    },
    "2020-07-31": {
        "Diluted EPS": 0.82,
        "Total Revenue": 841,
        "Gross Profit": 295,
        "Operating Income": 116,
        "EBIT": 140,
        "Net Income": 89
    },
    "2020-04-30": {
        "Diluted EPS": 0.91,
        "Total Revenue": 929,
        "Gross Profit": 307,
        "Operating Income": 126,
        "EBIT": 149,
        "Net Income": 98
    },
    "2020-01-31": {
        "Diluted EPS": 0.65,
        "Total Revenue": 767,
        "Gross Profit": 288,
        "Operating Income": 91,
        "EBIT": 114,
        "Net Income": 70
    },
    "2019-10-31": {
        "Diluted EPS": 0.35,
        "Total Revenue": 734,
        "Gross Profit": 245,
        "Operating Income": 43,
        "EBIT": 69,
        "Net Income": 38
    },
    "2019-07-31": {
        "Diluted EPS": 0.56,
        "Total Revenue": 839,
        "Gross Profit": 266,
        "Operating Income": 74,
        "EBIT": 101,
        "Net Income": 61
    },
    "2019-04-30": {
        "Diluted EPS": 1.07,
        "Total Revenue": 962,
        "Gross Profit": 321,
        "Operating Income": 138,
        "EBIT": 157,
        "Net Income": 116
    },
    "2019-01-31": {
        "Diluted EPS": 0.55,
        "Total Revenue": 603,
        "Gross Profit": 216,
        "Operating Income": 70,
        "EBIT": 86,
        "Net Income": 60
    },
    "2018-10-31": {
        "Diluted EPS": 0.35,
        "Total Revenue": 539,
        "Gross Profit": 179,
        "Operating Income": 43,
        "EBIT": 62,
        "Net Income": 39
    },
    "2018-07-31": {
        "Diluted EPS": 0.73,
        "Total Revenue": 656,
        "Gross Profit": 234,
        "Operating Income": 93,
        "EBIT": 105,
        "Net Income": 79
    },
    "2018-04-30": {
        "Diluted EPS": 1.21,
        "Total Revenue": 875,
        "Gross Profit": 324,
        "Operating Income": 170,
        "EBIT": 185,
        "Net Income": 131
    },
    "2018-01-31": {
        "Diluted EPS": 0.21,
        "Total Revenue": 548,
        "Gross Profit": 204,
        "Operating Income": 67,
        "EBIT": 82,
        "Net Income": 23
    },
    "2017-10-31": {
        "Diluted EPS": 0.31,
        "Total Revenue": 489,
        "Gross Profit": 184,
        "Operating Income": 47,
        "EBIT": 65,
        "Net Income": 34
    },
    "2017-07-31": {
        "Diluted EPS": 0.61,
        "Total Revenue": 628,
        "Gross Profit": 227,
        "Operating Income": 88,
        "EBIT": 101,
        "Net Income": 68
    },
    "2017-04-30": {
        "Diluted EPS": 1.08,
        "Total Revenue": 873,
        "Gross Profit": 316,
        "Operating Income": 159,
        "EBIT": 177,
        "Net Income": 120
    },
    "2017-01-31": {
        "Diluted EPS": 0.41,
        "Total Revenue": 516,
        "Gross Profit": 193,
        "Operating Income": 61,
        "EBIT": 77,
        "Net Income": 45
    },
    "2016-10-31": {
        "Diluted EPS": 0.27,
        "Total Revenue": 468,
        "Gross Profit": 172,
        "Operating Income": 44,
        "EBIT": 61,
        "Net Income": 30
    },
    "2016-07-31": {
        "Diluted EPS": 0.5,
        "Total Revenue": 601,
        "Gross Profit": 217,
        "Operating Income": 82,
        "EBIT": 97,
        "Net Income": 56
    },
    "2016-04-30": {
        "Diluted EPS": 0.94,
        "Total Revenue": 836,
        "Gross Profit": 303,
        "Operating Income": 155,
        "EBIT": 171,
        "Net Income": 106
    },
    "2016-01-31": {
        "Diluted EPS": 0.35,
        "Total Revenue": 486,
        "Gross Profit": 183,
        "Operating Income": 54,
        "EBIT": 70,
        "Net Income": 39
    },
    "2015-10-31": {
        "Diluted EPS": 0.22,
        "Total Revenue": 481,
        "Gross Profit": 169,
        "Operating Income": 37,
        "EBIT": 54,
        "Net Income": 24
    },
    "2015-07-31": {
        "Diluted EPS": 0.47,
        "Total Revenue": 610,
        "Gross Profit": 216,
        "Operating Income": 79,
        "EBIT": 95,
        "Net Income": 53
    },
    "2015-04-30": {
        "Diluted EPS": 0.82,
        "Total Revenue": 826,
        "Gross Profit": 282,
        "Operating Income": 138,
        "EBIT": 154,
        "Net Income": 94
    },
    "2015-01-31": {
        "Diluted EPS": 0.27,
        "Total Revenue": 474,
        "Gross Profit": 169,
        "Operating Income": 44,
        "EBIT": 59,
        "Net Income": 31
    },
    "2014-10-31": {
        "Diluted EPS": 0.1,
        "Total Revenue": 414,
        "Gross Profit": 143,
        "Operating Income": 20,
        "EBIT": 35,
        "Net Income": 11
    },
    "2014-07-31": {
        "Diluted EPS": 0.44,
        "Total Revenue": 568,
        "Gross Profit": 202,
        "Operating Income": 72,
        "EBIT": 84,
        "Net Income": 50
    },
    "2014-04-30": {
        "Diluted EPS": 0.76,
        "Total Revenue": 745,
        "Gross Profit": 265,
        "Operating Income": 131,
        "EBIT": 144,
        "Net Income": 87
    },
    "2014-01-31": {
        "Diluted EPS": 0.22,
        "Total Revenue": 446,
        "Gross Profit": 164,
        "Operating Income": 41,
        "EBIT": 54,
        "Net Income": 26
    },
    "2013-10-31": {
        "Diluted EPS": 0.05,
        "Total Revenue": 382,
        "Gross Profit": 129,
        "Operating Income": 8,
        "EBIT": 23,
        "Net Income": 5
    },
    "2013-07-31": {
        "Diluted EPS": 0.34,
        "Total Revenue": 510,
        "Gross Profit": 178,
        "Operating Income": 59,
        "EBIT": 71,
        "Net Income": 40
    },
    "2013-04-30": {
        "Diluted EPS": 0.66,
        "Total Revenue": 704,
        "Gross Profit": 252,
        "Operating Income": 117,
        "EBIT": 131,
        "Net Income": 78
    },
    "2013-01-31": {
        "Diluted EPS": 0.27,
        "Total Revenue": 445,
        "Gross Profit": 166,
        "Operating Income": 46,
        "EBIT": 60,
        "Net Income": 31
    },
    "2012-10-31": {
        "Diluted EPS": 0.01,
        "Total Revenue": 339,
        "Gross Profit": 113,
        "Operating Income": 4,
        "EBIT": 20,
        "Net Income": 0
    },
    "2012-07-31": {
        "Diluted EPS": 0.34,
        "Total Revenue": 504,
        "Gross Profit": 178,
        "Operating Income": 61,
        "EBIT": 73,
        "Net Income": 41
    },
    "2012-04-30": {
        "Diluted EPS": 0.57,
        "Total Revenue": 691,
        "Gross Profit": 235,
        "Operating Income": 107,
        "EBIT": 119,
        "Net Income": 69
    },
    "2012-01-31": {
        "Diluted EPS": 0.17,
        "Total Revenue": 424,
        "Gross Profit": 147,
        "Operating Income": 34,
        "EBIT": 47,
        "Net Income": 20
    },
    "2011-10-31": {
        "Diluted EPS": 0.05,
        "Total Revenue": 368,
        "Gross Profit": 119,
        "Operating Income": 9,
        "EBIT": 23,
        "Net Income": 5
    },
    "2011-07-31": {
        "Diluted EPS": 0.28,
        "Total Revenue": 501,
        "Gross Profit": 168,
        "Operating Income": 55,
        "EBIT": 66,
        "Net Income": 35
    },
    "2011-04-30": {
        "Diluted EPS": 0.47,
        "Total Revenue": 632,
        "Gross Profit": 214,
        "Operating Income": 93,
        "EBIT": 105,
        "Net Income": 60
    },
    "2011-01-31": {
        "Diluted EPS": 0.13,
        "Total Revenue": 383,
        "Gross Profit": 137,
        "Operating Income": 27,
        "EBIT": 38,
        "Net Income": 17
    },
    "2010-10-31": {
        "Diluted EPS": 0.03,
        "Total Revenue": 337,
        "Gross Profit": 111,
        "Operating Income": 6,
        "EBIT": 18,
        "Net Income": 3
    },
    "2010-07-31": {
        "Diluted EPS": 0.25,
        "Total Revenue": 459,
        "Gross Profit": 162,
        "Operating Income": 54,
        "EBIT": 64,
        "Net Income": 33
    },
    "2010-04-30": {
        "Diluted EPS": 0.34,
        "Total Revenue": 563,
        "Gross Profit": 187,
        "Operating Income": 72,
        "EBIT": 83,
        "Net Income": 46
    },
    "2010-01-31": {
        "Diluted EPS": 0.08,
        "Total Revenue": 331,
        "Gross Profit": 116,
        "Operating Income": 20,
        "EBIT": 31,
        "Net Income": 11
    },
    "2009-10-31": {
        "Diluted EPS": 0.0,
        "Total Revenue": 289,
        "Gross Profit": 98,
        "Operating Income": 3,
        "EBIT": 18,
        "Net Income": -1
    },
    "2009-07-31": {
        "Diluted EPS": 0.14,
        "Total Revenue": 395,
        "Gross Profit": 134,
        "Operating Income": 40,
        "EBIT": 48,
        "Net Income": 20
    },
    "2009-04-30": {
        "Diluted EPS": 0.25,
        "Total Revenue": 500,
        "Gross Profit": 161,
        "Operating Income": 59,
        "EBIT": 70,
        "Net Income": 37
    },
    "2009-01-31": {
        "Diluted EPS": 0.05,
        "Total Revenue": 340,
        "Gross Profit": 118,
        "Operating Income": 14,
        "EBIT": 24,
        "Net Income": 7
    },
    "2023-07-31": {
        "Tax Effect Of Unusual Items": NaN,
        "Tax Rate For Calcs": NaN,
        "Normalized EBITDA": NaN,
        "Total Unusual Items": -151300000.0,
        "Total Unusual Items Excluding Goodwill": -151300000.0,
        "Net Income From Continuing Operation Net Minority Interest": NaN,
        "Reconciled Depreciation": NaN,
        "Reconciled Cost Of Revenue": NaN,
        "EBITDA": NaN,
        "EBIT": NaN,
        "Net Interest Income": NaN,
        "Interest Expense": NaN,
        "Normalized Income": NaN,
        "Net Income From Continuing And Discontinued Operation": NaN,
        "Total Expenses": NaN,
        "Total Operating Income As Reported": NaN,
        "Diluted Average Shares": NaN,
        "Basic Average Shares": NaN,
        "Diluted EPS": NaN,
        "Basic EPS": NaN,
        "Diluted NI Availto Com Stockholders": NaN,
        "Net Income Common Stockholders": NaN,
        "Net Income": NaN,
        "Net Income Including Noncontrolling Interests": NaN,
        "Net Income Continuous Operations": NaN,
        "Tax Provision": NaN,
        "Pretax Income": NaN,
        "Other Income Expense": NaN,
        "Other Non Operating Income Expenses": NaN,
        "Special Income Charges": -151300000.0,
        "Write Off": 151300000.0,
        "Net Non Operating Interest Income Expense": NaN,
        "Interest Expense Non Operating": NaN,
        "Operating Income": NaN,
        "Operating Expense": NaN,
        "Selling General And Administration": NaN,
        "Gross Profit": NaN,
        "Cost Of Revenue": NaN,
        "Total Revenue": NaN,
        "Operating Revenue": NaN
    },
    "2023-10-31": {
        "Tax Effect Of Unusual Items": NaN,
        "Tax Rate For Calcs": NaN,
        "Normalized EBITDA": NaN,
        "Total Unusual Items": -37000.0,
        "Total Unusual Items Excluding Goodwill": -37000.0,
        "Net Income From Continuing Operation Net Minority Interest": NaN,
        "Reconciled Depreciation": NaN,
        "Reconciled Cost Of Revenue": NaN,
        "EBITDA": NaN,
        "EBIT": NaN,
        "Net Interest Income": NaN,
        "Interest Expense": NaN,
        "Normalized Income": NaN,
        "Net Income From Continuing And Discontinued Operation": NaN,
        "Total Expenses": NaN,
        "Total Operating Income As Reported": NaN,
        "Diluted Average Shares": NaN,
        "Basic Average Shares": NaN,
        "Diluted EPS": NaN,
        "Basic EPS": NaN,
        "Diluted NI Availto Com Stockholders": NaN,
        "Net Income Common Stockholders": NaN,
        "Net Income": NaN,
        "Net Income Including Noncontrolling Interests": NaN,
        "Net Income Continuous Operations": NaN,
        "Tax Provision": NaN,
        "Pretax Income": NaN,
        "Other Income Expense": NaN,
        "Other Non Operating Income Expenses": NaN,
        "Special Income Charges": -37000.0,
        "Write Off": NaN,
        "Net Non Operating Interest Income Expense": NaN,
        "Interest Expense Non Operating": NaN,
        "Operating Income": NaN,
        "Operating Expense": NaN,
        "Selling General And Administration": NaN,
        "Gross Profit": NaN,
        "Cost Of Revenue": NaN,
        "Total Revenue": NaN,
        "Operating Revenue": NaN
    },
    "2024-01-31": {
        "Tax Effect Of Unusual Items": 0.0,
        "Tax Rate For Calcs": 0.19,
        "Normalized EBITDA": 127000000.0,
        "Total Unusual Items": NaN,
        "Total Unusual Items Excluding Goodwill": NaN,
        "Net Income From Continuing Operation Net Minority Interest": 64900000.0,
        "Reconciled Depreciation": 30700000.0,
        "Reconciled Cost Of Revenue": 657400000.0,
        "EBITDA": 127000000.0,
        "EBIT": 96300000.0,
        "Net Interest Income": -16200000.0,
        "Interest Expense": 16200000.0,
        "Normalized Income": 64900000.0,
        "Net Income From Continuing And Discontinued Operation": 64900000.0,
        "Total Expenses": 913300000.0,
        "Total Operating Income As Reported": 88600000.0,
        "Diluted Average Shares": 104700000.0,
        "Basic Average Shares": 104400000.0,
        "Diluted EPS": 0.62,
        "Basic EPS": 0.62,
        "Diluted NI Availto Com Stockholders": 64900000.0,
        "Net Income Common Stockholders": 64900000.0,
        "Net Income": 64900000.0,
        "Net Income Including Noncontrolling Interests": 64900000.0,
        "Net Income Continuous Operations": 64900000.0,
        "Tax Provision": 15200000.0,
        "Pretax Income": 80100000.0,
        "Other Income Expense": 7700000.0,
        "Other Non Operating Income Expenses": 7700000.0,
        "Special Income Charges": NaN,
        "Write Off": NaN,
        "Net Non Operating Interest Income Expense": -16200000.0,
        "Interest Expense Non Operating": 16200000.0,
        "Operating Income": 88600000.0,
        "Operating Expense": 255900000.0,
        "Selling General And Administration": 255900000.0,
        "Gross Profit": 344500000.0,
        "Cost Of Revenue": 657400000.0,
        "Total Revenue": 1001900000.0,
        "Operating Revenue": 1001900000.0
    },
    "2024-04-30": {
        "Tax Effect Of Unusual Items": 0.0,
        "Tax Rate For Calcs": 0.192,
        "Normalized EBITDA": 226100000.0,
        "Total Unusual Items": NaN,
        "Total Unusual Items Excluding Goodwill": NaN,
        "Net Income From Continuing Operation Net Minority Interest": 144800000.0,
        "Reconciled Depreciation": 30200000.0,
        "Reconciled Cost Of Revenue": 896000000.0,
        "EBITDA": 226100000.0,
        "EBIT": 195900000.0,
        "Net Interest Income": -16700000.0,
        "Interest Expense": 16700000.0,
        "Normalized Income": 144800000.0,
        "Net Income From Continuing And Discontinued Operation": 144800000.0,
        "Total Expenses": 1161400000.0,
        "Total Operating Income As Reported": 187600000.0,
        "Diluted Average Shares": 104900000.0,
        "Basic Average Shares": 104400000.0,
        "Diluted EPS": 1.38,
        "Basic EPS": 1.39,
        "Diluted NI Availto Com Stockholders": 144800000.0,
        "Net Income Common Stockholders": 144800000.0,
        "Net Income": 144800000.0,
        "Net Income Including Noncontrolling Interests": 144800000.0,
        "Net Income Continuous Operations": 144800000.0,
        "Tax Provision": 34400000.0,
        "Pretax Income": 179200000.0,
        "Other Income Expense": 8300000.0,
        "Other Non Operating Income Expenses": 8300000.0,
        "Special Income Charges": NaN,
        "Write Off": NaN,
        "Net Non Operating Interest Income Expense": -16700000.0,
        "Interest Expense Non Operating": 16700000.0,
        "Operating Income": 187600000.0,
        "Operating Expense": 265400000.0,
        "Selling General And Administration": 265400000.0,
        "Gross Profit": 453000000.0,
        "Cost Of Revenue": 896000000.0,
        "Total Revenue": 1349000000.0,
        "Operating Revenue": 1349000000.0
    },
    "2024-07-31": {
        "Tax Effect Of Unusual Items": 0.0,
        "Tax Rate For Calcs": 0.173,
        "Normalized EBITDA": 189600000.0,
        "Total Unusual Items": 0.0,
        "Total Unusual Items Excluding Goodwill": 0.0,
        "Net Income From Continuing Operation Net Minority Interest": 119300000.0,
        "Reconciled Depreciation": 30900000.0,
        "Reconciled Cost Of Revenue": 754100000.0,
        "EBITDA": 189600000.0,
        "EBIT": 158700000.0,
        "Net Interest Income": -14500000.0,
        "Interest Expense": 14500000.0,
        "Normalized Income": 119300000.0,
        "Net Income From Continuing And Discontinued Operation": 119300000.0,
        "Total Expenses": 1008800000.0,
        "Total Operating Income As Reported": 148100000.0,
        "Diluted Average Shares": 104500000.0,
        "Basic Average Shares": 104000000.0,
        "Diluted EPS": 1.14,
        "Basic EPS": 1.15,
        "Diluted NI Availto Com Stockholders": 119300000.0,
        "Net Income Common Stockholders": 119300000.0,
        "Net Income": 119300000.0,
        "Net Income Including Noncontrolling Interests": 119300000.0,
        "Net Income Continuous Operations": 119300000.0,
        "Tax Provision": 24900000.0,
        "Pretax Income": 144200000.0,
        "Other Income Expense": 10600000.0,
        "Other Non Operating Income Expenses": 10600000.0,
        "Special Income Charges": 0.0,
        "Write Off": 0.0,
        "Net Non Operating Interest Income Expense": -14500000.0,
        "Interest Expense Non Operating": 14500000.0,
        "Operating Income": 148100000.0,
        "Operating Expense": 254700000.0,
        "Selling General And Administration": 254700000.0,
        "Gross Profit": 402800000.0,
        "Cost Of Revenue": 754100000.0,
        "Total Revenue": 1156900000.0,
        "Operating Revenue": 1156900000.0
    },
    "2024-10-31": {
        "Tax Effect Of Unusual Items": 0.0,
        "Tax Rate For Calcs": 0.177493,
        "Normalized EBITDA": 160200000.0,
        "Total Unusual Items": 0.0,
        "Total Unusual Items Excluding Goodwill": 0.0,
        "Net Income From Continuing Operation Net Minority Interest": 89900000.0,
        "Reconciled Depreciation": 36400000.0,
        "Reconciled Cost Of Revenue": 727000000.0,
        "EBITDA": 160200000.0,
        "EBIT": 123800000.0,
        "Net Interest Income": -14500000.0,
        "Interest Expense": 14500000.0,
        "Normalized Income": 89900000.0,
        "Net Income From Continuing And Discontinued Operation": 89900000.0,
        "Total Expenses": 967000000.0,
        "Total Operating Income As Reported": 109000000.0,
        "Diluted Average Shares": 103200000.0,
        "Basic Average Shares": 102700000.0,
        "Diluted EPS": 0.87,
        "Basic EPS": 0.88,
        "Diluted NI Availto Com Stockholders": 89900000.0,
        "Net Income Common Stockholders": 89900000.0,
        "Net Income": 89900000.0,
        "Net Income Including Noncontrolling Interests": 89900000.0,
        "Net Income Continuous Operations": 89900000.0,
        "Tax Provision": 19400000.0,
        "Pretax Income": 109300000.0,
        "Other Income Expense": 14800000.0,
        "Other Non Operating Income Expenses": 14800000.0,
        "Special Income Charges": 0.0,
        "Write Off": 0.0,
        "Net Non Operating Interest Income Expense": -14500000.0,
        "Interest Expense Non Operating": 14500000.0,
        "Operating Income": 109000000.0,
        "Operating Expense": 240000000.0,
        "Selling General And Administration": 240000000.0,
        "Gross Profit": 349000000.0,
        "Cost Of Revenue": 727000000.0,
        "Total Revenue": 1076000000.0,
        "Operating Revenue": 1076000000.0
    },
    "2025-01-31": {
        "Tax Effect Of Unusual Items": 0.0,
        "Tax Rate For Calcs": 0.201,
        "Normalized EBITDA": 113200000.0,
        "Total Unusual Items": NaN,
        "Total Unusual Items Excluding Goodwill": NaN,
        "Net Income From Continuing Operation Net Minority Interest": 52800000.0,
        "Reconciled Depreciation": 32100000.0,
        "Reconciled Cost Of Revenue": 659400000.0,
        "EBITDA": 113200000.0,
        "EBIT": 81100000.0,
        "Net Interest Income": -15000000.0,
        "Interest Expense": 15000000.0,
        "Normalized Income": 52800000.0,
        "Net Income From Continuing And Discontinued Operation": 52800000.0,
        "Total Expenses": 917200000.0,
        "Total Operating Income As Reported": 77800000.0,
        "Diluted Average Shares": 101700000.0,
        "Basic Average Shares": 101300000.0,
        "Diluted EPS": 0.52,
        "Basic EPS": 0.52,
        "Diluted NI Availto Com Stockholders": 52800000.0,
        "Net Income Common Stockholders": 52800000.0,
        "Net Income": 52800000.0,
        "Net Income Including Noncontrolling Interests": 52800000.0,
        "Net Income Continuous Operations": 52800000.0,
        "Tax Provision": 13300000.0,
        "Pretax Income": 66100000.0,
        "Other Income Expense": 3300000.0,
        "Other Non Operating Income Expenses": 3300000.0,
        "Special Income Charges": NaN,
        "Write Off": NaN,
        "Net Non Operating Interest Income Expense": -15000000.0,
        "Interest Expense Non Operating": 15000000.0,
        "Operating Income": 77800000.0,
        "Operating Expense": 257800000.0,
        "Selling General And Administration": 257800000.0,
        "Gross Profit": 335600000.0,
        "Cost Of Revenue": 659400000.0,
        "Total Revenue": 995000000.0,
        "Operating Revenue": 995000000.0
    }
}