{
    "2023-03-31": {
        "Tax Effect Of Unusual Items": NaN,
        "Tax Rate For Calcs": NaN,
        "Normalized EBITDA": NaN,
        "Total Unusual Items": NaN,
        "Total Unusual Items Excluding Goodwill": NaN,
        "Net Income From Continuing Operation Net Minority Interest": NaN,
        "Reconciled Depreciation": NaN,
        "Reconciled Cost Of Revenue": NaN,
        "EBITDA": NaN,
        "EBIT": NaN,
        "Net Interest Income": NaN,
        "Interest Income": NaN,
        "Normalized Income": NaN,
        "Net Income From Continuing And Discontinued Operation": NaN,
        "Total Expenses": NaN,
        "Total Operating Income As Reported": NaN,
        "Diluted Average Shares": NaN,
        "Basic Average Shares": NaN,
        "Diluted EPS": NaN,
        "Basic EPS": NaN,
        "Diluted NI Availto Com Stockholders": NaN,
        "Net Income Common Stockholders": NaN,
        "Net Income": NaN,
        "Net Income Including Noncontrolling Interests": NaN,
        "Net Income Continuous Operations": NaN,
        "Tax Provision": NaN,
        "Pretax Income": NaN,
        "Other Income Expense": NaN,
        "Gain On Sale Of Security": NaN,
        "Net Non Operating Interest Income Expense": NaN,
        "Total Other Finance Cost": -14423000.0,
        "Interest Income Non Operating": NaN,
        "Operating Income": NaN,
        "Operating Expense": NaN,
        "Research And Development": NaN,
        "Selling General And Administration": NaN,
        "Selling And Marketing Expense": NaN,
        "General And Administrative Expense": NaN,
        "Other Gand A": NaN,
        "Salaries And Wages": NaN,
        "Gross Profit": NaN,
        "Cost Of Revenue": NaN,
        "Total Revenue": NaN,
        "Operating Revenue": NaN
    },
    "2022-12-31": {
        "Tax Effect Of Unusual Items": 192033.160899,
        "Tax Rate For Calcs": 0.365082,
        "Normalized EBITDA": 116478000.0,
        "Total Unusual Items": 526000.0,
        "Total Unusual Items Excluding Goodwill": 526000.0,
        "Net Income From Continuing Operation Net Minority Interest": 71187000.0,
        "Reconciled Depreciation": 16844000.0,
        "Reconciled Cost Of Revenue": 79619000.0,
        "EBITDA": 117004000.0,
        "EBIT": 100160000.0,
        "Net Interest Income": 11434000.0,
        "Normalized Income": 70853033.160899,
        "Net Income From Continuing And Discontinued Operation": 71187000.0,
        "Total Expenses": 390577000.0,
        "Total Operating Income As Reported": 100160000.0,
        "Diluted Average Shares": 500432000.0,
        "Basic Average Shares": 489217000.0,
        "Diluted EPS": 0.14,
        "Basic EPS": 0.15,
        "Diluted NI Availto Com Stockholders": 71187000.0,
        "Net Income Common Stockholders": 71187000.0,
        "Net Income": 71187000.0,
        "Net Income Including Noncontrolling Interests": 71187000.0,
        "Net Income Continuous Operations": 71187000.0,
        "Tax Provision": 40933000.0,
        "Pretax Income": 112120000.0,
        "Other Income Expense": 526000.0,
        "Gain On Sale Of Security": 526000.0,
        "Net Non Operating Interest Income Expense": 11434000.0,
        "Total Other Finance Cost": -11434000.0,
        "Operating Income": 100160000.0,
        "Operating Expense": 310958000.0,
        "Research And Development": 84479000.0,
        "Selling General And Administration": 226479000.0,
        "Selling And Marketing Expense": 92829000.0,
        "General And Administrative Expense": 133650000.0,
        "Other Gand A": 133650000.0,
        "Salaries And Wages": NaN,
        "Gross Profit": 411118000.0,
        "Cost Of Revenue": 79619000.0,
        "Total Revenue": 490737000.0,
        "Operating Revenue": 490737000.0
    },
    "2022-09-30": {
        "Tax Effect Of Unusual Items": -17200.0,
        "Tax Rate For Calcs": 0.4,
        "Normalized EBITDA": 41804000.0,
        "Total Unusual Items": -43000.0,
        "Total Unusual Items Excluding Goodwill": -43000.0,
        "Net Income From Continuing Operation Net Minority Interest": 15869000.0,
        "Reconciled Depreciation": 12957000.0,
        "Reconciled Cost Of Revenue": 70124000.0,
        "EBITDA": 41761000.0,
        "EBIT": 28804000.0,
        "Net Interest Income": 1741000.0,
        "Normalized Income": 15894800.0,
        "Net Income From Continuing And Discontinued Operation": 15869000.0,
        "Total Expenses": 365969000.0,
        "Total Operating Income As Reported": 28804000.0,
        "Diluted Average Shares": 500300000.0,
        "Basic Average Shares": 487963000.0,
        "Diluted EPS": 0.03,
        "Basic EPS": 0.03,
        "Diluted NI Availto Com Stockholders": 15869000.0,
        "Net Income Common Stockholders": 15869000.0,
        "Net Income": 15869000.0,
        "Net Income Including Noncontrolling Interests": 15869000.0,
        "Net Income Continuous Operations": 15869000.0,
        "Tax Provision": 14633000.0,
        "Pretax Income": 30502000.0,
        "Other Income Expense": -43000.0,
        "Other Non Operating Income Expenses": NaN,
        "Gain On Sale Of Security": -43000.0,
        "Net Non Operating Interest Income Expense": 1741000.0,
        "Total Other Finance Cost": -1741000.0,
        "Operating Income": 28804000.0,
        "Operating Expense": 295845000.0,
        "Research And Development": 79915000.0,
        "Selling General And Administration": 215930000.0,
        "Selling And Marketing Expense": 85038000.0,
        "General And Administrative Expense": 130892000.0,
        "Other Gand A": 130892000.0,
        "Salaries And Wages": NaN,
        "Gross Profit": 324649000.0,
        "Cost Of Revenue": 70124000.0,
        "Total Revenue": 394773000.0,
        "Operating Revenue": 394773000.0
    },
    "2022-06-30": {
        "Tax Effect Of Unusual Items": -126800.0,
        "Tax Rate For Calcs": 0.4,
        "Normalized EBITDA": 14334000.0,
        "Total Unusual Items": -317000.0,
        "Total Unusual Items Excluding Goodwill": -317000.0,
        "Net Income From Continuing Operation Net Minority Interest": -19073000.0,
        "Reconciled Depreciation": 12274000.0,
        "Reconciled Cost Of Revenue": 67490000.0,
        "EBITDA": 14017000.0,
        "EBIT": 1743000.0,
        "Net Interest Income": 656000.0,
        "Normalized Income": -18882800.0,
        "Net Income From Continuing And Discontinued Operation": -19073000.0,
        "Total Expenses": 375219000.0,
        "Total Operating Income As Reported": 1743000.0,
        "Diluted Average Shares": 486310000.0,
        "Basic Average Shares": 486310000.0,
        "Diluted EPS": -0.04,
        "Basic EPS": -0.04,
        "Diluted NI Availto Com Stockholders": -19073000.0,
        "Net Income Common Stockholders": -19073000.0,
        "Net Income": -19073000.0,
        "Net Income Including Noncontrolling Interests": -19073000.0,
        "Net Income Continuous Operations": -19073000.0,
        "Tax Provision": 21155000.0,
        "Pretax Income": 2082000.0,
        "Other Income Expense": -317000.0,
        "Other Non Operating Income Expenses": NaN,
        "Gain On Sale Of Security": -317000.0,
        "Net Non Operating Interest Income Expense": 656000.0,
        "Total Other Finance Cost": -656000.0,
        "Operating Income": 1743000.0,
        "Operating Expense": 307729000.0,
        "Research And Development": 83483000.0,
        "Selling General And Administration": 224246000.0,
        "Selling And Marketing Expense": 89420000.0,
        "General And Administrative Expense": 134826000.0,
        "Other Gand A": 134826000.0,
        "Salaries And Wages": NaN,
        "Gross Profit": 309472000.0,
        "Cost Of Revenue": 67490000.0,
        "Total Revenue": 376962000.0,
        "Operating Revenue": 376962000.0
    },
    "2022-03-31": {
        "Diluted EPS": -0.03,
        "Total Revenue": 315,
        "Gross Profit": 251,
        "Operating Income": -17,
        "EBIT": -5,
        "Net Income": -15
    },
    "2021-12-31": {
        "Diluted EPS": 0.01,
        "Total Revenue": 396,
        "Gross Profit": 329,
        "Operating Income": -25,
        "EBIT": -13,
        "Net Income": 8
    },
    "2021-09-30": {
        "Diluted EPS": 0.12,
        "Total Revenue": 301,
        "Gross Profit": 248,
        "Operating Income": 80,
        "EBIT": 89,
        "Net Income": 59
    },
    "2021-06-30": {
        "Diluted EPS": 0.1,
        "Total Revenue": 280,
        "Gross Profit": 229,
        "Operating Income": 62,
        "EBIT": 73,
        "Net Income": 48
    },
    "2021-03-31": {
        "Diluted EPS": 0.05,
        "Total Revenue": 220,
        "Gross Profit": 169,
        "Operating Income": 8,
        "EBIT": 18,
        "Net Income": 23
    },
    "2020-12-31": {
        "Diluted EPS": 0.31,
        "Total Revenue": 320,
        "Gross Profit": 268,
        "Operating Income": 106,
        "EBIT": 114,
        "Net Income": 152
    },
    "2020-09-30": {
        "Diluted EPS": 0.08,
        "Total Revenue": 216,
        "Gross Profit": 171,
        "Operating Income": 43,
        "EBIT": 50,
        "Net Income": 41
    },
    "2020-06-30": {
        "Diluted EPS": 0.05,
        "Total Revenue": 139,
        "Gross Profit": 97,
        "Operating Income": -16,
        "EBIT": -9,
        "Net Income": 25
    },
    "2020-03-31": {
        "Diluted EPS": 0.05,
        "Total Revenue": 161,
        "Gross Profit": 120,
        "Operating Income": 11,
        "EBIT": 17,
        "Net Income": 24
    },
    "2019-12-31": {
        "Diluted EPS": 0.11,
        "Total Revenue": 216,
        "Gross Profit": 169,
        "Operating Income": 53,
        "EBIT": 59,
        "Net Income": 51
    },
    "2019-09-30": {
        "Diluted EPS": 0.04,
        "Total Revenue": 164,
        "Gross Profit": 124,
        "Operating Income": 22,
        "EBIT": 28,
        "Net Income": 19
    },
    "2019-06-30": {
        "Diluted EPS": 0.06,
        "Total Revenue": 160,
        "Gross Profit": 125,
        "Operating Income": 32,
        "EBIT": 37,
        "Net Income": 28
    },
    "2019-03-31": {
        "Diluted EPS": 0.02,
        "Total Revenue": 121,
        "Gross Profit": 87,
        "Operating Income": 6,
        "EBIT": 10,
        "Net Income": 10
    },
    "2018-12-31": {
        "Diluted EPS": 0.09,
        "Total Revenue": 160,
        "Gross Profit": 125,
        "Operating Income": 49,
        "EBIT": 53,
        "Net Income": 39
    },
    "2018-09-30": {
        "Diluted EPS": 0.04,
        "Total Revenue": 119,
        "Gross Profit": 89,
        "Operating Income": 22,
        "EBIT": 26,
        "Net Income": 20
    },
    "2018-06-30": {
        "Diluted EPS": 0.04,
        "Total Revenue": 112,
        "Gross Profit": 86,
        "Operating Income": 26,
        "EBIT": 29,
        "Net Income": 19
    },
    "2018-03-31": {
        "Diluted EPS": 0.02,
        "Total Revenue": 86,
        "Gross Profit": 63,
        "Operating Income": 10,
        "EBIT": 12,
        "Net Income": 9
    },
    "2017-12-31": {
        "Diluted EPS": 0.04,
        "Total Revenue": 103,
        "Gross Profit": 82,
        "Operating Income": 29,
        "EBIT": 31,
        "Net Income": 17
    },
    "2017-09-30": {
        "Diluted EPS": 0.02,
        "Total Revenue": 79,
        "Gross Profit": 62,
        "Operating Income": 18,
        "EBIT": 20,
        "Net Income": 10
    },
    "2017-06-30": {
        "Diluted EPS": 0.04,
        "Total Revenue": 73,
        "Gross Profit": 58,
        "Operating Income": 20,
        "EBIT": 21,
        "Net Income": 19
    },
    "2017-03-31": {
        "Diluted EPS": 0.01,
        "Total Revenue": 53,
        "Gross Profit": 41,
        "Operating Income": 2,
        "EBIT": 3,
        "Net Income": 5
    },
    "2016-12-31": {
        "Diluted EPS": 0.28,
        "Total Revenue": 72,
        "Gross Profit": 59,
        "Operating Income": 24,
        "EBIT": 25,
        "Net Income": 18
    },
    "2016-09-30": {
        "Diluted EPS": 0.01,
        "Total Revenue": 53,
        "Gross Profit": 43,
        "Operating Income": 15,
        "EBIT": 16,
        "Net Income": 1
    },
    "2016-06-30": {
        "Diluted EPS": 0.02,
        "Total Revenue": 47,
        "Gross Profit": 39,
        "Operating Income": 15,
        "EBIT": 16,
        "Net Income": 2
    },
    "2016-03-31": {
        "Diluted EPS": -0.45,
        "Total Revenue": 30,
        "Gross Profit": 23,
        "Operating Income": 3,
        "EBIT": 4,
        "Net Income": -48
    },
    "2015-12-31": {
        "Diluted EPS": 0.0,
        "Total Revenue": NaN,
        "Gross Profit": NaN,
        "Operating Income": NaN,
        "EBIT": NaN,
        "Net Income": NaN
    },
    "2015-09-30": {
        "Diluted EPS": 0.01,
        "Total Revenue": 29,
        "Gross Profit": 23,
        "Operating Income": 9,
        "EBIT": 9,
        "Net Income": 1
    },
    "2014-12-31": {
        "Diluted EPS": 0.0,
        "Total Revenue": NaN,
        "Gross Profit": NaN,
        "Operating Income": NaN,
        "EBIT": NaN,
        "Net Income": NaN
    },
    "2023-06-30": {
        "Tax Effect Of Unusual Items": NaN,
        "Tax Rate For Calcs": NaN,
        "Normalized EBITDA": NaN,
        "Total Unusual Items": NaN,
        "Total Unusual Items Excluding Goodwill": NaN,
        "Net Income From Continuing Operation Net Minority Interest": NaN,
        "Reconciled Depreciation": NaN,
        "Reconciled Cost Of Revenue": NaN,
        "EBITDA": NaN,
        "EBIT": NaN,
        "Net Interest Income": NaN,
        "Interest Income": 17507000.0,
        "Normalized Income": NaN,
        "Net Income From Continuing And Discontinued Operation": NaN,
        "Total Expenses": NaN,
        "Total Operating Income As Reported": NaN,
        "Diluted Average Shares": NaN,
        "Basic Average Shares": NaN,
        "Diluted EPS": NaN,
        "Basic EPS": NaN,
        "Diluted NI Availto Com Stockholders": NaN,
        "Net Income Common Stockholders": NaN,
        "Net Income": NaN,
        "Net Income Including Noncontrolling Interests": NaN,
        "Net Income Continuous Operations": NaN,
        "Tax Provision": NaN,
        "Pretax Income": NaN,
        "Other Income Expense": NaN,
        "Gain On Sale Of Security": NaN,
        "Net Non Operating Interest Income Expense": NaN,
        "Total Other Finance Cost": -17507000.0,
        "Interest Income Non Operating": 17507000.0,
        "Operating Income": NaN,
        "Operating Expense": NaN,
        "Research And Development": NaN,
        "Selling General And Administration": NaN,
        "Selling And Marketing Expense": NaN,
        "General And Administrative Expense": NaN,
        "Other Gand A": NaN,
        "Salaries And Wages": 85427000.0,
        "Gross Profit": NaN,
        "Cost Of Revenue": NaN,
        "Total Revenue": NaN,
        "Operating Revenue": NaN
    },
    "2023-09-30": {
        "Tax Effect Of Unusual Items": NaN,
        "Tax Rate For Calcs": NaN,
        "Normalized EBITDA": NaN,
        "Total Unusual Items": NaN,
        "Total Unusual Items Excluding Goodwill": NaN,
        "Net Income From Continuing Operation Net Minority Interest": NaN,
        "Reconciled Depreciation": NaN,
        "Reconciled Cost Of Revenue": NaN,
        "EBITDA": NaN,
        "EBIT": NaN,
        "Net Interest Income": NaN,
        "Interest Income": 17626000.0,
        "Normalized Income": NaN,
        "Net Income From Continuing And Discontinued Operation": NaN,
        "Total Expenses": NaN,
        "Total Operating Income As Reported": NaN,
        "Diluted Average Shares": 501880000.0,
        "Basic Average Shares": 489447000.0,
        "Diluted EPS": 0.08,
        "Basic EPS": 0.08,
        "Diluted NI Availto Com Stockholders": NaN,
        "Net Income Common Stockholders": NaN,
        "Net Income": NaN,
        "Net Income Including Noncontrolling Interests": NaN,
        "Net Income Continuous Operations": NaN,
        "Tax Provision": NaN,
        "Pretax Income": NaN,
        "Other Income Expense": NaN,
        "Gain On Sale Of Security": NaN,
        "Net Non Operating Interest Income Expense": NaN,
        "Total Other Finance Cost": -17626000.0,
        "Interest Income Non Operating": 17626000.0,
        "Operating Income": NaN,
        "Operating Expense": NaN,
        "Research And Development": NaN,
        "Selling General And Administration": NaN,
        "Selling And Marketing Expense": NaN,
        "General And Administrative Expense": NaN,
        "Other Gand A": NaN,
        "Salaries And Wages": NaN,
        "Gross Profit": NaN,
        "Cost Of Revenue": NaN,
        "Total Revenue": NaN,
        "Operating Revenue": NaN
    },
    "2023-12-31": {
        "Tax Effect Of Unusual Items": -1070104.072792,
        "Tax Rate For Calcs": 0.39429,
        "Normalized EBITDA": 167681000.0,
        "Total Unusual Items": -2714000.0,
        "Total Unusual Items Excluding Goodwill": -2714000.0,
        "Net Income From Continuing Operation Net Minority Interest": 97323000.0,
        "Reconciled Depreciation": 20529000.0,
        "Reconciled Cost Of Revenue": 100695000.0,
        "EBITDA": 164967000.0,
        "EBIT": 144438000.0,
        "Net Interest Income": 18952000.0,
        "Interest Income": NaN,
        "Normalized Income": 98966895.927208,
        "Net Income From Continuing And Discontinued Operation": 97323000.0,
        "Total Expenses": 461359000.0,
        "Total Operating Income As Reported": 144438000.0,
        "Diluted Average Shares": 499682000.0,
        "Basic Average Shares": 489454000.0,
        "Diluted EPS": 0.19,
        "Basic EPS": 0.2,
        "Diluted NI Availto Com Stockholders": 97323000.0,
        "Net Income Common Stockholders": 97323000.0,
        "Net Income": 97323000.0,
        "Net Income Including Noncontrolling Interests": 97323000.0,
        "Net Income Continuous Operations": 97323000.0,
        "Tax Provision": 63353000.0,
        "Pretax Income": 160676000.0,
        "Other Income Expense": -2714000.0,
        "Gain On Sale Of Security": -2714000.0,
        "Net Non Operating Interest Income Expense": 18952000.0,
        "Total Other Finance Cost": -18952000.0,
        "Interest Income Non Operating": NaN,
        "Operating Income": 144438000.0,
        "Operating Expense": 360664000.0,
        "Research And Development": 102004000.0,
        "Selling General And Administration": 258660000.0,
        "Selling And Marketing Expense": 126793000.0,
        "General And Administrative Expense": 131867000.0,
        "Other Gand A": 131867000.0,
        "Salaries And Wages": NaN,
        "Gross Profit": 505102000.0,
        "Cost Of Revenue": 100695000.0,
        "Total Revenue": 605797000.0,
        "Operating Revenue": 605797000.0
    },
    "2024-03-31": {
        "Tax Effect Of Unusual Items": 223246.258119,
        "Tax Rate For Calcs": 0.312233,
        "Normalized EBITDA": 49684000.0,
        "Total Unusual Items": 715000.0,
        "Total Unusual Items Excluding Goodwill": 715000.0,
        "Net Income From Continuing Operation Net Minority Interest": 31660000.0,
        "Reconciled Depreciation": 21742000.0,
        "Reconciled Cost Of Revenue": 103630000.0,
        "EBITDA": 50399000.0,
        "EBIT": 28657000.0,
        "Net Interest Income": 16661000.0,
        "Interest Income": NaN,
        "Normalized Income": 31168246.258119,
        "Net Income From Continuing And Discontinued Operation": 31660000.0,
        "Total Expenses": 462596000.0,
        "Total Operating Income As Reported": 28657000.0,
        "Diluted Average Shares": 498192000.0,
        "Basic Average Shares": 488551000.0,
        "Diluted EPS": 0.06,
        "Basic EPS": 0.06,
        "Diluted NI Availto Com Stockholders": 31660000.0,
        "Net Income Common Stockholders": 31660000.0,
        "Net Income": 31660000.0,
        "Net Income Including Noncontrolling Interests": 31660000.0,
        "Net Income Continuous Operations": 31660000.0,
        "Tax Provision": 14373000.0,
        "Pretax Income": 46033000.0,
        "Other Income Expense": 715000.0,
        "Gain On Sale Of Security": 715000.0,
        "Net Non Operating Interest Income Expense": 16661000.0,
        "Total Other Finance Cost": -16661000.0,
        "Interest Income Non Operating": NaN,
        "Operating Income": 28657000.0,
        "Operating Expense": 358966000.0,
        "Research And Development": 107686000.0,
        "Selling General And Administration": 251280000.0,
        "Selling And Marketing Expense": 121725000.0,
        "General And Administrative Expense": 129555000.0,
        "Other Gand A": 129555000.0,
        "Salaries And Wages": NaN,
        "Gross Profit": 387623000.0,
        "Cost Of Revenue": 103630000.0,
        "Total Revenue": 491253000.0,
        "Operating Revenue": 491253000.0
    },
    "2024-06-30": {
        "Tax Effect Of Unusual Items": -10985.981225,
        "Tax Rate For Calcs": 0.244133,
        "Normalized EBITDA": 115647000.0,
        "Total Unusual Items": -45000.0,
        "Total Unusual Items Excluding Goodwill": -45000.0,
        "Net Income From Continuing Operation Net Minority Interest": 85029000.0,
        "Reconciled Depreciation": 20882000.0,
        "Reconciled Cost Of Revenue": 110459000.0,
        "EBITDA": 115602000.0,
        "EBIT": 94720000.0,
        "Net Interest Income": 17817000.0,
        "Interest Income": 17817000.0,
        "Normalized Income": 85063014.018775,
        "Net Income From Continuing And Discontinued Operation": 85029000.0,
        "Total Expenses": 489830000.0,
        "Total Operating Income As Reported": 94720000.0,
        "Diluted Average Shares": 500040000.0,
        "Basic Average Shares": 489353000.0,
        "Diluted EPS": 0.17,
        "Basic EPS": 0.17,
        "Diluted NI Availto Com Stockholders": 85029000.0,
        "Net Income Common Stockholders": 85029000.0,
        "Net Income": 85029000.0,
        "Net Income Including Noncontrolling Interests": 85029000.0,
        "Net Income Continuous Operations": 85029000.0,
        "Tax Provision": 27463000.0,
        "Pretax Income": 112492000.0,
        "Other Income Expense": -45000.0,
        "Gain On Sale Of Security": -45000.0,
        "Net Non Operating Interest Income Expense": 17817000.0,
        "Total Other Finance Cost": NaN,
        "Interest Income Non Operating": 17817000.0,
        "Operating Income": 94720000.0,
        "Operating Expense": 379371000.0,
        "Research And Development": 110035000.0,
        "Selling General And Administration": 269336000.0,
        "Selling And Marketing Expense": 133867000.0,
        "General And Administrative Expense": 135469000.0,
        "Other Gand A": 135469000.0,
        "Salaries And Wages": NaN,
        "Gross Profit": 474091000.0,
        "Cost Of Revenue": 110459000.0,
        "Total Revenue": 584550000.0,
        "Operating Revenue": 584550000.0
    },
    "2024-09-30": {
        "Tax Effect Of Unusual Items": -184601.267515,
        "Tax Rate For Calcs": 0.259636,
        "Normalized EBITDA": 129946000.0,
        "Total Unusual Items": -711000.0,
        "Total Unusual Items Excluding Goodwill": -711000.0,
        "Net Income From Continuing Operation Net Minority Interest": 94158000.0,
        "Reconciled Depreciation": 20754000.0,
        "Reconciled Cost Of Revenue": 122656000.0,
        "EBITDA": 129235000.0,
        "EBIT": 108481000.0,
        "Net Interest Income": 19408000.0,
        "Interest Income": 19408000.0,
        "Normalized Income": 94684398.732485,
        "Net Income From Continuing And Discontinued Operation": 94158000.0,
        "Total Expenses": 519535000.0,
        "Total Operating Income As Reported": 108481000.0,
        "Diluted Average Shares": 502563000.0,
        "Basic Average Shares": 491614000.0,
        "Diluted EPS": 0.19,
        "Basic EPS": 0.19,
        "Diluted NI Availto Com Stockholders": 94158000.0,
        "Net Income Common Stockholders": 94158000.0,
        "Net Income": 94158000.0,
        "Net Income Including Noncontrolling Interests": 94158000.0,
        "Net Income Continuous Operations": 94158000.0,
        "Tax Provision": 33020000.0,
        "Pretax Income": 127178000.0,
        "Other Income Expense": -711000.0,
        "Gain On Sale Of Security": -711000.0,
        "Net Non Operating Interest Income Expense": 19408000.0,
        "Total Other Finance Cost": NaN,
        "Interest Income Non Operating": 19408000.0,
        "Operating Income": 108481000.0,
        "Operating Expense": 396879000.0,
        "Research And Development": 117705000.0,
        "Selling General And Administration": 279174000.0,
        "Selling And Marketing Expense": 140296000.0,
        "General And Administrative Expense": 138878000.0,
        "Other Gand A": 138878000.0,
        "Salaries And Wages": NaN,
        "Gross Profit": 505360000.0,
        "Cost Of Revenue": 122656000.0,
        "Total Revenue": 628016000.0,
        "Operating Revenue": 628016000.0
    },
    "2024-12-31": {
        "Tax Effect Of Unusual Items": 237002.784309,
        "Tax Rate For Calcs": 0.177663,
        "Normalized EBITDA": 218087000.0,
        "Total Unusual Items": 1334000.0,
        "Total Unusual Items Excluding Goodwill": 1334000.0,
        "Net Income From Continuing Operation Net Minority Interest": 182229000.0,
        "Reconciled Depreciation": 24112000.0,
        "Reconciled Cost Of Revenue": 135267000.0,
        "EBITDA": 219421000.0,
        "EBIT": 195309000.0,
        "Net Interest Income": 24956000.0,
        "Interest Income": 24956000.0,
        "Normalized Income": 181132002.784309,
        "Net Income From Continuing And Discontinued Operation": 182229000.0,
        "Total Expenses": 545703000.0,
        "Total Operating Income As Reported": 195309000.0,
        "Diluted Average Shares": NaN,
        "Basic Average Shares": NaN,
        "Diluted EPS": NaN,
        "Basic EPS": NaN,
        "Diluted NI Availto Com Stockholders": 182229000.0,
        "Net Income Common Stockholders": 182229000.0,
        "Net Income": 182229000.0,
        "Net Income Including Noncontrolling Interests": 182229000.0,
        "Net Income Continuous Operations": 182229000.0,
        "Tax Provision": 39370000.0,
        "Pretax Income": 221599000.0,
        "Other Income Expense": 1334000.0,
        "Gain On Sale Of Security": 1334000.0,
        "Net Non Operating Interest Income Expense": 24956000.0,
        "Total Other Finance Cost": NaN,
        "Interest Income Non Operating": 24956000.0,
        "Operating Income": 195309000.0,
        "Operating Expense": 410436000.0,
        "Research And Development": 127893000.0,
        "Selling General And Administration": 282543000.0,
        "Selling And Marketing Expense": 150629000.0,
        "General And Administrative Expense": 131914000.0,
        "Other Gand A": 131914000.0,
        "Salaries And Wages": NaN,
        "Gross Profit": 605745000.0,
        "Cost Of Revenue": 135267000.0,
        "Total Revenue": 741012000.0,
        "Operating Revenue": 741012000.0
    }
}