{
    "2023-03-31": {
        "Tax Effect Of Unusual Items": NaN,
        "Tax Rate For Calcs": NaN,
        "Normalized EBITDA": NaN,
        "Total Unusual Items": NaN,
        "Total Unusual Items Excluding Goodwill": NaN,
        "Net Income From Continuing Operation Net Minority Interest": NaN,
        "Reconciled Depreciation": NaN,
        "Reconciled Cost Of Revenue": NaN,
        "EBITDA": NaN,
        "EBIT": NaN,
        "Net Interest Income": NaN,
        "Interest Expense": NaN,
        "Normalized Income": NaN,
        "Net Income From Continuing And Discontinued Operation": NaN,
        "Total Expenses": NaN,
        "Total Operating Income As Reported": NaN,
        "Diluted Average Shares": NaN,
        "Basic Average Shares": NaN,
        "Diluted EPS": NaN,
        "Basic EPS": NaN,
        "Diluted NI Availto Com Stockholders": NaN,
        "Net Income Common Stockholders": NaN,
        "Net Income": NaN,
        "Minority Interests": NaN,
        "Net Income Including Noncontrolling Interests": NaN,
        "Net Income Continuous Operations": NaN,
        "Tax Provision": NaN,
        "Pretax Income": NaN,
        "Other Income Expense": -6081000.0,
        "Other Non Operating Income Expenses": 21407000.0,
        "Special Income Charges": NaN,
        "Restructuring And Mergern Acquisition": NaN,
        "Net Non Operating Interest Income Expense": NaN,
        "Interest Expense Non Operating": NaN,
        "Operating Income": NaN,
        "Operating Expense": NaN,
        "Selling General And Administration": NaN,
        "Gross Profit": NaN,
        "Cost Of Revenue": NaN,
        "Total Revenue": NaN,
        "Operating Revenue": NaN
    },
    "2022-12-31": {
        "Tax Effect Of Unusual Items": NaN,
        "Tax Rate For Calcs": NaN,
        "Normalized EBITDA": NaN,
        "Total Unusual Items": NaN,
        "Total Unusual Items Excluding Goodwill": NaN,
        "Net Income From Continuing Operation Net Minority Interest": NaN,
        "Reconciled Depreciation": NaN,
        "Reconciled Cost Of Revenue": NaN,
        "EBITDA": NaN,
        "EBIT": NaN,
        "Net Interest Income": NaN,
        "Interest Expense": NaN,
        "Normalized Income": NaN,
        "Net Income From Continuing And Discontinued Operation": NaN,
        "Total Expenses": NaN,
        "Total Operating Income As Reported": NaN,
        "Diluted Average Shares": NaN,
        "Basic Average Shares": NaN,
        "Diluted EPS": NaN,
        "Basic EPS": NaN,
        "Diluted NI Availto Com Stockholders": NaN,
        "Net Income Common Stockholders": NaN,
        "Net Income": NaN,
        "Minority Interests": NaN,
        "Net Income Including Noncontrolling Interests": NaN,
        "Net Income Continuous Operations": NaN,
        "Tax Provision": NaN,
        "Pretax Income": NaN,
        "Other Income Expense": 63301000.0,
        "Other Non Operating Income Expenses": 67995000.0,
        "Special Income Charges": NaN,
        "Restructuring And Mergern Acquisition": NaN,
        "Net Non Operating Interest Income Expense": NaN,
        "Interest Expense Non Operating": NaN,
        "Operating Income": NaN,
        "Operating Expense": NaN,
        "Selling General And Administration": NaN,
        "Gross Profit": NaN,
        "Cost Of Revenue": NaN,
        "Total Revenue": NaN,
        "Operating Revenue": NaN
    },
    "2022-09-30": {
        "Tax Effect Of Unusual Items": 0.0,
        "Tax Rate For Calcs": 0.259876,
        "Normalized EBITDA": 122194000.0,
        "Total Unusual Items": NaN,
        "Total Unusual Items Excluding Goodwill": NaN,
        "Net Income From Continuing Operation Net Minority Interest": 82947000.0,
        "Reconciled Depreciation": 7488000.0,
        "Reconciled Cost Of Revenue": 746527000.0,
        "EBITDA": 122194000.0,
        "EBIT": 114706000.0,
        "Net Interest Income": -2618000.0,
        "Interest Expense": 2618000.0,
        "Normalized Income": 82947000.0,
        "Net Income From Continuing And Discontinued Operation": 82947000.0,
        "Total Expenses": 807760000.0,
        "Total Operating Income As Reported": 94802000.0,
        "Diluted Average Shares": 53667000.0,
        "Basic Average Shares": 53148000.0,
        "Diluted EPS": 1.55,
        "Basic EPS": 1.56,
        "Diluted NI Availto Com Stockholders": 82947000.0,
        "Net Income Common Stockholders": 82947000.0,
        "Net Income": 82947000.0,
        "Minority Interests": -12000.0,
        "Net Income Including Noncontrolling Interests": 82959000.0,
        "Net Income Continuous Operations": 82959000.0,
        "Tax Provision": 29129000.0,
        "Pretax Income": 112088000.0,
        "Other Income Expense": 19904000.0,
        "Other Non Operating Income Expenses": 19904000.0,
        "Special Income Charges": NaN,
        "Impairment Of Capital Assets": NaN,
        "Restructuring And Mergern Acquisition": NaN,
        "Net Non Operating Interest Income Expense": -2618000.0,
        "Interest Expense Non Operating": 2618000.0,
        "Operating Income": 94802000.0,
        "Operating Expense": 61233000.0,
        "Selling General And Administration": 61233000.0,
        "Gross Profit": 156035000.0,
        "Cost Of Revenue": 746527000.0,
        "Total Revenue": 902562000.0,
        "Operating Revenue": 902562000.0
    },
    "2022-06-30": {
        "Tax Effect Of Unusual Items": 0.0,
        "Tax Rate For Calcs": 0.275714,
        "Normalized EBITDA": 90788000.0,
        "Total Unusual Items": NaN,
        "Total Unusual Items Excluding Goodwill": NaN,
        "Net Income From Continuing Operation Net Minority Interest": 58650000.0,
        "Reconciled Depreciation": 6883000.0,
        "Reconciled Cost Of Revenue": 745647000.0,
        "EBITDA": 90788000.0,
        "EBIT": 83905000.0,
        "Net Interest Income": -2919000.0,
        "Interest Expense": 2919000.0,
        "Normalized Income": 58650000.0,
        "Net Income From Continuing And Discontinued Operation": 58650000.0,
        "Total Expenses": 806326000.0,
        "Total Operating Income As Reported": 83905000.0,
        "Diluted Average Shares": 54006000.0,
        "Basic Average Shares": 53507000.0,
        "Diluted EPS": 1.09,
        "Basic EPS": 1.1,
        "Diluted NI Availto Com Stockholders": 58650000.0,
        "Net Income Common Stockholders": 58650000.0,
        "Net Income": 58650000.0,
        "Minority Interests": -7000.0,
        "Net Income Including Noncontrolling Interests": 58657000.0,
        "Net Income Continuous Operations": 58657000.0,
        "Tax Provision": 22329000.0,
        "Pretax Income": 80986000.0,
        "Other Income Expense": NaN,
        "Other Non Operating Income Expenses": NaN,
        "Special Income Charges": NaN,
        "Restructuring And Mergern Acquisition": NaN,
        "Net Non Operating Interest Income Expense": -2919000.0,
        "Interest Expense Non Operating": 2919000.0,
        "Operating Income": 83905000.0,
        "Operating Expense": 60679000.0,
        "Selling General And Administration": 60679000.0,
        "Gross Profit": 144584000.0,
        "Cost Of Revenue": 745647000.0,
        "Total Revenue": 890231000.0,
        "Operating Revenue": 890231000.0
    },
    "2022-03-31": {
        "Diluted EPS": 0.98,
        "Total Revenue": 853,
        "Gross Profit": 135,
        "Operating Income": 75,
        "EBIT": 88,
        "Net Income": 53
    },
    "2021-12-31": {
        "Diluted EPS": 1.25,
        "Total Revenue": 859,
        "Gross Profit": 140,
        "Operating Income": 87,
        "EBIT": 99,
        "Net Income": 68
    },
    "2021-09-30": {
        "Diluted EPS": 1.52,
        "Total Revenue": 892,
        "Gross Profit": 144,
        "Operating Income": 82,
        "EBIT": 96,
        "Net Income": 83
    },
    "2021-06-30": {
        "Diluted EPS": 0.95,
        "Total Revenue": 802,
        "Gross Profit": 126,
        "Operating Income": 70,
        "EBIT": 81,
        "Net Income": 52
    },
    "2021-03-31": {
        "Diluted EPS": 0.83,
        "Total Revenue": 755,
        "Gross Profit": 112,
        "Operating Income": 61,
        "EBIT": 72,
        "Net Income": 46
    },
    "2020-12-31": {
        "Diluted EPS": 0.96,
        "Total Revenue": 765,
        "Gross Profit": 116,
        "Operating Income": 66,
        "EBIT": 77,
        "Net Income": 52
    },
    "2020-09-30": {
        "Diluted EPS": 0.82,
        "Total Revenue": 753,
        "Gross Profit": 125,
        "Operating Income": 67,
        "EBIT": 94,
        "Net Income": 45
    },
    "2020-06-30": {
        "Diluted EPS": 0.83,
        "Total Revenue": 710,
        "Gross Profit": 114,
        "Operating Income": 64,
        "EBIT": 74,
        "Net Income": 45
    },
    "2020-03-31": {
        "Diluted EPS": 0.66,
        "Total Revenue": 734,
        "Gross Profit": 97,
        "Operating Income": 48,
        "EBIT": 59,
        "Net Income": 36
    },
    "2019-12-31": {
        "Diluted EPS": 0.85,
        "Total Revenue": 798,
        "Gross Profit": 110,
        "Operating Income": 63,
        "EBIT": 74,
        "Net Income": 47
    },
    "2019-09-30": {
        "Diluted EPS": 0.21,
        "Total Revenue": 842,
        "Gross Profit": 95,
        "Operating Income": 21,
        "EBIT": 41,
        "Net Income": 12
    },
    "2019-06-30": {
        "Diluted EPS": 0.88,
        "Total Revenue": 826,
        "Gross Profit": 118,
        "Operating Income": 65,
        "EBIT": 76,
        "Net Income": 49
    },
    "2019-03-31": {
        "Diluted EPS": 1.0,
        "Total Revenue": 723,
        "Gross Profit": 96,
        "Operating Income": 48,
        "EBIT": 58,
        "Net Income": 56
    },
    "2018-12-31": {
        "Diluted EPS": 0.75,
        "Total Revenue": 717,
        "Gross Profit": 99,
        "Operating Income": 56,
        "EBIT": 69,
        "Net Income": 42
    },
    "2018-09-30": {
        "Diluted EPS": 0.51,
        "Total Revenue": 739,
        "Gross Profit": 89,
        "Operating Income": 43,
        "EBIT": 55,
        "Net Income": 29
    },
    "2018-06-30": {
        "Diluted EPS": 0.59,
        "Total Revenue": 765,
        "Gross Profit": 110,
        "Operating Income": 55,
        "EBIT": 73,
        "Net Income": 33
    },
    "2018-03-31": {
        "Diluted EPS": 0.51,
        "Total Revenue": 700,
        "Gross Profit": 91,
        "Operating Income": 43,
        "EBIT": 58,
        "Net Income": 29
    },
    "2017-12-31": {
        "Diluted EPS": 0.81,
        "Total Revenue": 760,
        "Gross Profit": 94,
        "Operating Income": 49,
        "EBIT": 63,
        "Net Income": 46
    },
    "2017-09-30": {
        "Diluted EPS": 0.6,
        "Total Revenue": 735,
        "Gross Profit": 101,
        "Operating Income": 55,
        "EBIT": 79,
        "Net Income": 34
    },
    "2017-06-30": {
        "Diluted EPS": 0.52,
        "Total Revenue": 686,
        "Gross Profit": 90,
        "Operating Income": 46,
        "EBIT": 57,
        "Net Income": 30
    },
    "2017-03-31": {
        "Diluted EPS": 0.46,
        "Total Revenue": 664,
        "Gross Profit": 81,
        "Operating Income": 43,
        "EBIT": 55,
        "Net Income": 27
    },
    "2016-12-31": {
        "Diluted EPS": 0.46,
        "Total Revenue": 669,
        "Gross Profit": 81,
        "Operating Income": 40,
        "EBIT": 51,
        "Net Income": 27
    },
    "2016-09-30": {
        "Diluted EPS": 0.53,
        "Total Revenue": 729,
        "Gross Profit": 97,
        "Operating Income": 47,
        "EBIT": 59,
        "Net Income": 31
    },
    "2016-06-30": {
        "Diluted EPS": 0.44,
        "Total Revenue": 667,
        "Gross Profit": 85,
        "Operating Income": 39,
        "EBIT": 52,
        "Net Income": 26
    },
    "2016-03-31": {
        "Diluted EPS": 0.06,
        "Total Revenue": 627,
        "Gross Profit": 75,
        "Operating Income": 17,
        "EBIT": 28,
        "Net Income": 4
    },
    "2015-12-31": {
        "Diluted EPS": 0.39,
        "Total Revenue": 561,
        "Gross Profit": 73,
        "Operating Income": 33,
        "EBIT": 43,
        "Net Income": 23
    },
    "2015-09-30": {
        "Diluted EPS": -0.51,
        "Total Revenue": 578,
        "Gross Profit": 85,
        "Operating Income": -20,
        "EBIT": 51,
        "Net Income": -32
    },
    "2015-06-30": {
        "Diluted EPS": 0.43,
        "Total Revenue": 575,
        "Gross Profit": 82,
        "Operating Income": 41,
        "EBIT": 51,
        "Net Income": 26
    },
    "2015-03-31": {
        "Diluted EPS": 0.31,
        "Total Revenue": 565,
        "Gross Profit": 70,
        "Operating Income": 30,
        "EBIT": 41,
        "Net Income": 19
    },
    "2014-12-31": {
        "Diluted EPS": 0.41,
        "Total Revenue": 581,
        "Gross Profit": 79,
        "Operating Income": 37,
        "EBIT": 50,
        "Net Income": 26
    },
    "2014-09-30": {
        "Diluted EPS": 0.35,
        "Total Revenue": 622,
        "Gross Profit": 49,
        "Operating Income": 25,
        "EBIT": 37,
        "Net Income": 23
    },
    "2014-06-30": {
        "Diluted EPS": 0.41,
        "Total Revenue": 630,
        "Gross Profit": 77,
        "Operating Income": 39,
        "EBIT": 52,
        "Net Income": 27
    },
    "2014-03-31": {
        "Diluted EPS": 0.48,
        "Total Revenue": 586,
        "Gross Profit": 69,
        "Operating Income": 46,
        "EBIT": 60,
        "Net Income": 32
    },
    "2013-12-31": {
        "Diluted EPS": 0.42,
        "Total Revenue": 646,
        "Gross Profit": 86,
        "Operating Income": 44,
        "EBIT": 60,
        "Net Income": 27
    },
    "2013-09-30": {
        "Diluted EPS": 0.39,
        "Total Revenue": 698,
        "Gross Profit": 88,
        "Operating Income": 41,
        "EBIT": 56,
        "Net Income": 25
    },
    "2013-06-30": {
        "Diluted EPS": -1.21,
        "Total Revenue": 615,
        "Gross Profit": 6,
        "Operating Income": -100,
        "EBIT": -25,
        "Net Income": -78
    },
    "2013-03-31": {
        "Diluted EPS": 0.38,
        "Total Revenue": 642,
        "Gross Profit": 85,
        "Operating Income": 38,
        "EBIT": 54,
        "Net Income": 25
    },
    "2012-12-31": {
        "Diluted EPS": 0.41,
        "Total Revenue": 659,
        "Gross Profit": 88,
        "Operating Income": 42,
        "EBIT": 54,
        "Net Income": 26
    },
    "2012-09-30": {
        "Diluted EPS": 0.47,
        "Total Revenue": 719,
        "Gross Profit": 89,
        "Operating Income": 48,
        "EBIT": 64,
        "Net Income": 30
    },
    "2012-06-30": {
        "Diluted EPS": 0.45,
        "Total Revenue": 685,
        "Gross Profit": 98,
        "Operating Income": 46,
        "EBIT": 59,
        "Net Income": 29
    },
    "2012-03-31": {
        "Diluted EPS": 0.35,
        "Total Revenue": 624,
        "Gross Profit": 88,
        "Operating Income": 36,
        "EBIT": 49,
        "Net Income": 22
    },
    "2011-12-31": {
        "Diluted EPS": 0.36,
        "Total Revenue": 683,
        "Gross Profit": 85,
        "Operating Income": 36,
        "EBIT": 51,
        "Net Income": 23
    },
    "2011-09-30": {
        "Diluted EPS": 0.41,
        "Total Revenue": 676,
        "Gross Profit": 103,
        "Operating Income": 43,
        "EBIT": 58,
        "Net Income": 26
    },
    "2011-06-30": {
        "Diluted EPS": 0.38,
        "Total Revenue": 674,
        "Gross Profit": 85,
        "Operating Income": 39,
        "EBIT": 54,
        "Net Income": 24
    },
    "2011-03-31": {
        "Diluted EPS": 0.28,
        "Total Revenue": 613,
        "Gross Profit": 75,
        "Operating Income": 29,
        "EBIT": 43,
        "Net Income": 18
    },
    "2010-12-31": {
        "Diluted EPS": 0.36,
        "Total Revenue": 611,
        "Gross Profit": 76,
        "Operating Income": 34,
        "EBIT": 48,
        "Net Income": 22
    },
    "2010-09-30": {
        "Diluted EPS": 0.38,
        "Total Revenue": 627,
        "Gross Profit": 82,
        "Operating Income": 37,
        "EBIT": 47,
        "Net Income": 23
    },
    "2010-06-30": {
        "Diluted EPS": 0.33,
        "Total Revenue": 562,
        "Gross Profit": 72,
        "Operating Income": 33,
        "EBIT": 41,
        "Net Income": 21
    },
    "2010-03-31": {
        "Diluted EPS": 0.23,
        "Total Revenue": 470,
        "Gross Profit": 64,
        "Operating Income": 24,
        "EBIT": 32,
        "Net Income": 14
    },
    "2009-12-31": {
        "Diluted EPS": 0.3,
        "Total Revenue": 542,
        "Gross Profit": 70,
        "Operating Income": 31,
        "EBIT": 39,
        "Net Income": 19
    },
    "2009-09-30": {
        "Diluted EPS": 0.33,
        "Total Revenue": 575,
        "Gross Profit": 72,
        "Operating Income": 33,
        "EBIT": 41,
        "Net Income": 20
    },
    "2009-06-30": {
        "Diluted EPS": 0.51,
        "Total Revenue": 551,
        "Gross Profit": 75,
        "Operating Income": 33,
        "EBIT": 40,
        "Net Income": 31
    },
    "2009-03-31": {
        "Diluted EPS": 0.32,
        "Total Revenue": 522,
        "Gross Profit": 66,
        "Operating Income": 28,
        "EBIT": 35,
        "Net Income": 19
    },
    "2023-06-30": {
        "Tax Effect Of Unusual Items": NaN,
        "Tax Rate For Calcs": NaN,
        "Normalized EBITDA": NaN,
        "Total Unusual Items": NaN,
        "Total Unusual Items Excluding Goodwill": NaN,
        "Net Income From Continuing Operation Net Minority Interest": NaN,
        "Reconciled Depreciation": NaN,
        "Reconciled Cost Of Revenue": NaN,
        "EBITDA": NaN,
        "EBIT": NaN,
        "Net Interest Income": NaN,
        "Interest Expense": NaN,
        "Normalized Income": NaN,
        "Net Income From Continuing And Discontinued Operation": NaN,
        "Total Expenses": NaN,
        "Total Operating Income As Reported": NaN,
        "Diluted Average Shares": NaN,
        "Basic Average Shares": NaN,
        "Diluted EPS": NaN,
        "Basic EPS": NaN,
        "Diluted NI Availto Com Stockholders": NaN,
        "Net Income Common Stockholders": NaN,
        "Net Income": NaN,
        "Minority Interests": NaN,
        "Net Income Including Noncontrolling Interests": NaN,
        "Net Income Continuous Operations": NaN,
        "Tax Provision": NaN,
        "Pretax Income": NaN,
        "Other Income Expense": -2107000.0,
        "Other Non Operating Income Expenses": NaN,
        "Special Income Charges": NaN,
        "Other Special Charges": NaN,
        "Restructuring And Mergern Acquisition": NaN,
        "Net Non Operating Interest Income Expense": NaN,
        "Interest Expense Non Operating": NaN,
        "Operating Income": NaN,
        "Operating Expense": NaN,
        "Selling General And Administration": NaN,
        "Gross Profit": NaN,
        "Cost Of Revenue": NaN,
        "Total Revenue": NaN,
        "Operating Revenue": NaN
    },
    "2023-09-30": {
        "Tax Effect Of Unusual Items": NaN,
        "Tax Rate For Calcs": NaN,
        "Normalized EBITDA": NaN,
        "Total Unusual Items": NaN,
        "Total Unusual Items Excluding Goodwill": NaN,
        "Net Income From Continuing Operation Net Minority Interest": NaN,
        "Reconciled Depreciation": NaN,
        "Reconciled Cost Of Revenue": NaN,
        "EBITDA": NaN,
        "EBIT": NaN,
        "Net Interest Income": NaN,
        "Interest Expense": NaN,
        "Normalized Income": NaN,
        "Net Income From Continuing And Discontinued Operation": NaN,
        "Total Expenses": NaN,
        "Total Operating Income As Reported": NaN,
        "Diluted Average Shares": NaN,
        "Basic Average Shares": NaN,
        "Diluted EPS": NaN,
        "Basic EPS": NaN,
        "Diluted NI Availto Com Stockholders": NaN,
        "Net Income Common Stockholders": NaN,
        "Net Income": NaN,
        "Minority Interests": NaN,
        "Net Income Including Noncontrolling Interests": NaN,
        "Net Income Continuous Operations": NaN,
        "Tax Provision": NaN,
        "Pretax Income": NaN,
        "Other Income Expense": NaN,
        "Other Non Operating Income Expenses": 0.0,
        "Special Income Charges": NaN,
        "Other Special Charges": NaN,
        "Impairment Of Capital Assets": NaN,
        "Restructuring And Mergern Acquisition": NaN,
        "Net Non Operating Interest Income Expense": NaN,
        "Interest Expense Non Operating": NaN,
        "Operating Income": NaN,
        "Operating Expense": NaN,
        "Selling General And Administration": NaN,
        "Gross Profit": NaN,
        "Cost Of Revenue": NaN,
        "Total Revenue": NaN,
        "Operating Revenue": NaN
    },
    "2023-12-31": {
        "Tax Effect Of Unusual Items": NaN,
        "Tax Rate For Calcs": NaN,
        "Normalized EBITDA": NaN,
        "Total Unusual Items": NaN,
        "Total Unusual Items Excluding Goodwill": NaN,
        "Net Income From Continuing Operation Net Minority Interest": NaN,
        "Reconciled Depreciation": NaN,
        "Reconciled Cost Of Revenue": NaN,
        "EBITDA": NaN,
        "EBIT": NaN,
        "Net Interest Income": NaN,
        "Interest Expense": NaN,
        "Normalized Income": NaN,
        "Net Income From Continuing And Discontinued Operation": NaN,
        "Total Expenses": NaN,
        "Total Operating Income As Reported": NaN,
        "Diluted Average Shares": NaN,
        "Basic Average Shares": NaN,
        "Diluted EPS": NaN,
        "Basic EPS": NaN,
        "Diluted NI Availto Com Stockholders": NaN,
        "Net Income Common Stockholders": NaN,
        "Net Income": NaN,
        "Minority Interests": NaN,
        "Net Income Including Noncontrolling Interests": NaN,
        "Net Income Continuous Operations": NaN,
        "Tax Provision": NaN,
        "Pretax Income": NaN,
        "Other Income Expense": NaN,
        "Special Income Charges": NaN,
        "Other Special Charges": NaN,
        "Impairment Of Capital Assets": NaN,
        "Restructuring And Mergern Acquisition": 0.0,
        "Net Non Operating Interest Income Expense": NaN,
        "Interest Expense Non Operating": NaN,
        "Operating Income": NaN,
        "Operating Expense": NaN,
        "Selling General And Administration": NaN,
        "Gross Profit": NaN,
        "Cost Of Revenue": NaN,
        "Total Revenue": NaN,
        "Operating Revenue": NaN
    },
    "2024-03-31": {
        "Tax Effect Of Unusual Items": NaN,
        "Tax Rate For Calcs": NaN,
        "Normalized EBITDA": NaN,
        "Total Unusual Items": NaN,
        "Total Unusual Items Excluding Goodwill": NaN,
        "Net Income From Continuing Operation Net Minority Interest": NaN,
        "Reconciled Depreciation": NaN,
        "Reconciled Cost Of Revenue": NaN,
        "EBITDA": NaN,
        "EBIT": NaN,
        "Net Interest Income": NaN,
        "Interest Expense": NaN,
        "Normalized Income": NaN,
        "Net Income From Continuing And Discontinued Operation": NaN,
        "Total Expenses": NaN,
        "Total Operating Income As Reported": NaN,
        "Diluted Average Shares": NaN,
        "Basic Average Shares": NaN,
        "Diluted EPS": NaN,
        "Basic EPS": NaN,
        "Diluted NI Availto Com Stockholders": NaN,
        "Net Income Common Stockholders": NaN,
        "Net Income": NaN,
        "Minority Interests": NaN,
        "Net Income Including Noncontrolling Interests": NaN,
        "Net Income Continuous Operations": NaN,
        "Tax Provision": NaN,
        "Pretax Income": NaN,
        "Other Income Expense": NaN,
        "Special Income Charges": NaN,
        "Other Special Charges": NaN,
        "Impairment Of Capital Assets": 0.0,
        "Restructuring And Mergern Acquisition": 14000.0,
        "Net Non Operating Interest Income Expense": NaN,
        "Interest Expense Non Operating": NaN,
        "Operating Income": NaN,
        "Operating Expense": NaN,
        "Selling General And Administration": NaN,
        "Gross Profit": NaN,
        "Cost Of Revenue": NaN,
        "Total Revenue": NaN,
        "Operating Revenue": NaN
    },
    "2024-06-30": {
        "Tax Effect Of Unusual Items": -138538.385081,
        "Tax Rate For Calcs": 0.277077,
        "Normalized EBITDA": 148633000.0,
        "Total Unusual Items": -500000.0,
        "Total Unusual Items Excluding Goodwill": -500000.0,
        "Net Income From Continuing Operation Net Minority Interest": 85810000.0,
        "Reconciled Depreciation": 19503000.0,
        "Reconciled Cost Of Revenue": 1121151000.0,
        "EBITDA": 148133000.0,
        "EBIT": 128630000.0,
        "Net Interest Income": -9912000.0,
        "Interest Expense": 9912000.0,
        "Normalized Income": 86171461.614919,
        "Net Income From Continuing And Discontinued Operation": 85810000.0,
        "Total Expenses": 1215193000.0,
        "Total Operating Income As Reported": 128630000.0,
        "Diluted Average Shares": 270260000.0,
        "Basic Average Shares": 267575000.0,
        "Diluted EPS": 0.318,
        "Basic EPS": 0.32,
        "Diluted NI Availto Com Stockholders": 85810000.0,
        "Net Income Common Stockholders": 85810000.0,
        "Net Income": 85810000.0,
        "Minority Interests": -14000.0,
        "Net Income Including Noncontrolling Interests": 85824000.0,
        "Net Income Continuous Operations": 85824000.0,
        "Tax Provision": 32894000.0,
        "Pretax Income": 118718000.0,
        "Other Income Expense": -500000.0,
        "Special Income Charges": -500000.0,
        "Other Special Charges": NaN,
        "Impairment Of Capital Assets": 0.0,
        "Restructuring And Mergern Acquisition": 500000.0,
        "Net Non Operating Interest Income Expense": -9912000.0,
        "Interest Expense Non Operating": 9912000.0,
        "Operating Income": 129130000.0,
        "Operating Expense": 94042000.0,
        "Selling General And Administration": 94042000.0,
        "Gross Profit": 223172000.0,
        "Cost Of Revenue": 1121151000.0,
        "Total Revenue": 1344323000.0,
        "Operating Revenue": 1344323000.0
    },
    "2024-09-30": {
        "Tax Effect Of Unusual Items": -2667625.456827,
        "Tax Rate For Calcs": 0.289896,
        "Normalized EBITDA": 176791000.0,
        "Total Unusual Items": -9202000.0,
        "Total Unusual Items Excluding Goodwill": -9202000.0,
        "Net Income From Continuing Operation Net Minority Interest": 96154000.0,
        "Reconciled Depreciation": 16959000.0,
        "Reconciled Cost Of Revenue": 1129199000.0,
        "EBITDA": 167589000.0,
        "EBIT": 150630000.0,
        "Net Interest Income": -7897000.0,
        "Interest Expense": 15185000.0,
        "Normalized Income": 102688374.543173,
        "Net Income From Continuing And Discontinued Operation": 96154000.0,
        "Total Expenses": 1221930000.0,
        "Total Operating Income As Reported": 143342000.0,
        "Diluted Average Shares": 271656000.0,
        "Basic Average Shares": 267687000.0,
        "Diluted EPS": 0.35,
        "Basic EPS": 0.36,
        "Diluted NI Availto Com Stockholders": 96154000.0,
        "Net Income Common Stockholders": 96154000.0,
        "Net Income": 96154000.0,
        "Minority Interests": -26000.0,
        "Net Income Including Noncontrolling Interests": 96180000.0,
        "Net Income Continuous Operations": 96180000.0,
        "Tax Provision": 39265000.0,
        "Pretax Income": 135445000.0,
        "Other Income Expense": -9202000.0,
        "Special Income Charges": -9202000.0,
        "Other Special Charges": NaN,
        "Impairment Of Capital Assets": NaN,
        "Restructuring And Mergern Acquisition": 9202000.0,
        "Net Non Operating Interest Income Expense": -7897000.0,
        "Interest Expense Non Operating": 15185000.0,
        "Operating Income": 152544000.0,
        "Operating Expense": 92731000.0,
        "Selling General And Administration": 92731000.0,
        "Gross Profit": 245275000.0,
        "Cost Of Revenue": 1129199000.0,
        "Total Revenue": 1374474000.0,
        "Operating Revenue": 1374474000.0
    },
    "2024-12-31": {
        "Tax Effect Of Unusual Items": -24150000.0,
        "Tax Rate For Calcs": 0.21,
        "Normalized EBITDA": 153589000.0,
        "Total Unusual Items": -115000000.0,
        "Total Unusual Items Excluding Goodwill": -115000000.0,
        "Net Income From Continuing Operation Net Minority Interest": 747000.0,
        "Reconciled Depreciation": 16063000.0,
        "Reconciled Cost Of Revenue": 1199084000.0,
        "EBITDA": 38589000.0,
        "EBIT": 22526000.0,
        "Net Interest Income": -7218000.0,
        "Interest Expense": 7218000.0,
        "Normalized Income": 91597000.0,
        "Net Income From Continuing And Discontinued Operation": 747000.0,
        "Total Expenses": 1283035000.0,
        "Total Operating Income As Reported": 22526000.0,
        "Diluted Average Shares": 271886000.0,
        "Basic Average Shares": 267854000.0,
        "Diluted EPS": 0.0,
        "Basic EPS": 0.0,
        "Diluted NI Availto Com Stockholders": 747000.0,
        "Net Income Common Stockholders": 747000.0,
        "Net Income": 747000.0,
        "Minority Interests": -31000.0,
        "Net Income Including Noncontrolling Interests": 778000.0,
        "Net Income Continuous Operations": 778000.0,
        "Tax Provision": 14530000.0,
        "Pretax Income": 15308000.0,
        "Other Income Expense": -115000000.0,
        "Special Income Charges": -115000000.0,
        "Other Special Charges": 115000000.0,
        "Impairment Of Capital Assets": NaN,
        "Restructuring And Mergern Acquisition": NaN,
        "Net Non Operating Interest Income Expense": -7218000.0,
        "Interest Expense Non Operating": 7218000.0,
        "Operating Income": 137526000.0,
        "Operating Expense": 83951000.0,
        "Selling General And Administration": 83951000.0,
        "Gross Profit": 221477000.0,
        "Cost Of Revenue": 1199084000.0,
        "Total Revenue": 1420561000.0,
        "Operating Revenue": 1420561000.0
    },
    "2025-03-31": {
        "Tax Effect Of Unusual Items": -19001850.0,
        "Tax Rate For Calcs": 0.21,
        "Normalized EBITDA": 143964000.0,
        "Total Unusual Items": -90485000.0,
        "Total Unusual Items Excluding Goodwill": -90485000.0,
        "Net Income From Continuing Operation Net Minority Interest": 5388000.0,
        "Reconciled Depreciation": 13876000.0,
        "Reconciled Cost Of Revenue": 1107931000.0,
        "EBITDA": 53479000.0,
        "EBIT": 39603000.0,
        "Net Interest Income": -8491000.0,
        "Interest Expense": 8491000.0,
        "Normalized Income": 76871150.0,
        "Net Income From Continuing And Discontinued Operation": 5388000.0,
        "Total Expenses": 1192025000.0,
        "Total Operating Income As Reported": 39603000.0,
        "Diluted Average Shares": 267439000.0,
        "Basic Average Shares": 265728000.0,
        "Diluted EPS": 0.02,
        "Basic EPS": 0.02,
        "Diluted NI Availto Com Stockholders": 5388000.0,
        "Net Income Common Stockholders": 5388000.0,
        "Net Income": 5388000.0,
        "Minority Interests": -24000.0,
        "Net Income Including Noncontrolling Interests": 5412000.0,
        "Net Income Continuous Operations": 5412000.0,
        "Tax Provision": 25700000.0,
        "Pretax Income": 31112000.0,
        "Other Income Expense": -90485000.0,
        "Special Income Charges": -90485000.0,
        "Other Special Charges": NaN,
        "Impairment Of Capital Assets": 92416000.0,
        "Restructuring And Mergern Acquisition": -1931000.0,
        "Net Non Operating Interest Income Expense": -8491000.0,
        "Interest Expense Non Operating": 8491000.0,
        "Operating Income": 130088000.0,
        "Operating Expense": 84094000.0,
        "Selling General And Administration": 84094000.0,
        "Gross Profit": 214182000.0,
        "Cost Of Revenue": 1107931000.0,
        "Total Revenue": 1322113000.0,
        "Operating Revenue": 1322113000.0
    },
    "2025-06-30": {
        "Tax Effect Of Unusual Items": 15847.490076,
        "Tax Rate For Calcs": 0.273233,
        "Normalized EBITDA": 178625000.0,
        "Total Unusual Items": 58000.0,
        "Total Unusual Items Excluding Goodwill": 58000.0,
        "Net Income From Continuing Operation Net Minority Interest": 113844000.0,
        "Reconciled Depreciation": 13697000.0,
        "Reconciled Cost Of Revenue": 1118277000.0,
        "EBITDA": 178683000.0,
        "EBIT": 164986000.0,
        "Net Interest Income": -8288000.0,
        "Interest Expense": 8288000.0,
        "Normalized Income": 113801847.490076,
        "Net Income From Continuing And Discontinued Operation": 113844000.0,
        "Total Expenses": 1204888000.0,
        "Total Operating Income As Reported": 164986000.0,
        "Diluted Average Shares": 264855000.0,
        "Basic Average Shares": 263026000.0,
        "Diluted EPS": 0.43,
        "Basic EPS": 0.43,
        "Diluted NI Availto Com Stockholders": 113844000.0,
        "Net Income Common Stockholders": 113844000.0,
        "Net Income": 113844000.0,
        "Minority Interests": -39000.0,
        "Net Income Including Noncontrolling Interests": 113883000.0,
        "Net Income Continuous Operations": 113883000.0,
        "Tax Provision": 42815000.0,
        "Pretax Income": 156698000.0,
        "Other Income Expense": 58000.0,
        "Special Income Charges": 58000.0,
        "Other Special Charges": NaN,
        "Impairment Of Capital Assets": 0.0,
        "Restructuring And Mergern Acquisition": -58000.0,
        "Net Non Operating Interest Income Expense": -8288000.0,
        "Interest Expense Non Operating": 8288000.0,
        "Operating Income": 164928000.0,
        "Operating Expense": 86611000.0,
        "Selling General And Administration": 86611000.0,
        "Gross Profit": 251539000.0,
        "Cost Of Revenue": 1118277000.0,
        "Total Revenue": 1369816000.0,
        "Operating Revenue": 1369816000.0
    }
}