{
    "2023-03-31": {
        "Tax Effect Of Unusual Items": NaN,
        "Tax Rate For Calcs": NaN,
        "Normalized EBITDA": NaN,
        "Total Unusual Items": NaN,
        "Total Unusual Items Excluding Goodwill": NaN,
        "Net Income From Continuing Operation Net Minority Interest": NaN,
        "Reconciled Depreciation": NaN,
        "Reconciled Cost Of Revenue": NaN,
        "EBITDA": NaN,
        "EBIT": NaN,
        "Net Interest Income": NaN,
        "Interest Income": NaN,
        "Normalized Income": NaN,
        "Net Income From Continuing And Discontinued Operation": NaN,
        "Total Expenses": NaN,
        "Total Operating Income As Reported": NaN,
        "Diluted Average Shares": NaN,
        "Basic Average Shares": NaN,
        "Diluted EPS": NaN,
        "Basic EPS": NaN,
        "Diluted NI Availto Com Stockholders": NaN,
        "Net Income Common Stockholders": NaN,
        "Net Income": NaN,
        "Net Income Including Noncontrolling Interests": NaN,
        "Net Income Continuous Operations": NaN,
        "Tax Provision": NaN,
        "Pretax Income": NaN,
        "Other Income Expense": NaN,
        "Special Income Charges": NaN,
        "Other Special Charges": NaN,
        "Restructuring And Mergern Acquisition": NaN,
        "Net Non Operating Interest Income Expense": NaN,
        "Total Other Finance Cost": -2757000.0,
        "Interest Income Non Operating": NaN,
        "Operating Income": NaN,
        "Operating Expense": NaN,
        "Depreciation Amortization Depletion Income Statement": NaN,
        "Depreciation And Amortization In Income Statement": NaN,
        "Amortization": NaN,
        "Amortization Of Intangibles Income Statement": NaN,
        "Depreciation Income Statement": NaN,
        "Research And Development": NaN,
        "Selling General And Administration": NaN,
        "Selling And Marketing Expense": NaN,
        "General And Administrative Expense": NaN,
        "Other Gand A": NaN,
        "Salaries And Wages": NaN,
        "Gross Profit": NaN,
        "Cost Of Revenue": NaN,
        "Total Revenue": NaN,
        "Operating Revenue": NaN
    },
    "2022-12-31": {
        "Tax Effect Of Unusual Items": 0.0,
        "Tax Rate For Calcs": 0.348232,
        "Normalized EBITDA": 17834000.0,
        "Total Unusual Items": NaN,
        "Total Unusual Items Excluding Goodwill": NaN,
        "Net Income From Continuing Operation Net Minority Interest": 7189000.0,
        "Reconciled Depreciation": 4883000.0,
        "Reconciled Cost Of Revenue": 18247000.0,
        "EBITDA": 17834000.0,
        "EBIT": 12951000.0,
        "Net Interest Income": 2514000.0,
        "Normalized Income": 7189000.0,
        "Net Income From Continuing And Discontinued Operation": 7189000.0,
        "Total Expenses": 60084000.0,
        "Total Operating Income As Reported": 8516000.0,
        "Diluted Average Shares": 33383000.0,
        "Basic Average Shares": 29437000.0,
        "Diluted EPS": 0.23,
        "Basic EPS": 0.24,
        "Diluted NI Availto Com Stockholders": 5268000.0,
        "Net Income Common Stockholders": 7189000.0,
        "Net Income": 7189000.0,
        "Net Income Including Noncontrolling Interests": 7189000.0,
        "Net Income Continuous Operations": 7189000.0,
        "Tax Provision": 3841000.0,
        "Pretax Income": 11030000.0,
        "Other Income Expense": NaN,
        "Special Income Charges": NaN,
        "Other Special Charges": NaN,
        "Net Non Operating Interest Income Expense": 2514000.0,
        "Total Other Finance Cost": NaN,
        "Operating Income": 12951000.0,
        "Operating Expense": 40408000.0,
        "Depreciation Amortization Depletion Income Statement": 3454000.0,
        "Depreciation And Amortization In Income Statement": 3454000.0,
        "Amortization": 1515000.0,
        "Amortization Of Intangibles Income Statement": 1515000.0,
        "Depreciation Income Statement": 1939000.0,
        "Research And Development": 3358000.0,
        "Selling General And Administration": 33596000.0,
        "Selling And Marketing Expense": 25765000.0,
        "General And Administrative Expense": 7831000.0,
        "Other Gand A": 7831000.0,
        "Salaries And Wages": NaN,
        "Gross Profit": 53359000.0,
        "Cost Of Revenue": 19676000.0,
        "Total Revenue": 73035000.0,
        "Operating Revenue": 73035000.0
    },
    "2022-09-30": {
        "Tax Effect Of Unusual Items": NaN,
        "Tax Rate For Calcs": NaN,
        "Normalized EBITDA": NaN,
        "Total Unusual Items": 0.0,
        "Total Unusual Items Excluding Goodwill": 0.0,
        "Net Income From Continuing Operation Net Minority Interest": NaN,
        "Reconciled Depreciation": NaN,
        "Reconciled Cost Of Revenue": NaN,
        "EBITDA": NaN,
        "EBIT": NaN,
        "Net Interest Income": NaN,
        "Interest Income": NaN,
        "Normalized Income": NaN,
        "Net Income From Continuing And Discontinued Operation": NaN,
        "Total Expenses": NaN,
        "Total Operating Income As Reported": NaN,
        "Diluted Average Shares": NaN,
        "Basic Average Shares": NaN,
        "Diluted EPS": NaN,
        "Basic EPS": NaN,
        "Diluted NI Availto Com Stockholders": NaN,
        "Average Dilution Earnings": 641000.0,
        "Net Income Common Stockholders": NaN,
        "Net Income": NaN,
        "Net Income Including Noncontrolling Interests": NaN,
        "Net Income Continuous Operations": NaN,
        "Tax Provision": NaN,
        "Pretax Income": NaN,
        "Other Income Expense": NaN,
        "Special Income Charges": 0.0,
        "Other Special Charges": NaN,
        "Restructuring And Mergern Acquisition": NaN,
        "Net Non Operating Interest Income Expense": NaN,
        "Total Other Finance Cost": 109000.0,
        "Interest Income Non Operating": NaN,
        "Operating Income": NaN,
        "Operating Expense": NaN,
        "Depreciation Amortization Depletion Income Statement": NaN,
        "Depreciation And Amortization In Income Statement": NaN,
        "Amortization": NaN,
        "Amortization Of Intangibles Income Statement": NaN,
        "Depreciation Income Statement": NaN,
        "Research And Development": NaN,
        "Selling General And Administration": NaN,
        "Selling And Marketing Expense": NaN,
        "General And Administrative Expense": NaN,
        "Other Gand A": NaN,
        "Salaries And Wages": NaN,
        "Gross Profit": NaN,
        "Cost Of Revenue": NaN,
        "Total Revenue": NaN,
        "Operating Revenue": NaN
    },
    "2022-06-30": {
        "Tax Effect Of Unusual Items": 0.0,
        "Tax Rate For Calcs": 0.32,
        "Normalized EBITDA": 24211000.0,
        "Total Unusual Items": NaN,
        "Total Unusual Items Excluding Goodwill": NaN,
        "Net Income From Continuing Operation Net Minority Interest": 12415000.0,
        "Reconciled Depreciation": 5096000.0,
        "Reconciled Cost Of Revenue": 19097000.0,
        "EBITDA": 24211000.0,
        "EBIT": 19115000.0,
        "Net Interest Income": -984000.0,
        "Normalized Income": 12415000.0,
        "Net Income From Continuing And Discontinued Operation": 12415000.0,
        "Total Expenses": 59761000.0,
        "Total Operating Income As Reported": 19115000.0,
        "Diluted Average Shares": 34265000.0,
        "Basic Average Shares": 29574000.0,
        "Diluted EPS": 0.38,
        "Basic EPS": 0.42,
        "Diluted NI Availto Com Stockholders": 12415000.0,
        "Net Income Common Stockholders": 12415000.0,
        "Net Income": 12415000.0,
        "Net Income Including Noncontrolling Interests": 12415000.0,
        "Net Income Continuous Operations": 12415000.0,
        "Tax Provision": 5716000.0,
        "Pretax Income": 18131000.0,
        "Other Income Expense": NaN,
        "Special Income Charges": NaN,
        "Restructuring And Mergern Acquisition": NaN,
        "Net Non Operating Interest Income Expense": -984000.0,
        "Total Other Finance Cost": 984000.0,
        "Operating Income": 19115000.0,
        "Operating Expense": 39312000.0,
        "Depreciation Amortization Depletion Income Statement": 3744000.0,
        "Depreciation And Amortization In Income Statement": 3744000.0,
        "Amortization": 1977000.0,
        "Amortization Of Intangibles Income Statement": 1977000.0,
        "Depreciation Income Statement": 1767000.0,
        "Research And Development": 3081000.0,
        "Selling General And Administration": 32487000.0,
        "Selling And Marketing Expense": 24798000.0,
        "General And Administrative Expense": 7689000.0,
        "Other Gand A": 7689000.0,
        "Salaries And Wages": NaN,
        "Gross Profit": 58427000.0,
        "Cost Of Revenue": 20449000.0,
        "Total Revenue": 78876000.0,
        "Operating Revenue": 78876000.0
    },
    "2022-03-31": {
        "Diluted EPS": 0.23,
        "Total Revenue": 68,
        "Gross Profit": 50,
        "Operating Income": 11,
        "EBIT": 16,
        "Net Income": 7
    },
    "2021-12-31": {
        "Diluted EPS": -0.52,
        "Total Revenue": 77,
        "Gross Profit": 57,
        "Operating Income": 12,
        "EBIT": 20,
        "Net Income": -16
    },
    "2021-09-30": {
        "Diluted EPS": 0.32,
        "Total Revenue": 70,
        "Gross Profit": 52,
        "Operating Income": 7,
        "EBIT": 12,
        "Net Income": 10
    },
    "2021-06-30": {
        "Diluted EPS": 0.17,
        "Total Revenue": 64,
        "Gross Profit": 46,
        "Operating Income": 12,
        "EBIT": 17,
        "Net Income": 5
    },
    "2021-03-31": {
        "Diluted EPS": 0.06,
        "Total Revenue": 53,
        "Gross Profit": 37,
        "Operating Income": 3,
        "EBIT": 8,
        "Net Income": 2
    },
    "2020-12-31": {
        "Diluted EPS": 0.12,
        "Total Revenue": 46,
        "Gross Profit": 35,
        "Operating Income": 6,
        "EBIT": 8,
        "Net Income": 3
    },
    "2020-09-30": {
        "Diluted EPS": 0.24,
        "Total Revenue": 36,
        "Gross Profit": 27,
        "Operating Income": 6,
        "EBIT": 8,
        "Net Income": 7
    },
    "2020-06-30": {
        "Diluted EPS": 0.17,
        "Total Revenue": 35,
        "Gross Profit": 26,
        "Operating Income": 7,
        "EBIT": 9,
        "Net Income": 5
    },
    "2020-03-31": {
        "Diluted EPS": 0.08,
        "Total Revenue": 31,
        "Gross Profit": 23,
        "Operating Income": 4,
        "EBIT": 5,
        "Net Income": 2
    },
    "2019-12-31": {
        "Diluted EPS": 0.14,
        "Total Revenue": 36,
        "Gross Profit": 27,
        "Operating Income": 5,
        "EBIT": 7,
        "Net Income": 4
    },
    "2019-09-30": {
        "Diluted EPS": 0.19,
        "Total Revenue": 34,
        "Gross Profit": 26,
        "Operating Income": 7,
        "EBIT": 8,
        "Net Income": 5
    },
    "2019-06-30": {
        "Diluted EPS": 0.15,
        "Total Revenue": 34,
        "Gross Profit": 26,
        "Operating Income": 6,
        "EBIT": 7,
        "Net Income": 4
    },
    "2019-03-31": {
        "Diluted EPS": 0.12,
        "Total Revenue": 30,
        "Gross Profit": 23,
        "Operating Income": 4,
        "EBIT": 6,
        "Net Income": 3
    },
    "2018-12-31": {
        "Diluted EPS": 0.1,
        "Total Revenue": 32,
        "Gross Profit": 24,
        "Operating Income": 4,
        "EBIT": 6,
        "Net Income": 3
    },
    "2018-09-30": {
        "Diluted EPS": 0.13,
        "Total Revenue": 31,
        "Gross Profit": 23,
        "Operating Income": 3,
        "EBIT": 5,
        "Net Income": 4
    },
    "2018-06-30": {
        "Diluted EPS": 0.15,
        "Total Revenue": 31,
        "Gross Profit": 24,
        "Operating Income": 6,
        "EBIT": 8,
        "Net Income": 4
    },
    "2018-03-31": {
        "Diluted EPS": 0.07,
        "Total Revenue": 27,
        "Gross Profit": 21,
        "Operating Income": 3,
        "EBIT": 4,
        "Net Income": 2
    },
    "2017-12-31": {
        "Diluted EPS": 0.12,
        "Total Revenue": 30,
        "Gross Profit": 23,
        "Operating Income": 5,
        "EBIT": 7,
        "Net Income": 3
    },
    "2017-09-30": {
        "Diluted EPS": 0.07,
        "Total Revenue": 28,
        "Gross Profit": 21,
        "Operating Income": 3,
        "EBIT": 4,
        "Net Income": 2
    },
    "2017-06-30": {
        "Diluted EPS": 0.05,
        "Total Revenue": 27,
        "Gross Profit": 20,
        "Operating Income": 2,
        "EBIT": 4,
        "Net Income": 1
    },
    "2017-03-31": {
        "Diluted EPS": 0.0,
        "Total Revenue": 24,
        "Gross Profit": 17,
        "Operating Income": 0,
        "EBIT": 1,
        "Net Income": 0
    },
    "2016-12-31": {
        "Diluted EPS": 0.01,
        "Total Revenue": 27,
        "Gross Profit": 19,
        "Operating Income": 2,
        "EBIT": 3,
        "Net Income": 0
    },
    "2016-09-30": {
        "Diluted EPS": 0.0,
        "Total Revenue": 26,
        "Gross Profit": 18,
        "Operating Income": 1,
        "EBIT": 2,
        "Net Income": 0
    },
    "2016-06-30": {
        "Diluted EPS": 0.07,
        "Total Revenue": 29,
        "Gross Profit": 22,
        "Operating Income": 4,
        "EBIT": 6,
        "Net Income": 2
    },
    "2016-03-31": {
        "Diluted EPS": 0.0,
        "Total Revenue": 25,
        "Gross Profit": 18,
        "Operating Income": 0,
        "EBIT": 2,
        "Net Income": 0
    },
    "2015-12-31": {
        "Diluted EPS": 0.06,
        "Total Revenue": 29,
        "Gross Profit": 22,
        "Operating Income": 4,
        "EBIT": 6,
        "Net Income": 2
    },
    "2015-09-30": {
        "Diluted EPS": 0.06,
        "Total Revenue": 29,
        "Gross Profit": 21,
        "Operating Income": 3,
        "EBIT": 5,
        "Net Income": 2
    },
    "2015-06-30": {
        "Diluted EPS": 0.08,
        "Total Revenue": 30,
        "Gross Profit": 22,
        "Operating Income": 4,
        "EBIT": 6,
        "Net Income": 3
    },
    "2015-03-31": {
        "Diluted EPS": 0.01,
        "Total Revenue": 24,
        "Gross Profit": 17,
        "Operating Income": 0,
        "EBIT": 2,
        "Net Income": 0
    },
    "2014-12-31": {
        "Diluted EPS": 0.05,
        "Total Revenue": 31,
        "Gross Profit": 23,
        "Operating Income": 4,
        "EBIT": 5,
        "Net Income": 2
    },
    "2014-09-30": {
        "Diluted EPS": 0.03,
        "Total Revenue": 26,
        "Gross Profit": 20,
        "Operating Income": 2,
        "EBIT": 3,
        "Net Income": 1
    },
    "2014-06-30": {
        "Diluted EPS": 0.04,
        "Total Revenue": 26,
        "Gross Profit": 19,
        "Operating Income": 2,
        "EBIT": 3,
        "Net Income": 1
    },
    "2014-03-31": {
        "Diluted EPS": 0.0,
        "Total Revenue": 23,
        "Gross Profit": 16,
        "Operating Income": 0,
        "EBIT": 2,
        "Net Income": 0
    },
    "2013-12-31": {
        "Diluted EPS": 0.0,
        "Total Revenue": 24,
        "Gross Profit": 17,
        "Operating Income": 1,
        "EBIT": 2,
        "Net Income": 0
    },
    "2013-09-30": {
        "Diluted EPS": 0.01,
        "Total Revenue": 22,
        "Gross Profit": 15,
        "Operating Income": 0,
        "EBIT": 1,
        "Net Income": 1
    },
    "2013-06-30": {
        "Diluted EPS": -0.02,
        "Total Revenue": 23,
        "Gross Profit": 16,
        "Operating Income": 0,
        "EBIT": 2,
        "Net Income": -1
    },
    "2013-03-31": {
        "Diluted EPS": -0.04,
        "Total Revenue": 20,
        "Gross Profit": 13,
        "Operating Income": -3,
        "EBIT": -1,
        "Net Income": -2
    },
    "2012-12-31": {
        "Diluted EPS": 0.02,
        "Total Revenue": 25,
        "Gross Profit": 19,
        "Operating Income": 3,
        "EBIT": 5,
        "Net Income": 1
    },
    "2012-09-30": {
        "Diluted EPS": 0.02,
        "Total Revenue": 25,
        "Gross Profit": 17,
        "Operating Income": 1,
        "EBIT": 3,
        "Net Income": 1
    },
    "2012-06-30": {
        "Diluted EPS": 0.05,
        "Total Revenue": 26,
        "Gross Profit": 19,
        "Operating Income": 3,
        "EBIT": 5,
        "Net Income": 2
    },
    "2012-03-31": {
        "Diluted EPS": 0.01,
        "Total Revenue": 24,
        "Gross Profit": 17,
        "Operating Income": 1,
        "EBIT": 3,
        "Net Income": 0
    },
    "2011-12-31": {
        "Diluted EPS": 0.06,
        "Total Revenue": 29,
        "Gross Profit": 22,
        "Operating Income": 5,
        "EBIT": 7,
        "Net Income": 2
    },
    "2011-09-30": {
        "Diluted EPS": 0.02,
        "Total Revenue": 26,
        "Gross Profit": 19,
        "Operating Income": 2,
        "EBIT": 4,
        "Net Income": 1
    },
    "2011-06-30": {
        "Diluted EPS": 0.04,
        "Total Revenue": 28,
        "Gross Profit": 21,
        "Operating Income": 4,
        "EBIT": 5,
        "Net Income": 2
    },
    "2011-03-31": {
        "Diluted EPS": 0.0,
        "Total Revenue": 23,
        "Gross Profit": 16,
        "Operating Income": 0,
        "EBIT": 2,
        "Net Income": 0
    },
    "2010-12-31": {
        "Diluted EPS": 0.03,
        "Total Revenue": 27,
        "Gross Profit": 21,
        "Operating Income": 4,
        "EBIT": 6,
        "Net Income": 1
    },
    "2010-09-30": {
        "Diluted EPS": -0.01,
        "Total Revenue": 22,
        "Gross Profit": 16,
        "Operating Income": 0,
        "EBIT": 2,
        "Net Income": -1
    },
    "2010-06-30": {
        "Diluted EPS": 0.01,
        "Total Revenue": 25,
        "Gross Profit": 19,
        "Operating Income": 1,
        "EBIT": 4,
        "Net Income": 0
    },
    "2010-03-31": {
        "Diluted EPS": -0.06,
        "Total Revenue": 21,
        "Gross Profit": 15,
        "Operating Income": -3,
        "EBIT": -1,
        "Net Income": -2
    },
    "2009-12-31": {
        "Diluted EPS": -0.02,
        "Total Revenue": 23,
        "Gross Profit": 15,
        "Operating Income": -1,
        "EBIT": 1,
        "Net Income": -1
    },
    "2009-09-30": {
        "Diluted EPS": -0.03,
        "Total Revenue": 23,
        "Gross Profit": 17,
        "Operating Income": -2,
        "EBIT": 0,
        "Net Income": -1
    },
    "2009-06-30": {
        "Diluted EPS": -0.01,
        "Total Revenue": 22,
        "Gross Profit": 16,
        "Operating Income": 0,
        "EBIT": 2,
        "Net Income": -1
    },
    "2009-03-31": {
        "Diluted EPS": -0.06,
        "Total Revenue": 18,
        "Gross Profit": 13,
        "Operating Income": -3,
        "EBIT": 0,
        "Net Income": -2
    },
    "2023-06-30": {
        "Tax Effect Of Unusual Items": -1028912.092095,
        "Tax Rate For Calcs": 0.008653,
        "Normalized EBITDA": 3962000.0,
        "Total Unusual Items": -118904000.0,
        "Total Unusual Items Excluding Goodwill": -118904000.0,
        "Net Income From Continuing Operation Net Minority Interest": -127623000.0,
        "Reconciled Depreciation": 7723000.0,
        "Reconciled Cost Of Revenue": 24573000.0,
        "EBITDA": -114942000.0,
        "EBIT": -122665000.0,
        "Net Interest Income": -5505000.0,
        "Interest Expense": 6072000.0,
        "Interest Income": 567000.0,
        "Normalized Income": -9747912.092095,
        "Net Income From Continuing And Discontinued Operation": -127623000.0,
        "Total Expenses": 64538000.0,
        "Total Operating Income As Reported": -122610000.0,
        "Diluted Average Shares": NaN,
        "Basic Average Shares": NaN,
        "Diluted EPS": NaN,
        "Basic EPS": NaN,
        "Diluted NI Availto Com Stockholders": -127623000.0,
        "Net Income Common Stockholders": -127623000.0,
        "Net Income": -127623000.0,
        "Net Income Including Noncontrolling Interests": -127623000.0,
        "Net Income Continuous Operations": -127623000.0,
        "Tax Provision": -1114000.0,
        "Pretax Income": -128737000.0,
        "Other Income Expense": -119526000.0,
        "Other Non Operating Income Expenses": -622000.0,
        "Special Income Charges": -118904000.0,
        "Impairment Of Capital Assets": 130132000.0,
        "Restructuring And Mergern Acquisition": -11228000.0,
        "Net Non Operating Interest Income Expense": -5505000.0,
        "Interest Expense Non Operating": 6072000.0,
        "Interest Income Non Operating": 567000.0,
        "Operating Income": -3706000.0,
        "Operating Expense": 39965000.0,
        "Depreciation Amortization Depletion Income Statement": 7723000.0,
        "Depreciation And Amortization In Income Statement": 7723000.0,
        "Amortization": 7576000.0,
        "Amortization Of Intangibles Income Statement": 7576000.0,
        "Depreciation Income Statement": 147000.0,
        "Research And Development": 3188000.0,
        "Selling General And Administration": 29054000.0,
        "Selling And Marketing Expense": 13962000.0,
        "General And Administrative Expense": 15092000.0,
        "Other Gand A": 15092000.0,
        "Gross Profit": 36259000.0,
        "Cost Of Revenue": 24573000.0,
        "Total Revenue": 60832000.0,
        "Operating Revenue": 60832000.0
    },
    "2023-09-30": {
        "Tax Effect Of Unusual Items": 1056930.0,
        "Tax Rate For Calcs": 0.21,
        "Normalized EBITDA": 814000.0,
        "Total Unusual Items": 5033000.0,
        "Total Unusual Items Excluding Goodwill": 5033000.0,
        "Net Income From Continuing Operation Net Minority Interest": 1742000.0,
        "Reconciled Depreciation": 5378000.0,
        "Reconciled Cost Of Revenue": 17254000.0,
        "EBITDA": 5847000.0,
        "EBIT": 469000.0,
        "Net Interest Income": 2791000.0,
        "Interest Income": 2791000.0,
        "Normalized Income": -2234070.0,
        "Net Income From Continuing And Discontinued Operation": 1742000.0,
        "Total Expenses": 56659000.0,
        "Total Operating Income As Reported": 469000.0,
        "Diluted Average Shares": 28206336.0,
        "Basic Average Shares": 28073459.0,
        "Diluted EPS": 0.06,
        "Basic EPS": 0.06,
        "Diluted NI Availto Com Stockholders": 1742000.0,
        "Net Income Common Stockholders": 1742000.0,
        "Net Income": 1742000.0,
        "Net Income Including Noncontrolling Interests": 1742000.0,
        "Net Income Continuous Operations": 1742000.0,
        "Tax Provision": 6551000.0,
        "Pretax Income": 8293000.0,
        "Other Income Expense": 5033000.0,
        "Special Income Charges": 5033000.0,
        "Other Special Charges": -5033000.0,
        "Restructuring And Mergern Acquisition": 0.0,
        "Net Non Operating Interest Income Expense": 2791000.0,
        "Total Other Finance Cost": -2791000.0,
        "Interest Income Non Operating": 2791000.0,
        "Operating Income": 469000.0,
        "Operating Expense": 37709000.0,
        "Depreciation Amortization Depletion Income Statement": 3682000.0,
        "Depreciation And Amortization In Income Statement": 3682000.0,
        "Amortization": 1502000.0,
        "Amortization Of Intangibles Income Statement": 1502000.0,
        "Depreciation Income Statement": 2180000.0,
        "Research And Development": 2700000.0,
        "Selling General And Administration": 31327000.0,
        "Selling And Marketing Expense": 23944000.0,
        "General And Administrative Expense": 7383000.0,
        "Other Gand A": 7383000.0,
        "Salaries And Wages": NaN,
        "Gross Profit": 38178000.0,
        "Cost Of Revenue": 18950000.0,
        "Total Revenue": 57128000.0,
        "Operating Revenue": 57128000.0
    },
    "2023-12-31": {
        "Tax Effect Of Unusual Items": 0.0,
        "Tax Rate For Calcs": 0.21,
        "Normalized EBITDA": 1827000.0,
        "Total Unusual Items": 0.0,
        "Total Unusual Items Excluding Goodwill": 0.0,
        "Net Income From Continuing Operation Net Minority Interest": -1601000.0,
        "Reconciled Depreciation": 5530000.0,
        "Reconciled Cost Of Revenue": 17684000.0,
        "EBITDA": 1827000.0,
        "EBIT": -3703000.0,
        "Net Interest Income": 3192000.0,
        "Interest Income": NaN,
        "Normalized Income": -1601000.0,
        "Net Income From Continuing And Discontinued Operation": -1601000.0,
        "Total Expenses": 60995000.0,
        "Total Operating Income As Reported": -3703000.0,
        "Diluted Average Shares": 28424000.0,
        "Basic Average Shares": 28424000.0,
        "Diluted EPS": -0.06,
        "Basic EPS": -0.06,
        "Diluted NI Availto Com Stockholders": -1601000.0,
        "Net Income Common Stockholders": -1601000.0,
        "Net Income": -1601000.0,
        "Net Income Including Noncontrolling Interests": -1601000.0,
        "Net Income Continuous Operations": -1601000.0,
        "Tax Provision": 1090000.0,
        "Pretax Income": -511000.0,
        "Other Income Expense": 0.0,
        "Special Income Charges": 0.0,
        "Other Special Charges": 0.0,
        "Restructuring And Mergern Acquisition": NaN,
        "Net Non Operating Interest Income Expense": 3192000.0,
        "Total Other Finance Cost": NaN,
        "Interest Income Non Operating": NaN,
        "Operating Income": -3703000.0,
        "Operating Expense": 41531000.0,
        "Depreciation Amortization Depletion Income Statement": 3750000.0,
        "Depreciation And Amortization In Income Statement": 3750000.0,
        "Amortization": 1498000.0,
        "Amortization Of Intangibles Income Statement": 1498000.0,
        "Depreciation Income Statement": 2252000.0,
        "Research And Development": 3145000.0,
        "Selling General And Administration": 34636000.0,
        "Selling And Marketing Expense": 23546000.0,
        "General And Administrative Expense": 11090000.0,
        "Other Gand A": 11090000.0,
        "Salaries And Wages": NaN,
        "Gross Profit": 37828000.0,
        "Cost Of Revenue": 19464000.0,
        "Total Revenue": 57292000.0,
        "Operating Revenue": 57292000.0
    },
    "2024-03-31": {
        "Tax Effect Of Unusual Items": -3086115.0,
        "Tax Rate For Calcs": 0.283,
        "Normalized EBITDA": 1240000.0,
        "Total Unusual Items": -10905000.0,
        "Total Unusual Items Excluding Goodwill": -10905000.0,
        "Net Income From Continuing Operation Net Minority Interest": -19509000.0,
        "Reconciled Depreciation": 11341000.0,
        "Reconciled Cost Of Revenue": 23867000.0,
        "EBITDA": -9665000.0,
        "EBIT": -21006000.0,
        "Net Interest Income": -4967000.0,
        "Interest Expense": 6201000.0,
        "Interest Income": 1234000.0,
        "Normalized Income": -11690115.0,
        "Net Income From Continuing And Discontinued Operation": -19509000.0,
        "Total Expenses": 70212000.0,
        "Total Operating Income As Reported": -22458000.0,
        "Diluted Average Shares": 41651366.0,
        "Basic Average Shares": 41651366.0,
        "Diluted EPS": -0.47,
        "Basic EPS": -0.47,
        "Diluted NI Availto Com Stockholders": -19509000.0,
        "Net Income Common Stockholders": -19509000.0,
        "Net Income": -19509000.0,
        "Net Income Including Noncontrolling Interests": -19509000.0,
        "Net Income Continuous Operations": -19509000.0,
        "Tax Provision": -7698000.0,
        "Pretax Income": -27207000.0,
        "Other Income Expense": -10687000.0,
        "Other Non Operating Income Expenses": 218000.0,
        "Special Income Charges": -10905000.0,
        "Impairment Of Capital Assets": 1864000.0,
        "Restructuring And Mergern Acquisition": 9041000.0,
        "Net Non Operating Interest Income Expense": -4967000.0,
        "Interest Expense Non Operating": 6201000.0,
        "Interest Income Non Operating": 1234000.0,
        "Operating Income": -11553000.0,
        "Operating Expense": 46243000.0,
        "Depreciation Amortization Depletion Income Statement": 11239000.0,
        "Depreciation And Amortization In Income Statement": 11239000.0,
        "Amortization": 10836000.0,
        "Amortization Of Intangibles Income Statement": 10836000.0,
        "Depreciation Income Statement": 403000.0,
        "Research And Development": 3019000.0,
        "Selling General And Administration": 31985000.0,
        "Selling And Marketing Expense": 13807000.0,
        "General And Administrative Expense": 18178000.0,
        "Other Gand A": 18178000.0,
        "Gross Profit": 34690000.0,
        "Cost Of Revenue": 23969000.0,
        "Total Revenue": 58659000.0,
        "Operating Revenue": 58659000.0
    },
    "2024-06-30": {
        "Tax Effect Of Unusual Items": -493107.621771,
        "Tax Rate For Calcs": 0.016713,
        "Normalized EBITDA": 3987000.0,
        "Total Unusual Items": -29505000.0,
        "Total Unusual Items Excluding Goodwill": -29505000.0,
        "Net Income From Continuing Operation Net Minority Interest": -39890000.0,
        "Reconciled Depreciation": 8848000.0,
        "Reconciled Cost Of Revenue": 26558000.0,
        "EBITDA": -25518000.0,
        "EBIT": -34366000.0,
        "Net Interest Income": -5115000.0,
        "Interest Expense": 6202000.0,
        "Interest Income": 1087000.0,
        "Normalized Income": -10878107.621771,
        "Net Income From Continuing And Discontinued Operation": -39890000.0,
        "Total Expenses": 69086000.0,
        "Total Operating Income As Reported": -35606000.0,
        "Diluted Average Shares": NaN,
        "Basic Average Shares": NaN,
        "Diluted EPS": NaN,
        "Basic EPS": NaN,
        "Diluted NI Availto Com Stockholders": -39890000.0,
        "Net Income Common Stockholders": -39890000.0,
        "Net Income": -39890000.0,
        "Net Income Including Noncontrolling Interests": -39890000.0,
        "Net Income Continuous Operations": -39890000.0,
        "Tax Provision": -678000.0,
        "Pretax Income": -40568000.0,
        "Other Income Expense": -29352000.0,
        "Other Non Operating Income Expenses": 153000.0,
        "Special Income Charges": -29505000.0,
        "Impairment Of Capital Assets": 155000.0,
        "Restructuring And Mergern Acquisition": 29350000.0,
        "Net Non Operating Interest Income Expense": -5115000.0,
        "Interest Expense Non Operating": 6202000.0,
        "Interest Income Non Operating": 1087000.0,
        "Operating Income": -6101000.0,
        "Operating Expense": 42385000.0,
        "Depreciation Amortization Depletion Income Statement": 8705000.0,
        "Depreciation And Amortization In Income Statement": 8705000.0,
        "Amortization": 8321000.0,
        "Amortization Of Intangibles Income Statement": 8321000.0,
        "Depreciation Income Statement": 384000.0,
        "Research And Development": 2909000.0,
        "Selling General And Administration": 30771000.0,
        "Selling And Marketing Expense": 14072000.0,
        "General And Administrative Expense": 16699000.0,
        "Other Gand A": 16699000.0,
        "Gross Profit": 36284000.0,
        "Cost Of Revenue": 26701000.0,
        "Total Revenue": 62985000.0,
        "Operating Revenue": 62985000.0
    },
    "2024-09-30": {
        "Tax Effect Of Unusual Items": -555450.0,
        "Tax Rate For Calcs": 0.21,
        "Normalized EBITDA": 9375000.0,
        "Total Unusual Items": -2645000.0,
        "Total Unusual Items Excluding Goodwill": -2645000.0,
        "Net Income From Continuing Operation Net Minority Interest": -1716000.0,
        "Reconciled Depreciation": 5933000.0,
        "Reconciled Cost Of Revenue": 19918000.0,
        "EBITDA": 6730000.0,
        "EBIT": 797000.0,
        "Net Interest Income": 3609000.0,
        "Interest Income": 3609000.0,
        "Normalized Income": 373550.0,
        "Net Income From Continuing And Discontinued Operation": -1716000.0,
        "Total Expenses": 57675000.0,
        "Total Operating Income As Reported": -1848000.0,
        "Diluted Average Shares": 28867873.0,
        "Basic Average Shares": 28867873.0,
        "Diluted EPS": -0.06,
        "Basic EPS": -0.06,
        "Diluted NI Availto Com Stockholders": -1716000.0,
        "Net Income Common Stockholders": -1716000.0,
        "Net Income": -1716000.0,
        "Net Income Including Noncontrolling Interests": -1716000.0,
        "Net Income Continuous Operations": -1716000.0,
        "Tax Provision": 3477000.0,
        "Pretax Income": 1761000.0,
        "Other Income Expense": -2645000.0,
        "Special Income Charges": -2645000.0,
        "Other Special Charges": NaN,
        "Restructuring And Mergern Acquisition": 2645000.0,
        "Net Non Operating Interest Income Expense": 3609000.0,
        "Total Other Finance Cost": NaN,
        "Interest Income Non Operating": 3609000.0,
        "Operating Income": 797000.0,
        "Operating Expense": 35654000.0,
        "Depreciation Amortization Depletion Income Statement": 3830000.0,
        "Depreciation And Amortization In Income Statement": 3830000.0,
        "Amortization": 1513000.0,
        "Amortization Of Intangibles Income Statement": 1513000.0,
        "Depreciation Income Statement": 2317000.0,
        "Research And Development": 2948000.0,
        "Selling General And Administration": 28876000.0,
        "Selling And Marketing Expense": 22269000.0,
        "General And Administrative Expense": 6607000.0,
        "Other Gand A": 6607000.0,
        "Salaries And Wages": NaN,
        "Gross Profit": 36451000.0,
        "Cost Of Revenue": 22021000.0,
        "Total Revenue": 58472000.0,
        "Operating Revenue": 58472000.0
    },
    "2025-03-31": {
        "Tax Effect Of Unusual Items": -98369880.0,
        "Tax Rate For Calcs": 0.21,
        "Normalized EBITDA": -451000.0,
        "Total Unusual Items": -468428000.0,
        "Total Unusual Items Excluding Goodwill": -468428000.0,
        "Net Income From Continuing Operation Net Minority Interest": -523388000.0,
        "Reconciled Depreciation": 26293000.0,
        "Reconciled Cost Of Revenue": 41687000.0,
        "EBITDA": -468879000.0,
        "EBIT": -495172000.0,
        "Net Interest Income": -987000.0,
        "Interest Expense": 1813000.0,
        "Interest Income": 826000.0,
        "Normalized Income": -153329880.0,
        "Net Income From Continuing And Discontinued Operation": -523388000.0,
        "Total Expenses": 128363000.0,
        "Total Operating Income As Reported": -492904000.0,
        "Diluted Average Shares": 71465493.0,
        "Basic Average Shares": 71465493.0,
        "Diluted EPS": -7.32,
        "Basic EPS": -7.32,
        "Diluted NI Availto Com Stockholders": -523388000.0,
        "Net Income Common Stockholders": -523388000.0,
        "Net Income": -523388000.0,
        "Net Income Including Noncontrolling Interests": -523388000.0,
        "Net Income Continuous Operations": -523388000.0,
        "Tax Provision": 26403000.0,
        "Pretax Income": -496985000.0,
        "Other Income Expense": -471522000.0,
        "Other Non Operating Income Expenses": -3094000.0,
        "Special Income Charges": -468428000.0,
        "Impairment Of Capital Assets": 459100000.0,
        "Restructuring And Mergern Acquisition": 9328000.0,
        "Net Non Operating Interest Income Expense": -987000.0,
        "Interest Expense Non Operating": 1813000.0,
        "Interest Income Non Operating": 826000.0,
        "Operating Income": -24476000.0,
        "Operating Expense": 84203000.0,
        "Depreciation Amortization Depletion Income Statement": 23820000.0,
        "Depreciation And Amortization In Income Statement": 23820000.0,
        "Amortization": 23288000.0,
        "Amortization Of Intangibles Income Statement": 23288000.0,
        "Depreciation Income Statement": 532000.0,
        "Research And Development": 2789000.0,
        "Selling General And Administration": 57594000.0,
        "Selling And Marketing Expense": 33310000.0,
        "General And Administrative Expense": 24284000.0,
        "Other Gand A": 24284000.0,
        "Gross Profit": 59727000.0,
        "Cost Of Revenue": 44160000.0,
        "Total Revenue": 103887000.0,
        "Operating Revenue": 103887000.0
    }
}