{
    "2023-06-30": {
        "Tax Effect Of Unusual Items": NaN,
        "Tax Rate For Calcs": NaN,
        "Normalized EBITDA": NaN,
        "Total Unusual Items": NaN,
        "Total Unusual Items Excluding Goodwill": NaN,
        "Net Income From Continuing Operation Net Minority Interest": NaN,
        "Reconciled Depreciation": NaN,
        "Reconciled Cost Of Revenue": NaN,
        "EBITDA": NaN,
        "EBIT": NaN,
        "Net Interest Income": NaN,
        "Interest Expense": NaN,
        "Normalized Income": NaN,
        "Net Income From Continuing And Discontinued Operation": NaN,
        "Total Expenses": NaN,
        "Diluted Average Shares": NaN,
        "Basic Average Shares": NaN,
        "Diluted EPS": NaN,
        "Basic EPS": NaN,
        "Diluted NI Availto Com Stockholders": NaN,
        "Net Income Common Stockholders": NaN,
        "Net Income": NaN,
        "Minority Interests": NaN,
        "Net Income Including Noncontrolling Interests": NaN,
        "Net Income Discontinuous Operations": NaN,
        "Net Income Continuous Operations": NaN,
        "Tax Provision": NaN,
        "Pretax Income": NaN,
        "Other Income Expense": NaN,
        "Other Non Operating Income Expenses": NaN,
        "Special Income Charges": NaN,
        "Other Special Charges": NaN,
        "Net Non Operating Interest Income Expense": NaN,
        "Interest Expense Non Operating": NaN,
        "Operating Income": NaN,
        "Operating Expense": NaN,
        "Other Operating Expenses": 2341000.0,
        "Selling General And Administration": NaN,
        "General And Administrative Expense": NaN,
        "Other Gand A": NaN,
        "Gross Profit": NaN,
        "Cost Of Revenue": NaN,
        "Total Revenue": NaN,
        "Operating Revenue": NaN
    },
    "2023-03-31": {
        "Tax Effect Of Unusual Items": NaN,
        "Tax Rate For Calcs": NaN,
        "Normalized EBITDA": NaN,
        "Total Unusual Items": NaN,
        "Total Unusual Items Excluding Goodwill": NaN,
        "Net Income From Continuing Operation Net Minority Interest": NaN,
        "Reconciled Depreciation": NaN,
        "Reconciled Cost Of Revenue": NaN,
        "EBITDA": NaN,
        "EBIT": NaN,
        "Net Interest Income": NaN,
        "Interest Expense": NaN,
        "Normalized Income": NaN,
        "Net Income From Continuing And Discontinued Operation": NaN,
        "Total Expenses": NaN,
        "Diluted Average Shares": NaN,
        "Basic Average Shares": NaN,
        "Diluted EPS": NaN,
        "Basic EPS": NaN,
        "Diluted NI Availto Com Stockholders": NaN,
        "Net Income Common Stockholders": NaN,
        "Net Income": NaN,
        "Minority Interests": NaN,
        "Net Income Including Noncontrolling Interests": NaN,
        "Net Income Discontinuous Operations": NaN,
        "Net Income Continuous Operations": NaN,
        "Tax Provision": NaN,
        "Pretax Income": NaN,
        "Other Income Expense": NaN,
        "Other Non Operating Income Expenses": NaN,
        "Special Income Charges": NaN,
        "Other Special Charges": NaN,
        "Net Non Operating Interest Income Expense": NaN,
        "Interest Expense Non Operating": NaN,
        "Operating Income": NaN,
        "Operating Expense": NaN,
        "Other Operating Expenses": 720000.0,
        "Selling General And Administration": NaN,
        "General And Administrative Expense": NaN,
        "Other Gand A": NaN,
        "Gross Profit": NaN,
        "Cost Of Revenue": NaN,
        "Total Revenue": NaN,
        "Operating Revenue": NaN
    },
    "2022-12-31": {
        "Tax Effect Of Unusual Items": NaN,
        "Tax Rate For Calcs": NaN,
        "Normalized EBITDA": NaN,
        "Total Unusual Items": NaN,
        "Total Unusual Items Excluding Goodwill": NaN,
        "Net Income From Continuing Operation Net Minority Interest": NaN,
        "Reconciled Depreciation": NaN,
        "Reconciled Cost Of Revenue": NaN,
        "EBITDA": NaN,
        "EBIT": NaN,
        "Net Interest Income": NaN,
        "Interest Expense": NaN,
        "Normalized Income": NaN,
        "Net Income From Continuing And Discontinued Operation": NaN,
        "Total Expenses": NaN,
        "Diluted Average Shares": NaN,
        "Basic Average Shares": NaN,
        "Diluted EPS": NaN,
        "Basic EPS": NaN,
        "Diluted NI Availto Com Stockholders": NaN,
        "Net Income Common Stockholders": NaN,
        "Net Income": NaN,
        "Minority Interests": NaN,
        "Net Income Including Noncontrolling Interests": NaN,
        "Net Income Discontinuous Operations": NaN,
        "Net Income Continuous Operations": NaN,
        "Tax Provision": NaN,
        "Pretax Income": NaN,
        "Other Income Expense": NaN,
        "Other Non Operating Income Expenses": NaN,
        "Special Income Charges": NaN,
        "Other Special Charges": NaN,
        "Net Non Operating Interest Income Expense": NaN,
        "Interest Expense Non Operating": NaN,
        "Operating Income": NaN,
        "Operating Expense": NaN,
        "Other Operating Expenses": 3135000.0,
        "Selling General And Administration": NaN,
        "General And Administrative Expense": NaN,
        "Other Gand A": NaN,
        "Gross Profit": NaN,
        "Cost Of Revenue": NaN,
        "Total Revenue": NaN,
        "Operating Revenue": NaN
    },
    "2022-09-30": {
        "Tax Effect Of Unusual Items": 0.0,
        "Tax Rate For Calcs": 0.4,
        "Normalized EBITDA": 14748000.0,
        "Net Income From Continuing Operation Net Minority Interest": -41000.0,
        "Reconciled Depreciation": 8634000.0,
        "Reconciled Cost Of Revenue": 105539000.0,
        "EBITDA": 14748000.0,
        "EBIT": 6114000.0,
        "Net Interest Income": -3999000.0,
        "Interest Expense": 3999000.0,
        "Normalized Income": -41000.0,
        "Net Income From Continuing And Discontinued Operation": 278000.0,
        "Total Expenses": 130308000.0,
        "Diluted Average Shares": 128407000.0,
        "Basic Average Shares": 128407000.0,
        "Diluted EPS": 0.002165,
        "Basic EPS": 0.002165,
        "Diluted NI Availto Com Stockholders": 278000.0,
        "Net Income Common Stockholders": 278000.0,
        "Net Income": 278000.0,
        "Minority Interests": 22000.0,
        "Net Income Including Noncontrolling Interests": 256000.0,
        "Net Income Discontinuous Operations": 319000.0,
        "Net Income Continuous Operations": -63000.0,
        "Tax Provision": 2178000.0,
        "Pretax Income": 2115000.0,
        "Other Income Expense": 1410000.0,
        "Other Non Operating Income Expenses": 1410000.0,
        "Net Non Operating Interest Income Expense": -3999000.0,
        "Interest Expense Non Operating": 3999000.0,
        "Operating Income": 4704000.0,
        "Operating Expense": 24769000.0,
        "Other Operating Expenses": 936000.0,
        "Selling General And Administration": 23833000.0,
        "General And Administrative Expense": 23833000.0,
        "Other Gand A": 23833000.0,
        "Gross Profit": 29473000.0,
        "Cost Of Revenue": 105539000.0,
        "Total Revenue": 135012000.0,
        "Operating Revenue": 135012000.0
    },
    "2022-06-30": {
        "Tax Effect Of Unusual Items": 0.0,
        "Tax Rate For Calcs": 0.4,
        "Normalized EBITDA": 12638000.0,
        "Net Income From Continuing Operation Net Minority Interest": 1779000.0,
        "Reconciled Depreciation": 7748000.0,
        "Reconciled Cost Of Revenue": 112609000.0,
        "EBITDA": 12638000.0,
        "EBIT": 4890000.0,
        "Net Interest Income": -3610000.0,
        "Interest Expense": 3610000.0,
        "Normalized Income": 1779000.0,
        "Net Income From Continuing And Discontinued Operation": 1745000.0,
        "Total Expenses": 136863000.0,
        "Diluted Average Shares": 130099000.0,
        "Basic Average Shares": 127992000.0,
        "Diluted EPS": 0.01,
        "Basic EPS": 0.01,
        "Diluted NI Availto Com Stockholders": 1745000.0,
        "Net Income Common Stockholders": 1745000.0,
        "Net Income": 1745000.0,
        "Minority Interests": 20000.0,
        "Net Income Including Noncontrolling Interests": 1725000.0,
        "Net Income Discontinuous Operations": -34000.0,
        "Net Income Continuous Operations": 1759000.0,
        "Tax Provision": -479000.0,
        "Pretax Income": 1280000.0,
        "Other Income Expense": 1037000.0,
        "Other Non Operating Income Expenses": 1037000.0,
        "Net Non Operating Interest Income Expense": -3610000.0,
        "Interest Expense Non Operating": 3610000.0,
        "Operating Income": 3853000.0,
        "Operating Expense": 24254000.0,
        "Other Operating Expenses": 634000.0,
        "Selling General And Administration": 23620000.0,
        "General And Administrative Expense": 23620000.0,
        "Other Gand A": 23620000.0,
        "Gross Profit": 28107000.0,
        "Cost Of Revenue": 112609000.0,
        "Total Revenue": 140716000.0,
        "Operating Revenue": 140716000.0
    },
    "2022-03-31": {
        "Diluted EPS": 0.06,
        "Total Revenue": 130,
        "Gross Profit": 32,
        "Operating Income": 10,
        "EBIT": 18,
        "Net Income": 8
    },
    "2021-12-31": {
        "Diluted EPS": -0.01,
        "Total Revenue": 113,
        "Gross Profit": 19,
        "Operating Income": 0,
        "EBIT": 9,
        "Net Income": -1
    },
    "2021-09-30": {
        "Diluted EPS": 0.02,
        "Total Revenue": 95,
        "Gross Profit": 16,
        "Operating Income": -3,
        "EBIT": 6,
        "Net Income": 3
    },
    "2021-06-30": {
        "Diluted EPS": -0.05,
        "Total Revenue": 102,
        "Gross Profit": 16,
        "Operating Income": -1,
        "EBIT": 8,
        "Net Income": -7
    },
    "2021-03-31": {
        "Diluted EPS": 0.86,
        "Total Revenue": 77,
        "Gross Profit": 8,
        "Operating Income": -12,
        "EBIT": -2,
        "Net Income": 109
    },
    "2020-12-31": {
        "Diluted EPS": -0.12,
        "Total Revenue": 75,
        "Gross Profit": 12,
        "Operating Income": -4,
        "EBIT": 28,
        "Net Income": -15
    },
    "2020-09-30": {
        "Diluted EPS": -0.1,
        "Total Revenue": 73,
        "Gross Profit": 10,
        "Operating Income": -6,
        "EBIT": 25,
        "Net Income": -13
    },
    "2020-06-30": {
        "Diluted EPS": -0.17,
        "Total Revenue": 96,
        "Gross Profit": 16,
        "Operating Income": -8,
        "EBIT": 24,
        "Net Income": -21
    },
    "2020-03-31": {
        "Diluted EPS": -0.01,
        "Total Revenue": 133,
        "Gross Profit": 29,
        "Operating Income": 9,
        "EBIT": 39,
        "Net Income": -2
    },
    "2019-12-31": {
        "Diluted EPS": -0.91,
        "Total Revenue": 136,
        "Gross Profit": -59,
        "Operating Income": -109,
        "EBIT": -52,
        "Net Income": -114
    },
    "2019-09-30": {
        "Diluted EPS": -0.13,
        "Total Revenue": 246,
        "Gross Profit": 45,
        "Operating Income": 10,
        "EBIT": 43,
        "Net Income": -16
    },
    "2019-06-30": {
        "Diluted EPS": -0.06,
        "Total Revenue": 289,
        "Gross Profit": 48,
        "Operating Income": 12,
        "EBIT": 45,
        "Net Income": -7
    },
    "2019-03-31": {
        "Diluted EPS": -0.09,
        "Total Revenue": 244,
        "Gross Profit": 36,
        "Operating Income": 2,
        "EBIT": 34,
        "Net Income": -11
    },
    "2018-12-31": {
        "Diluted EPS": 0.04,
        "Total Revenue": 282,
        "Gross Profit": 45,
        "Operating Income": 12,
        "EBIT": 47,
        "Net Income": 5
    },
    "2018-09-30": {
        "Diluted EPS": -0.06,
        "Total Revenue": 257,
        "Gross Profit": 41,
        "Operating Income": 7,
        "EBIT": 37,
        "Net Income": -7
    },
    "2018-06-30": {
        "Diluted EPS": -0.05,
        "Total Revenue": 260,
        "Gross Profit": 48,
        "Operating Income": 14,
        "EBIT": 44,
        "Net Income": -6
    },
    "2018-03-31": {
        "Diluted EPS": -0.46,
        "Total Revenue": 199,
        "Gross Profit": 28,
        "Operating Income": -3,
        "EBIT": 27,
        "Net Income": -54
    },
    "2017-12-31": {
        "Diluted EPS": -0.25,
        "Total Revenue": 200,
        "Gross Profit": 17,
        "Operating Income": -13,
        "EBIT": 17,
        "Net Income": -29
    },
    "2017-09-30": {
        "Diluted EPS": 0.03,
        "Total Revenue": 184,
        "Gross Profit": 43,
        "Operating Income": 13,
        "EBIT": 43,
        "Net Income": 3
    },
    "2017-06-30": {
        "Diluted EPS": -0.1,
        "Total Revenue": 180,
        "Gross Profit": 30,
        "Operating Income": 0,
        "EBIT": 30,
        "Net Income": -11
    },
    "2017-03-31": {
        "Diluted EPS": -0.02,
        "Total Revenue": 159,
        "Gross Profit": 20,
        "Operating Income": -7,
        "EBIT": 23,
        "Net Income": -2
    },
    "2016-12-31": {
        "Diluted EPS": -0.26,
        "Total Revenue": 96,
        "Gross Profit": 11,
        "Operating Income": -8,
        "EBIT": 24,
        "Net Income": -32
    },
    "2016-09-30": {
        "Diluted EPS": -0.16,
        "Total Revenue": 177,
        "Gross Profit": 29,
        "Operating Income": 0,
        "EBIT": 32,
        "Net Income": -15
    },
    "2016-06-30": {
        "Diluted EPS": -0.32,
        "Total Revenue": 176,
        "Gross Profit": 16,
        "Operating Income": -11,
        "EBIT": 24,
        "Net Income": -27
    },
    "2016-03-31": {
        "Diluted EPS": -1.11,
        "Total Revenue": 169,
        "Gross Profit": 5,
        "Operating Income": -135,
        "EBIT": 6,
        "Net Income": -88
    },
    "2015-12-31": {
        "Diluted EPS": -1.84,
        "Total Revenue": 258,
        "Gross Profit": 3,
        "Operating Income": -218,
        "EBIT": -2,
        "Net Income": -146
    },
    "2015-09-30": {
        "Diluted EPS": 0.12,
        "Total Revenue": 305,
        "Gross Profit": 71,
        "Operating Income": 30,
        "EBIT": 70,
        "Net Income": 10
    },
    "2015-06-30": {
        "Diluted EPS": 0.19,
        "Total Revenue": 316,
        "Gross Profit": 70,
        "Operating Income": 32,
        "EBIT": 72,
        "Net Income": 15
    },
    "2015-03-31": {
        "Diluted EPS": -0.06,
        "Total Revenue": 251,
        "Gross Profit": 46,
        "Operating Income": 11,
        "EBIT": 50,
        "Net Income": -4
    },
    "2014-12-31": {
        "Diluted EPS": -1.91,
        "Total Revenue": 316,
        "Gross Profit": 0,
        "Operating Income": -104,
        "EBIT": 0,
        "Net Income": -150
    },
    "2014-09-30": {
        "Diluted EPS": -0.13,
        "Total Revenue": 306,
        "Gross Profit": 35,
        "Operating Income": -2,
        "EBIT": 33,
        "Net Income": -11
    },
    "2014-06-30": {
        "Diluted EPS": -0.03,
        "Total Revenue": 242,
        "Gross Profit": 35,
        "Operating Income": 3,
        "EBIT": 25,
        "Net Income": -2
    },
    "2014-03-31": {
        "Diluted EPS": -0.09,
        "Total Revenue": 213,
        "Gross Profit": 25,
        "Operating Income": -9,
        "EBIT": 14,
        "Net Income": -7
    },
    "2013-12-31": {
        "Diluted EPS": -0.13,
        "Total Revenue": 225,
        "Gross Profit": 19,
        "Operating Income": -14,
        "EBIT": 7,
        "Net Income": -10
    },
    "2013-09-30": {
        "Diluted EPS": 0.15,
        "Total Revenue": 254,
        "Gross Profit": 47,
        "Operating Income": 16,
        "EBIT": 36,
        "Net Income": 12
    },
    "2013-06-30": {
        "Diluted EPS": -0.04,
        "Total Revenue": 221,
        "Gross Profit": 31,
        "Operating Income": -3,
        "EBIT": 17,
        "Net Income": -3
    },
    "2013-03-31": {
        "Diluted EPS": 0.02,
        "Total Revenue": 209,
        "Gross Profit": 38,
        "Operating Income": 5,
        "EBIT": 25,
        "Net Income": 1
    },
    "2012-12-31": {
        "Diluted EPS": -0.05,
        "Total Revenue": 231,
        "Gross Profit": 32,
        "Operating Income": -4,
        "EBIT": 15,
        "Net Income": -4
    },
    "2012-09-30": {
        "Diluted EPS": 0.1,
        "Total Revenue": 234,
        "Gross Profit": 50,
        "Operating Income": 17,
        "EBIT": 37,
        "Net Income": 8
    },
    "2012-06-30": {
        "Diluted EPS": 0.15,
        "Total Revenue": 235,
        "Gross Profit": 53,
        "Operating Income": 22,
        "EBIT": 41,
        "Net Income": 12
    },
    "2012-03-31": {
        "Diluted EPS": 0.01,
        "Total Revenue": 181,
        "Gross Profit": 32,
        "Operating Income": 2,
        "EBIT": 19,
        "Net Income": 1
    },
    "2011-12-31": {
        "Diluted EPS": -0.33,
        "Total Revenue": 186,
        "Gross Profit": -7,
        "Operating Income": -36,
        "EBIT": -20,
        "Net Income": -25
    },
    "2011-09-30": {
        "Diluted EPS": 0.02,
        "Total Revenue": 201,
        "Gross Profit": 36,
        "Operating Income": 8,
        "EBIT": 24,
        "Net Income": 1
    },
    "2011-06-30": {
        "Diluted EPS": 0.39,
        "Total Revenue": 235,
        "Gross Profit": 36,
        "Operating Income": 7,
        "EBIT": 35,
        "Net Income": 30
    },
    "2011-03-31": {
        "Diluted EPS": -0.03,
        "Total Revenue": 223,
        "Gross Profit": 26,
        "Operating Income": -1,
        "EBIT": 33,
        "Net Income": -3
    },
    "2010-12-31": {
        "Diluted EPS": -0.83,
        "Total Revenue": 213,
        "Gross Profit": -68,
        "Operating Income": -96,
        "EBIT": -59,
        "Net Income": -63
    },
    "2010-09-30": {
        "Diluted EPS": 0.0,
        "Total Revenue": 212,
        "Gross Profit": 29,
        "Operating Income": 4,
        "EBIT": 42,
        "Net Income": 0
    },
    "2010-06-30": {
        "Diluted EPS": 0.18,
        "Total Revenue": 242,
        "Gross Profit": 48,
        "Operating Income": 23,
        "EBIT": 59,
        "Net Income": 14
    },
    "2010-03-31": {
        "Diluted EPS": 0.07,
        "Total Revenue": 206,
        "Gross Profit": 35,
        "Operating Income": 12,
        "EBIT": 49,
        "Net Income": 5
    },
    "2009-12-31": {
        "Diluted EPS": 0.34,
        "Total Revenue": 212,
        "Gross Profit": 67,
        "Operating Income": 37,
        "EBIT": 75,
        "Net Income": 26
    },
    "2009-09-30": {
        "Diluted EPS": 0.3,
        "Total Revenue": 254,
        "Gross Profit": 100,
        "Operating Income": 39,
        "EBIT": 75,
        "Net Income": 23
    },
    "2009-06-30": {
        "Diluted EPS": 0.12,
        "Total Revenue": 218,
        "Gross Profit": 81,
        "Operating Income": 18,
        "EBIT": 57,
        "Net Income": 9
    },
    "2009-03-31": {
        "Diluted EPS": 0.15,
        "Total Revenue": 195,
        "Gross Profit": 80,
        "Operating Income": 19,
        "EBIT": 55,
        "Net Income": 11
    },
    "2023-09-30": {
        "Tax Effect Of Unusual Items": NaN,
        "Tax Rate For Calcs": NaN,
        "Normalized EBITDA": NaN,
        "Total Unusual Items": 0.0,
        "Total Unusual Items Excluding Goodwill": 0.0,
        "Net Income From Continuing Operation Net Minority Interest": NaN,
        "Reconciled Depreciation": NaN,
        "Reconciled Cost Of Revenue": NaN,
        "EBITDA": NaN,
        "EBIT": NaN,
        "Net Interest Income": NaN,
        "Interest Expense": NaN,
        "Normalized Income": NaN,
        "Net Income From Continuing And Discontinued Operation": NaN,
        "Total Expenses": NaN,
        "Diluted Average Shares": 132089000.0,
        "Basic Average Shares": 129777000.0,
        "Diluted EPS": 0.04,
        "Basic EPS": 0.04,
        "Diluted NI Availto Com Stockholders": NaN,
        "Net Income Common Stockholders": NaN,
        "Net Income": NaN,
        "Minority Interests": NaN,
        "Net Income Including Noncontrolling Interests": NaN,
        "Net Income Discontinuous Operations": NaN,
        "Net Income Continuous Operations": NaN,
        "Tax Provision": NaN,
        "Pretax Income": NaN,
        "Other Income Expense": NaN,
        "Other Non Operating Income Expenses": NaN,
        "Special Income Charges": 0.0,
        "Other Special Charges": NaN,
        "Net Non Operating Interest Income Expense": NaN,
        "Interest Expense Non Operating": NaN,
        "Operating Income": NaN,
        "Operating Expense": NaN,
        "Other Operating Expenses": 3775000.0,
        "Selling General And Administration": NaN,
        "General And Administrative Expense": NaN,
        "Other Gand A": NaN,
        "Gross Profit": NaN,
        "Cost Of Revenue": NaN,
        "Total Revenue": NaN,
        "Operating Revenue": NaN
    },
    "2023-12-31": {
        "Tax Effect Of Unusual Items": 0.0,
        "Tax Rate For Calcs": 0.21,
        "Normalized EBITDA": 10670000.0,
        "Total Unusual Items": NaN,
        "Total Unusual Items Excluding Goodwill": NaN,
        "Net Income From Continuing Operation Net Minority Interest": -4237000.0,
        "Reconciled Depreciation": 8624000.0,
        "Reconciled Cost Of Revenue": 122883000.0,
        "EBITDA": 10670000.0,
        "EBIT": 2046000.0,
        "Net Interest Income": -5677000.0,
        "Interest Expense": 5677000.0,
        "Normalized Income": -4237000.0,
        "Net Income From Continuing And Discontinued Operation": -3891000.0,
        "Total Expenses": 151502000.0,
        "Diluted Average Shares": NaN,
        "Basic Average Shares": NaN,
        "Diluted EPS": NaN,
        "Basic EPS": NaN,
        "Diluted NI Availto Com Stockholders": -3891000.0,
        "Net Income Common Stockholders": -3891000.0,
        "Net Income": -3891000.0,
        "Minority Interests": 2000.0,
        "Net Income Including Noncontrolling Interests": -3893000.0,
        "Net Income Discontinuous Operations": 346000.0,
        "Net Income Continuous Operations": -4239000.0,
        "Tax Provision": 608000.0,
        "Pretax Income": -3631000.0,
        "Other Income Expense": 422000.0,
        "Other Non Operating Income Expenses": 422000.0,
        "Special Income Charges": NaN,
        "Other Special Charges": NaN,
        "Net Non Operating Interest Income Expense": -5677000.0,
        "Interest Expense Non Operating": 5677000.0,
        "Operating Income": 1624000.0,
        "Operating Expense": 28619000.0,
        "Other Operating Expenses": 5283000.0,
        "Selling General And Administration": 23336000.0,
        "General And Administrative Expense": 23336000.0,
        "Other Gand A": 23336000.0,
        "Gross Profit": 30243000.0,
        "Cost Of Revenue": 122883000.0,
        "Total Revenue": 153126000.0,
        "Operating Revenue": 153126000.0
    },
    "2024-03-31": {
        "Tax Effect Of Unusual Items": -1621755.0,
        "Tax Rate For Calcs": 0.293,
        "Normalized EBITDA": 21537000.0,
        "Total Unusual Items": -5535000.0,
        "Total Unusual Items Excluding Goodwill": -5535000.0,
        "Net Income From Continuing Operation Net Minority Interest": 915000.0,
        "Reconciled Depreciation": 8755000.0,
        "Reconciled Cost Of Revenue": 119870000.0,
        "EBITDA": 16002000.0,
        "EBIT": 7247000.0,
        "Net Interest Income": -5952000.0,
        "Interest Expense": 5952000.0,
        "Normalized Income": 4828245.0,
        "Net Income From Continuing And Discontinued Operation": 915000.0,
        "Total Expenses": 142168000.0,
        "Diluted Average Shares": 132123000.0,
        "Basic Average Shares": 130453000.0,
        "Diluted EPS": 0.01,
        "Basic EPS": 0.01,
        "Diluted NI Availto Com Stockholders": 915000.0,
        "Net Income Common Stockholders": 915000.0,
        "Net Income": 915000.0,
        "Minority Interests": 0.0,
        "Net Income Including Noncontrolling Interests": 915000.0,
        "Net Income Discontinuous Operations": 0.0,
        "Net Income Continuous Operations": 915000.0,
        "Tax Provision": 380000.0,
        "Pretax Income": 1295000.0,
        "Other Income Expense": -1557000.0,
        "Other Non Operating Income Expenses": 3978000.0,
        "Special Income Charges": -5535000.0,
        "Other Special Charges": 5535000.0,
        "Net Non Operating Interest Income Expense": -5952000.0,
        "Interest Expense Non Operating": 5952000.0,
        "Operating Income": 8804000.0,
        "Operating Expense": 22298000.0,
        "Other Operating Expenses": NaN,
        "Selling General And Administration": 22298000.0,
        "General And Administrative Expense": 22298000.0,
        "Other Gand A": 22298000.0,
        "Gross Profit": 31102000.0,
        "Cost Of Revenue": 119870000.0,
        "Total Revenue": 150972000.0,
        "Operating Revenue": 150972000.0
    },
    "2024-06-30": {
        "Tax Effect Of Unusual Items": 0.0,
        "Tax Rate For Calcs": 0.388,
        "Normalized EBITDA": 27439000.0,
        "Total Unusual Items": 0.0,
        "Total Unusual Items Excluding Goodwill": 0.0,
        "Net Income From Continuing Operation Net Minority Interest": 7643000.0,
        "Reconciled Depreciation": 8775000.0,
        "Reconciled Cost Of Revenue": 128682000.0,
        "EBITDA": 27439000.0,
        "EBIT": 18664000.0,
        "Net Interest Income": -6185000.0,
        "Interest Expense": 6185000.0,
        "Normalized Income": 7643000.0,
        "Net Income From Continuing And Discontinued Operation": 7643000.0,
        "Total Expenses": 150819000.0,
        "Diluted Average Shares": 132169000.0,
        "Basic Average Shares": 131263000.0,
        "Diluted EPS": 0.06,
        "Basic EPS": 0.06,
        "Diluted NI Availto Com Stockholders": 7643000.0,
        "Net Income Common Stockholders": 7643000.0,
        "Net Income": 7643000.0,
        "Minority Interests": 3000.0,
        "Net Income Including Noncontrolling Interests": 7640000.0,
        "Net Income Discontinuous Operations": 0.0,
        "Net Income Continuous Operations": 7640000.0,
        "Tax Provision": 4839000.0,
        "Pretax Income": 12479000.0,
        "Other Income Expense": -2452000.0,
        "Other Non Operating Income Expenses": -2452000.0,
        "Special Income Charges": 0.0,
        "Other Special Charges": NaN,
        "Net Non Operating Interest Income Expense": -6185000.0,
        "Interest Expense Non Operating": 6185000.0,
        "Operating Income": 21116000.0,
        "Operating Expense": 22137000.0,
        "Other Operating Expenses": NaN,
        "Selling General And Administration": 22137000.0,
        "General And Administrative Expense": 22137000.0,
        "Other Gand A": 22137000.0,
        "Gross Profit": 43253000.0,
        "Cost Of Revenue": 128682000.0,
        "Total Revenue": 171935000.0,
        "Operating Revenue": 171935000.0
    },
    "2024-09-30": {
        "Tax Effect Of Unusual Items": 0.0,
        "Tax Rate For Calcs": 0.21,
        "Normalized EBITDA": 21509000.0,
        "Total Unusual Items": 0.0,
        "Total Unusual Items Excluding Goodwill": 0.0,
        "Net Income From Continuing Operation Net Minority Interest": 2832000.0,
        "Reconciled Depreciation": 8837000.0,
        "Reconciled Cost Of Revenue": 107337000.0,
        "EBITDA": 21509000.0,
        "EBIT": 12672000.0,
        "Net Interest Income": -5096000.0,
        "Interest Expense": 5096000.0,
        "Normalized Income": 2832000.0,
        "Net Income From Continuing And Discontinued Operation": -2998000.0,
        "Total Expenses": 129743000.0,
        "Diluted Average Shares": 132029000.0,
        "Basic Average Shares": 131579000.0,
        "Diluted EPS": -0.02,
        "Basic EPS": -0.02,
        "Diluted NI Availto Com Stockholders": -2998000.0,
        "Net Income Common Stockholders": -2998000.0,
        "Net Income": -2998000.0,
        "Minority Interests": 0.0,
        "Net Income Including Noncontrolling Interests": -2998000.0,
        "Net Income Discontinuous Operations": -5830000.0,
        "Net Income Continuous Operations": 2832000.0,
        "Tax Provision": 4744000.0,
        "Pretax Income": 7576000.0,
        "Other Income Expense": 715000.0,
        "Other Non Operating Income Expenses": 715000.0,
        "Special Income Charges": 0.0,
        "Other Special Charges": NaN,
        "Net Non Operating Interest Income Expense": -5096000.0,
        "Interest Expense Non Operating": 5096000.0,
        "Operating Income": 11957000.0,
        "Operating Expense": 22406000.0,
        "Other Operating Expenses": NaN,
        "Selling General And Administration": 22406000.0,
        "General And Administrative Expense": 22406000.0,
        "Other Gand A": 22406000.0,
        "Gross Profit": 34363000.0,
        "Cost Of Revenue": 107337000.0,
        "Total Revenue": 141700000.0,
        "Operating Revenue": 141700000.0
    },
    "2024-12-31": {
        "Tax Effect Of Unusual Items": 0.0,
        "Tax Rate For Calcs": 0.21,
        "Normalized EBITDA": 21978000.0,
        "Total Unusual Items": 0.0,
        "Total Unusual Items Excluding Goodwill": 0.0,
        "Net Income From Continuing Operation Net Minority Interest": 102234000.0,
        "Reconciled Depreciation": 9354000.0,
        "Reconciled Cost Of Revenue": 103369000.0,
        "EBITDA": 21978000.0,
        "EBIT": 12624000.0,
        "Net Interest Income": -5232000.0,
        "Interest Expense": 5232000.0,
        "Normalized Income": 102234000.0,
        "Net Income From Continuing And Discontinued Operation": 102724000.0,
        "Total Expenses": 126497000.0,
        "Diluted Average Shares": 132812000.0,
        "Basic Average Shares": 131809000.0,
        "Diluted EPS": 0.78,
        "Basic EPS": 0.78,
        "Diluted NI Availto Com Stockholders": 102724000.0,
        "Net Income Common Stockholders": 102724000.0,
        "Net Income": 102724000.0,
        "Minority Interests": 1000.0,
        "Net Income Including Noncontrolling Interests": 102723000.0,
        "Net Income Discontinuous Operations": 490000.0,
        "Net Income Continuous Operations": 102233000.0,
        "Tax Provision": -94841000.0,
        "Pretax Income": 7392000.0,
        "Other Income Expense": 4617000.0,
        "Other Non Operating Income Expenses": 4617000.0,
        "Special Income Charges": 0.0,
        "Other Special Charges": 0.0,
        "Net Non Operating Interest Income Expense": -5232000.0,
        "Interest Expense Non Operating": 5232000.0,
        "Operating Income": 8007000.0,
        "Operating Expense": 23128000.0,
        "Other Operating Expenses": NaN,
        "Selling General And Administration": 23128000.0,
        "General And Administrative Expense": 23128000.0,
        "Other Gand A": 23128000.0,
        "Gross Profit": 31135000.0,
        "Cost Of Revenue": 103369000.0,
        "Total Revenue": 134504000.0,
        "Operating Revenue": 134504000.0
    }
}