{
    "2023-03-31": {
        "Tax Effect Of Unusual Items": NaN,
        "Tax Rate For Calcs": NaN,
        "Normalized EBITDA": NaN,
        "Total Unusual Items": NaN,
        "Total Unusual Items Excluding Goodwill": NaN,
        "Net Income From Continuing Operation Net Minority Interest": NaN,
        "Reconciled Depreciation": NaN,
        "Reconciled Cost Of Revenue": NaN,
        "EBITDA": NaN,
        "EBIT": NaN,
        "Net Interest Income": NaN,
        "Interest Expense": NaN,
        "Normalized Income": NaN,
        "Net Income From Continuing And Discontinued Operation": NaN,
        "Total Expenses": NaN,
        "Total Operating Income As Reported": NaN,
        "Diluted Average Shares": 48002000.0,
        "Basic Average Shares": 47443000.0,
        "Diluted EPS": 0.17,
        "Basic EPS": 0.18,
        "Diluted NI Availto Com Stockholders": NaN,
        "Net Income Common Stockholders": NaN,
        "Net Income": NaN,
        "Net Income Including Noncontrolling Interests": NaN,
        "Net Income Continuous Operations": NaN,
        "Tax Provision": NaN,
        "Pretax Income": NaN,
        "Other Income Expense": NaN,
        "Other Non Operating Income Expenses": NaN,
        "Special Income Charges": NaN,
        "Gain On Sale Of Ppe": NaN,
        "Write Off": NaN,
        "Impairment Of Capital Assets": NaN,
        "Net Non Operating Interest Income Expense": NaN,
        "Interest Expense Non Operating": NaN,
        "Operating Income": NaN,
        "Operating Expense": NaN,
        "Other Operating Expenses": 35000.0,
        "Provision For Doubtful Accounts": NaN,
        "Depreciation Amortization Depletion Income Statement": NaN,
        "Depletion Income Statement": NaN,
        "Depreciation And Amortization In Income Statement": NaN,
        "Amortization": NaN,
        "Amortization Of Intangibles Income Statement": NaN,
        "Depreciation Income Statement": NaN,
        "Selling General And Administration": NaN,
        "General And Administrative Expense": NaN,
        "Other Gand A": NaN,
        "Salaries And Wages": NaN,
        "Gross Profit": NaN,
        "Cost Of Revenue": NaN,
        "Total Revenue": NaN,
        "Operating Revenue": NaN
    },
    "2022-12-31": {
        "Tax Effect Of Unusual Items": NaN,
        "Tax Rate For Calcs": NaN,
        "Normalized EBITDA": NaN,
        "Total Unusual Items": NaN,
        "Total Unusual Items Excluding Goodwill": NaN,
        "Net Income From Continuing Operation Net Minority Interest": NaN,
        "Reconciled Depreciation": NaN,
        "Reconciled Cost Of Revenue": NaN,
        "EBITDA": NaN,
        "EBIT": NaN,
        "Net Interest Income": NaN,
        "Interest Expense": NaN,
        "Normalized Income": NaN,
        "Net Income From Continuing And Discontinued Operation": NaN,
        "Total Expenses": NaN,
        "Total Operating Income As Reported": NaN,
        "Diluted Average Shares": NaN,
        "Basic Average Shares": NaN,
        "Diluted EPS": NaN,
        "Basic EPS": NaN,
        "Diluted NI Availto Com Stockholders": NaN,
        "Net Income Common Stockholders": NaN,
        "Net Income": NaN,
        "Net Income Including Noncontrolling Interests": NaN,
        "Net Income Continuous Operations": NaN,
        "Tax Provision": NaN,
        "Pretax Income": NaN,
        "Other Income Expense": NaN,
        "Other Non Operating Income Expenses": NaN,
        "Special Income Charges": NaN,
        "Gain On Sale Of Ppe": NaN,
        "Write Off": NaN,
        "Impairment Of Capital Assets": 0.0,
        "Net Non Operating Interest Income Expense": NaN,
        "Interest Expense Non Operating": NaN,
        "Operating Income": NaN,
        "Operating Expense": NaN,
        "Other Operating Expenses": 762000.0,
        "Provision For Doubtful Accounts": NaN,
        "Depreciation Amortization Depletion Income Statement": NaN,
        "Depletion Income Statement": NaN,
        "Depreciation And Amortization In Income Statement": NaN,
        "Amortization": NaN,
        "Amortization Of Intangibles Income Statement": NaN,
        "Depreciation Income Statement": NaN,
        "Selling General And Administration": NaN,
        "General And Administrative Expense": NaN,
        "Other Gand A": NaN,
        "Salaries And Wages": NaN,
        "Gross Profit": NaN,
        "Cost Of Revenue": NaN,
        "Total Revenue": NaN,
        "Operating Revenue": NaN
    },
    "2022-09-30": {
        "Tax Effect Of Unusual Items": NaN,
        "Tax Rate For Calcs": NaN,
        "Normalized EBITDA": NaN,
        "Total Unusual Items": NaN,
        "Total Unusual Items Excluding Goodwill": NaN,
        "Net Income From Continuing Operation Net Minority Interest": NaN,
        "Reconciled Depreciation": NaN,
        "Reconciled Cost Of Revenue": NaN,
        "EBITDA": NaN,
        "EBIT": NaN,
        "Net Interest Income": NaN,
        "Interest Expense": NaN,
        "Normalized Income": NaN,
        "Net Income From Continuing And Discontinued Operation": NaN,
        "Total Expenses": NaN,
        "Total Operating Income As Reported": NaN,
        "Diluted Average Shares": NaN,
        "Basic Average Shares": NaN,
        "Diluted EPS": NaN,
        "Basic EPS": NaN,
        "Diluted NI Availto Com Stockholders": NaN,
        "Net Income Common Stockholders": NaN,
        "Net Income": NaN,
        "Net Income Including Noncontrolling Interests": NaN,
        "Net Income Continuous Operations": NaN,
        "Tax Provision": NaN,
        "Pretax Income": NaN,
        "Other Income Expense": NaN,
        "Other Non Operating Income Expenses": NaN,
        "Special Income Charges": NaN,
        "Gain On Sale Of Ppe": NaN,
        "Write Off": NaN,
        "Impairment Of Capital Assets": 0.0,
        "Net Non Operating Interest Income Expense": NaN,
        "Interest Expense Non Operating": NaN,
        "Operating Income": NaN,
        "Operating Expense": NaN,
        "Other Operating Expenses": NaN,
        "Provision For Doubtful Accounts": NaN,
        "Depreciation Amortization Depletion Income Statement": NaN,
        "Depreciation And Amortization In Income Statement": NaN,
        "Amortization": NaN,
        "Amortization Of Intangibles Income Statement": NaN,
        "Depreciation Income Statement": NaN,
        "Selling General And Administration": NaN,
        "General And Administrative Expense": NaN,
        "Other Gand A": NaN,
        "Salaries And Wages": NaN,
        "Gross Profit": NaN,
        "Cost Of Revenue": NaN,
        "Total Revenue": NaN,
        "Operating Revenue": NaN
    },
    "2022-06-30": {
        "Tax Effect Of Unusual Items": 0.0,
        "Tax Rate For Calcs": 0.4,
        "Normalized EBITDA": 25773000.0,
        "Total Unusual Items": NaN,
        "Total Unusual Items Excluding Goodwill": NaN,
        "Net Income From Continuing Operation Net Minority Interest": 1703000.0,
        "Reconciled Depreciation": 17476000.0,
        "Reconciled Cost Of Revenue": 68786000.0,
        "EBITDA": 25773000.0,
        "EBIT": 8297000.0,
        "Net Interest Income": -2659000.0,
        "Interest Expense": 2659000.0,
        "Normalized Income": 1703000.0,
        "Net Income From Continuing And Discontinued Operation": 1703000.0,
        "Total Expenses": 94468000.0,
        "Total Operating Income As Reported": -4790000.0,
        "Diluted Average Shares": 47634000.0,
        "Basic Average Shares": 47225000.0,
        "Diluted EPS": 0.04,
        "Basic EPS": 0.04,
        "Diluted NI Availto Com Stockholders": 1703000.0,
        "Net Income Common Stockholders": 1703000.0,
        "Net Income": 1703000.0,
        "Net Income Including Noncontrolling Interests": 1703000.0,
        "Net Income Continuous Operations": 1703000.0,
        "Tax Provision": 3935000.0,
        "Pretax Income": 5638000.0,
        "Other Income Expense": 13087000.0,
        "Other Non Operating Income Expenses": 13087000.0,
        "Special Income Charges": NaN,
        "Gain On Sale Of Ppe": NaN,
        "Write Off": NaN,
        "Impairment Of Capital Assets": NaN,
        "Net Non Operating Interest Income Expense": -2659000.0,
        "Interest Expense Non Operating": 2659000.0,
        "Operating Income": -4790000.0,
        "Operating Expense": 25682000.0,
        "Other Operating Expenses": 522000.0,
        "Provision For Doubtful Accounts": -16000.0,
        "Depreciation Amortization Depletion Income Statement": 17476000.0,
        "Depreciation And Amortization In Income Statement": 16954000.0,
        "Amortization": 195000.0,
        "Amortization Of Intangibles Income Statement": 195000.0,
        "Depreciation Income Statement": 16759000.0,
        "Selling General And Administration": 8206000.0,
        "General And Administrative Expense": 8222000.0,
        "Other Gand A": 4886000.0,
        "Salaries And Wages": 3336000.0,
        "Gross Profit": 20892000.0,
        "Cost Of Revenue": 68786000.0,
        "Total Revenue": 89678000.0,
        "Operating Revenue": 89678000.0
    },
    "2022-03-31": {
        "Diluted EPS": -0.32,
        "Total Revenue": 62,
        "Gross Profit": 8,
        "Operating Income": -18,
        "EBIT": 0,
        "Net Income": -15
    },
    "2021-12-31": {
        "Diluted EPS": -0.28,
        "Total Revenue": 57,
        "Gross Profit": 11,
        "Operating Income": -15,
        "EBIT": 4,
        "Net Income": -13
    },
    "2021-09-30": {
        "Diluted EPS": -0.88,
        "Total Revenue": 57,
        "Gross Profit": 4,
        "Operating Income": -54,
        "EBIT": -34,
        "Net Income": -41
    },
    "2021-06-30": {
        "Diluted EPS": -0.75,
        "Total Revenue": 47,
        "Gross Profit": -3,
        "Operating Income": -33,
        "EBIT": -13,
        "Net Income": -35
    },
    "2021-03-31": {
        "Diluted EPS": -0.27,
        "Total Revenue": 67,
        "Gross Profit": 19,
        "Operating Income": -20,
        "EBIT": 1,
        "Net Income": -12
    },
    "2020-12-31": {
        "Diluted EPS": -0.25,
        "Total Revenue": 85,
        "Gross Profit": 30,
        "Operating Income": -22,
        "EBIT": 0,
        "Net Income": -12
    },
    "2020-09-30": {
        "Diluted EPS": 0.07,
        "Total Revenue": 71,
        "Gross Profit": 25,
        "Operating Income": -11,
        "EBIT": 13,
        "Net Income": 3
    },
    "2020-06-30": {
        "Diluted EPS": -0.33,
        "Total Revenue": 60,
        "Gross Profit": 11,
        "Operating Income": -26,
        "EBIT": -2,
        "Net Income": -15
    },
    "2020-03-31": {
        "Diluted EPS": -1.85,
        "Total Revenue": 97,
        "Gross Profit": 15,
        "Operating Income": -89,
        "EBIT": 5,
        "Net Income": -84
    },
    "2019-12-31": {
        "Diluted EPS": -1.36,
        "Total Revenue": 68,
        "Gross Profit": -8,
        "Operating Income": -81,
        "EBIT": -18,
        "Net Income": -61
    },
    "2019-09-30": {
        "Diluted EPS": -0.79,
        "Total Revenue": 113,
        "Gross Profit": 2,
        "Operating Income": -48,
        "EBIT": -12,
        "Net Income": -36
    },
    "2019-06-30": {
        "Diluted EPS": -0.24,
        "Total Revenue": 182,
        "Gross Profit": 14,
        "Operating Income": -26,
        "EBIT": 5,
        "Net Income": -11
    },
    "2019-03-31": {
        "Diluted EPS": 0.63,
        "Total Revenue": 262,
        "Gross Profit": 73,
        "Operating Income": 27,
        "EBIT": 56,
        "Net Income": 28
    },
    "2018-12-31": {
        "Diluted EPS": 1.51,
        "Total Revenue": 278,
        "Gross Profit": 98,
        "Operating Income": 49,
        "EBIT": 84,
        "Net Income": 68
    },
    "2018-09-30": {
        "Diluted EPS": 1.54,
        "Total Revenue": 384,
        "Gross Profit": 136,
        "Operating Income": 145,
        "EBIT": 182,
        "Net Income": 70
    },
    "2018-06-30": {
        "Diluted EPS": 0.95,
        "Total Revenue": 534,
        "Gross Profit": 194,
        "Operating Income": 98,
        "EBIT": 129,
        "Net Income": 43
    },
    "2018-03-31": {
        "Diluted EPS": 1.24,
        "Total Revenue": 494,
        "Gross Profit": 168,
        "Operating Income": 103,
        "EBIT": 130,
        "Net Income": 56
    },
    "2017-12-31": {
        "Diluted EPS": 1.6,
        "Total Revenue": 369,
        "Gross Profit": 137,
        "Operating Income": 77,
        "EBIT": 110,
        "Net Income": 66
    },
    "2017-09-30": {
        "Diluted EPS": -0.02,
        "Total Revenue": 149,
        "Gross Profit": 35,
        "Operating Income": 0,
        "EBIT": 28,
        "Net Income": -1
    },
    "2017-06-30": {
        "Diluted EPS": -0.03,
        "Total Revenue": 98,
        "Gross Profit": 21,
        "Operating Income": -7,
        "EBIT": 14,
        "Net Income": -1
    },
    "2017-03-31": {
        "Diluted EPS": -0.13,
        "Total Revenue": 75,
        "Gross Profit": 16,
        "Operating Income": -8,
        "EBIT": 10,
        "Net Income": -5
    },
    "2016-12-31": {
        "Diluted EPS": -1.86,
        "Total Revenue": 64,
        "Gross Profit": 17,
        "Operating Income": -8,
        "EBIT": 11,
        "Net Income": -60
    },
    "2016-09-30": {
        "Diluted EPS": -0.1,
        "Total Revenue": 63,
        "Gross Profit": 20,
        "Operating Income": -1,
        "EBIT": 18,
        "Net Income": -3
    },
    "2016-06-30": {
        "Diluted EPS": -0.28,
        "Total Revenue": 69,
        "Gross Profit": 19,
        "Operating Income": -7,
        "EBIT": 14,
        "Net Income": -8
    },
    "2016-03-31": {
        "Diluted EPS": -0.7,
        "Total Revenue": 35,
        "Gross Profit": 2,
        "Operating Income": -19,
        "EBIT": -1,
        "Net Income": -21
    },
    "2015-12-31": {
        "Diluted EPS": 0.0,
        "Total Revenue": NaN,
        "Gross Profit": NaN,
        "Operating Income": NaN,
        "EBIT": NaN,
        "Net Income": NaN
    },
    "2015-09-30": {
        "Diluted EPS": -0.15,
        "Total Revenue": 86,
        "Gross Profit": 16,
        "Operating Income": -7,
        "EBIT": -7,
        "Net Income": -4
    },
    "2014-12-31": {
        "Diluted EPS": 0.0,
        "Total Revenue": NaN,
        "Gross Profit": NaN,
        "Operating Income": NaN,
        "EBIT": NaN,
        "Net Income": NaN
    },
    "2023-06-30": {
        "Tax Effect Of Unusual Items": NaN,
        "Tax Rate For Calcs": NaN,
        "Normalized EBITDA": NaN,
        "Total Unusual Items": NaN,
        "Total Unusual Items Excluding Goodwill": NaN,
        "Net Income From Continuing Operation Net Minority Interest": NaN,
        "Reconciled Depreciation": NaN,
        "Reconciled Cost Of Revenue": NaN,
        "EBITDA": NaN,
        "EBIT": NaN,
        "Net Interest Income": NaN,
        "Interest Expense": NaN,
        "Normalized Income": NaN,
        "Net Income From Continuing And Discontinued Operation": NaN,
        "Total Expenses": NaN,
        "Total Operating Income As Reported": NaN,
        "Diluted Average Shares": 47718000.0,
        "Basic Average Shares": 47718000.0,
        "Diluted EPS": -0.09,
        "Basic EPS": -0.09,
        "Diluted NI Availto Com Stockholders": NaN,
        "Net Income Common Stockholders": NaN,
        "Net Income": NaN,
        "Net Income Including Noncontrolling Interests": NaN,
        "Net Income Continuous Operations": NaN,
        "Tax Provision": NaN,
        "Pretax Income": NaN,
        "Other Income Expense": NaN,
        "Other Non Operating Income Expenses": NaN,
        "Special Income Charges": NaN,
        "Gain On Sale Of Ppe": NaN,
        "Write Off": -44000.0,
        "Impairment Of Capital Assets": NaN,
        "Net Non Operating Interest Income Expense": NaN,
        "Interest Expense Non Operating": NaN,
        "Operating Income": NaN,
        "Operating Expense": NaN,
        "Other Operating Expenses": NaN,
        "Provision For Doubtful Accounts": NaN,
        "Depreciation Amortization Depletion Income Statement": NaN,
        "Depletion Income Statement": NaN,
        "Depreciation And Amortization In Income Statement": NaN,
        "Amortization": NaN,
        "Amortization Of Intangibles Income Statement": NaN,
        "Depreciation Income Statement": NaN,
        "Selling General And Administration": NaN,
        "General And Administrative Expense": NaN,
        "Other Gand A": NaN,
        "Salaries And Wages": NaN,
        "Gross Profit": NaN,
        "Cost Of Revenue": NaN,
        "Total Revenue": NaN,
        "Operating Revenue": NaN
    },
    "2023-09-30": {
        "Tax Effect Of Unusual Items": NaN,
        "Tax Rate For Calcs": NaN,
        "Normalized EBITDA": NaN,
        "Total Unusual Items": NaN,
        "Total Unusual Items Excluding Goodwill": NaN,
        "Net Income From Continuing Operation Net Minority Interest": NaN,
        "Reconciled Depreciation": NaN,
        "Reconciled Cost Of Revenue": NaN,
        "EBITDA": NaN,
        "EBIT": NaN,
        "Net Interest Income": NaN,
        "Interest Expense": NaN,
        "Interest Income": NaN,
        "Normalized Income": NaN,
        "Net Income From Continuing And Discontinued Operation": NaN,
        "Total Expenses": NaN,
        "Total Operating Income As Reported": NaN,
        "Diluted Average Shares": NaN,
        "Basic Average Shares": NaN,
        "Diluted EPS": NaN,
        "Basic EPS": NaN,
        "Diluted NI Availto Com Stockholders": NaN,
        "Net Income Common Stockholders": NaN,
        "Net Income": NaN,
        "Net Income Including Noncontrolling Interests": NaN,
        "Net Income Continuous Operations": NaN,
        "Tax Provision": NaN,
        "Pretax Income": NaN,
        "Other Income Expense": NaN,
        "Other Non Operating Income Expenses": NaN,
        "Special Income Charges": NaN,
        "Gain On Sale Of Ppe": NaN,
        "Impairment Of Capital Assets": 1810000.0,
        "Net Non Operating Interest Income Expense": NaN,
        "Interest Expense Non Operating": NaN,
        "Interest Income Non Operating": NaN,
        "Operating Income": NaN,
        "Operating Expense": NaN,
        "Other Operating Expenses": 1800000.0,
        "Provision For Doubtful Accounts": NaN,
        "Depreciation Amortization Depletion Income Statement": NaN,
        "Depletion Income Statement": NaN,
        "Depreciation And Amortization In Income Statement": NaN,
        "Amortization": NaN,
        "Amortization Of Intangibles Income Statement": NaN,
        "Depreciation Income Statement": NaN,
        "Selling General And Administration": NaN,
        "General And Administrative Expense": NaN,
        "Other Gand A": NaN,
        "Salaries And Wages": NaN,
        "Gross Profit": NaN,
        "Cost Of Revenue": NaN,
        "Total Revenue": NaN,
        "Operating Revenue": NaN
    },
    "2023-12-31": {
        "Tax Effect Of Unusual Items": NaN,
        "Tax Rate For Calcs": NaN,
        "Normalized EBITDA": NaN,
        "Total Unusual Items": NaN,
        "Total Unusual Items Excluding Goodwill": NaN,
        "Net Income From Continuing Operation Net Minority Interest": NaN,
        "Reconciled Depreciation": NaN,
        "Reconciled Cost Of Revenue": NaN,
        "EBITDA": NaN,
        "EBIT": NaN,
        "Net Interest Income": NaN,
        "Interest Expense": 6811000.0,
        "Interest Income": NaN,
        "Normalized Income": NaN,
        "Net Income From Continuing And Discontinued Operation": NaN,
        "Total Expenses": NaN,
        "Total Operating Income As Reported": NaN,
        "Diluted Average Shares": NaN,
        "Basic Average Shares": NaN,
        "Diluted EPS": NaN,
        "Basic EPS": NaN,
        "Diluted NI Availto Com Stockholders": NaN,
        "Net Income Common Stockholders": NaN,
        "Net Income": NaN,
        "Net Income Including Noncontrolling Interests": NaN,
        "Net Income Discontinuous Operations": NaN,
        "Net Income Continuous Operations": NaN,
        "Tax Provision": NaN,
        "Pretax Income": NaN,
        "Other Income Expense": NaN,
        "Other Non Operating Income Expenses": NaN,
        "Special Income Charges": NaN,
        "Gain On Sale Of Ppe": NaN,
        "Impairment Of Capital Assets": 0.0,
        "Net Non Operating Interest Income Expense": NaN,
        "Interest Expense Non Operating": 6811000.0,
        "Interest Income Non Operating": NaN,
        "Operating Income": NaN,
        "Operating Expense": NaN,
        "Other Operating Expenses": 284000.0,
        "Provision For Doubtful Accounts": NaN,
        "Depreciation Amortization Depletion Income Statement": NaN,
        "Depletion Income Statement": NaN,
        "Depreciation And Amortization In Income Statement": NaN,
        "Amortization": NaN,
        "Amortization Of Intangibles Income Statement": NaN,
        "Depreciation Income Statement": NaN,
        "Selling General And Administration": NaN,
        "General And Administrative Expense": NaN,
        "Other Gand A": NaN,
        "Salaries And Wages": NaN,
        "Gross Profit": NaN,
        "Cost Of Revenue": NaN,
        "Total Revenue": NaN,
        "Operating Revenue": NaN
    },
    "2024-03-31": {
        "Tax Effect Of Unusual Items": NaN,
        "Tax Rate For Calcs": NaN,
        "Normalized EBITDA": NaN,
        "Total Unusual Items": NaN,
        "Total Unusual Items Excluding Goodwill": NaN,
        "Net Income From Continuing Operation Net Minority Interest": NaN,
        "Reconciled Depreciation": NaN,
        "Reconciled Cost Of Revenue": NaN,
        "EBITDA": NaN,
        "EBIT": NaN,
        "Net Interest Income": NaN,
        "Interest Expense": 8137000.0,
        "Interest Income": NaN,
        "Normalized Income": NaN,
        "Net Income From Continuing And Discontinued Operation": NaN,
        "Total Expenses": NaN,
        "Total Operating Income As Reported": NaN,
        "Diluted Average Shares": NaN,
        "Basic Average Shares": NaN,
        "Diluted EPS": NaN,
        "Basic EPS": NaN,
        "Diluted NI Availto Com Stockholders": NaN,
        "Net Income Common Stockholders": NaN,
        "Net Income": NaN,
        "Net Income Including Noncontrolling Interests": NaN,
        "Net Income Discontinuous Operations": NaN,
        "Net Income Continuous Operations": NaN,
        "Tax Provision": NaN,
        "Pretax Income": NaN,
        "Other Income Expense": NaN,
        "Other Non Operating Income Expenses": NaN,
        "Special Income Charges": NaN,
        "Gain On Sale Of Ppe": NaN,
        "Impairment Of Capital Assets": NaN,
        "Net Non Operating Interest Income Expense": NaN,
        "Interest Expense Non Operating": 8137000.0,
        "Interest Income Non Operating": NaN,
        "Operating Income": NaN,
        "Operating Expense": NaN,
        "Other Operating Expenses": 40000.0,
        "Provision For Doubtful Accounts": 229000.0,
        "Depreciation Amortization Depletion Income Statement": NaN,
        "Depletion Income Statement": NaN,
        "Depreciation And Amortization In Income Statement": NaN,
        "Amortization": NaN,
        "Amortization Of Intangibles Income Statement": NaN,
        "Depreciation Income Statement": NaN,
        "Selling General And Administration": NaN,
        "General And Administrative Expense": 8553000.0,
        "Other Gand A": 8334000.0,
        "Salaries And Wages": 219000.0,
        "Gross Profit": NaN,
        "Cost Of Revenue": NaN,
        "Total Revenue": NaN,
        "Operating Revenue": NaN
    },
    "2024-06-30": {
        "Tax Effect Of Unusual Items": NaN,
        "Tax Rate For Calcs": NaN,
        "Normalized EBITDA": NaN,
        "Total Unusual Items": NaN,
        "Total Unusual Items Excluding Goodwill": NaN,
        "Net Income From Continuing Operation Net Minority Interest": NaN,
        "Reconciled Depreciation": NaN,
        "Reconciled Cost Of Revenue": NaN,
        "EBITDA": NaN,
        "EBIT": NaN,
        "Net Interest Income": NaN,
        "Interest Expense": 1529000.0,
        "Interest Income": 504000.0,
        "Normalized Income": NaN,
        "Net Income From Continuing And Discontinued Operation": NaN,
        "Total Expenses": NaN,
        "Total Operating Income As Reported": NaN,
        "Diluted Average Shares": NaN,
        "Basic Average Shares": NaN,
        "Diluted EPS": NaN,
        "Basic EPS": NaN,
        "Diluted NI Availto Com Stockholders": NaN,
        "Net Income Common Stockholders": NaN,
        "Net Income": NaN,
        "Net Income Including Noncontrolling Interests": NaN,
        "Net Income Discontinuous Operations": -368000.0,
        "Net Income Continuous Operations": NaN,
        "Tax Provision": NaN,
        "Pretax Income": NaN,
        "Other Income Expense": NaN,
        "Other Non Operating Income Expenses": NaN,
        "Special Income Charges": NaN,
        "Gain On Sale Of Ppe": NaN,
        "Impairment Of Capital Assets": 0.0,
        "Net Non Operating Interest Income Expense": NaN,
        "Interest Expense Non Operating": 1529000.0,
        "Interest Income Non Operating": 504000.0,
        "Operating Income": NaN,
        "Operating Expense": NaN,
        "Other Operating Expenses": NaN,
        "Provision For Doubtful Accounts": 89383000.0,
        "Depreciation Amortization Depletion Income Statement": NaN,
        "Depletion Income Statement": NaN,
        "Depreciation And Amortization In Income Statement": NaN,
        "Amortization": NaN,
        "Amortization Of Intangibles Income Statement": NaN,
        "Depreciation Income Statement": NaN,
        "Selling General And Administration": NaN,
        "General And Administrative Expense": 8093000.0,
        "Other Gand A": 7874000.0,
        "Salaries And Wages": 219000.0,
        "Gross Profit": NaN,
        "Cost Of Revenue": NaN,
        "Total Revenue": NaN,
        "Operating Revenue": NaN
    },
    "2024-09-30": {
        "Tax Effect Of Unusual Items": 61530.0,
        "Tax Rate For Calcs": 0.21,
        "Normalized EBITDA": -2057000.0,
        "Total Unusual Items": 293000.0,
        "Total Unusual Items Excluding Goodwill": 293000.0,
        "Net Income From Continuing Operation Net Minority Interest": -24042000.0,
        "Reconciled Depreciation": 11908000.0,
        "Reconciled Cost Of Revenue": 32248000.0,
        "EBITDA": -1764000.0,
        "EBIT": -13672000.0,
        "Net Interest Income": -9730000.0,
        "Interest Expense": 9730000.0,
        "Interest Income": NaN,
        "Normalized Income": -24273470.0,
        "Net Income From Continuing And Discontinued Operation": -24042000.0,
        "Total Expenses": 52858000.0,
        "Total Operating Income As Reported": -12550000.0,
        "Diluted Average Shares": 48127000.0,
        "Basic Average Shares": 48127000.0,
        "Diluted EPS": -0.5,
        "Basic EPS": -0.5,
        "Diluted NI Availto Com Stockholders": -24042000.0,
        "Net Income Common Stockholders": -24042000.0,
        "Net Income": -24042000.0,
        "Net Income Including Noncontrolling Interests": -24042000.0,
        "Net Income Discontinuous Operations": NaN,
        "Net Income Continuous Operations": -24042000.0,
        "Tax Provision": 640000.0,
        "Pretax Income": -23402000.0,
        "Other Income Expense": -829000.0,
        "Other Non Operating Income Expenses": -1122000.0,
        "Special Income Charges": 293000.0,
        "Gain On Sale Of Ppe": 293000.0,
        "Impairment Of Capital Assets": 0.0,
        "Net Non Operating Interest Income Expense": -9730000.0,
        "Interest Expense Non Operating": 9730000.0,
        "Interest Income Non Operating": NaN,
        "Operating Income": -12843000.0,
        "Operating Expense": 14886000.0,
        "Other Operating Expenses": NaN,
        "Provision For Doubtful Accounts": 32000.0,
        "Depreciation Amortization Depletion Income Statement": 6184000.0,
        "Depletion Income Statement": 762000.0,
        "Depreciation And Amortization In Income Statement": 5422000.0,
        "Amortization": 193000.0,
        "Amortization Of Intangibles Income Statement": 193000.0,
        "Depreciation Income Statement": 5229000.0,
        "Selling General And Administration": 8670000.0,
        "General And Administrative Expense": 8670000.0,
        "Other Gand A": 8451000.0,
        "Salaries And Wages": 219000.0,
        "Gross Profit": 2043000.0,
        "Cost Of Revenue": 37972000.0,
        "Total Revenue": 40015000.0,
        "Operating Revenue": 40015000.0
    },
    "2024-12-31": {
        "Tax Effect Of Unusual Items": 318780.0,
        "Tax Rate For Calcs": 0.21,
        "Normalized EBITDA": -4975000.0,
        "Total Unusual Items": 1518000.0,
        "Total Unusual Items Excluding Goodwill": 1518000.0,
        "Net Income From Continuing Operation Net Minority Interest": -15480000.0,
        "Reconciled Depreciation": 5561000.0,
        "Reconciled Cost Of Revenue": 48614000.0,
        "EBITDA": -3457000.0,
        "EBIT": -9280000.0,
        "Net Interest Income": -4804000.0,
        "Interest Expense": 4804000.0,
        "Interest Income": NaN,
        "Normalized Income": -16679220.0,
        "Net Income From Continuing And Discontinued Operation": -15480000.0,
        "Total Expenses": 64035000.0,
        "Total Operating Income As Reported": -9317000.0,
        "Diluted Average Shares": 48127000.0,
        "Basic Average Shares": 48127000.0,
        "Diluted EPS": -0.321524,
        "Basic EPS": -0.32,
        "Diluted NI Availto Com Stockholders": -15480000.0,
        "Net Income Common Stockholders": -15480000.0,
        "Net Income": -15480000.0,
        "Net Income Including Noncontrolling Interests": -15480000.0,
        "Net Income Discontinuous Operations": NaN,
        "Net Income Continuous Operations": -15480000.0,
        "Tax Provision": 1396000.0,
        "Pretax Income": -14084000.0,
        "Other Income Expense": 1555000.0,
        "Other Non Operating Income Expenses": 37000.0,
        "Special Income Charges": 1518000.0,
        "Gain On Sale Of Ppe": 1518000.0,
        "Impairment Of Capital Assets": 0.0,
        "Net Non Operating Interest Income Expense": -4804000.0,
        "Interest Expense Non Operating": 4804000.0,
        "Interest Income Non Operating": NaN,
        "Operating Income": -10835000.0,
        "Operating Expense": 15683000.0,
        "Other Operating Expenses": NaN,
        "Provision For Doubtful Accounts": 409000.0,
        "Depreciation Amortization Depletion Income Statement": 5823000.0,
        "Depletion Income Statement": 262000.0,
        "Depreciation And Amortization In Income Statement": 5561000.0,
        "Amortization": 124000.0,
        "Amortization Of Intangibles Income Statement": 124000.0,
        "Depreciation Income Statement": 5437000.0,
        "Selling General And Administration": 9451000.0,
        "General And Administrative Expense": 9451000.0,
        "Other Gand A": 9233000.0,
        "Salaries And Wages": 218000.0,
        "Gross Profit": 4848000.0,
        "Cost Of Revenue": 48352000.0,
        "Total Revenue": 53200000.0,
        "Operating Revenue": 53200000.0
    },
    "2025-03-31": {
        "Tax Effect Of Unusual Items": 843780.0,
        "Tax Rate For Calcs": 0.21,
        "Normalized EBITDA": -1486000.0,
        "Total Unusual Items": 4018000.0,
        "Total Unusual Items Excluding Goodwill": 4018000.0,
        "Net Income From Continuing Operation Net Minority Interest": -537000.0,
        "Reconciled Depreciation": 6008000.0,
        "Reconciled Cost Of Revenue": 53425000.0,
        "EBITDA": 2532000.0,
        "EBIT": -3509000.0,
        "Net Interest Income": 153000.0,
        "Interest Expense": NaN,
        "Interest Income": 153000.0,
        "Normalized Income": -3711220.0,
        "Net Income From Continuing And Discontinued Operation": -537000.0,
        "Total Expenses": 65974000.0,
        "Total Operating Income As Reported": 509000.0,
        "Diluted Average Shares": 48150000.0,
        "Basic Average Shares": 48150000.0,
        "Diluted EPS": -0.01,
        "Basic EPS": -0.01,
        "Diluted NI Availto Com Stockholders": -537000.0,
        "Net Income Common Stockholders": -537000.0,
        "Net Income": -537000.0,
        "Net Income Including Noncontrolling Interests": -537000.0,
        "Net Income Discontinuous Operations": NaN,
        "Net Income Continuous Operations": -537000.0,
        "Tax Provision": 860000.0,
        "Pretax Income": 323000.0,
        "Other Income Expense": 3679000.0,
        "Other Non Operating Income Expenses": -339000.0,
        "Special Income Charges": 4018000.0,
        "Gain On Sale Of Ppe": 4018000.0,
        "Impairment Of Capital Assets": NaN,
        "Net Non Operating Interest Income Expense": 153000.0,
        "Interest Expense Non Operating": NaN,
        "Interest Income Non Operating": 153000.0,
        "Operating Income": -3509000.0,
        "Operating Expense": 12582000.0,
        "Other Operating Expenses": NaN,
        "Provision For Doubtful Accounts": 1000.0,
        "Depreciation Amortization Depletion Income Statement": 6041000.0,
        "Depletion Income Statement": 33000.0,
        "Depreciation And Amortization In Income Statement": 6008000.0,
        "Amortization": 21000.0,
        "Amortization Of Intangibles Income Statement": 21000.0,
        "Depreciation Income Statement": 5987000.0,
        "Selling General And Administration": 6540000.0,
        "General And Administrative Expense": 6540000.0,
        "Other Gand A": 6329000.0,
        "Salaries And Wages": 211000.0,
        "Gross Profit": 9073000.0,
        "Cost Of Revenue": 53392000.0,
        "Total Revenue": 62465000.0,
        "Operating Revenue": 62465000.0
    },
    "2025-06-30": {
        "Tax Effect Of Unusual Items": -780105.605155,
        "Tax Rate For Calcs": 0.0255,
        "Normalized EBITDA": 27617000.0,
        "Total Unusual Items": -30592000.0,
        "Total Unusual Items Excluding Goodwill": -30592000.0,
        "Net Income From Continuing Operation Net Minority Interest": -35693000.0,
        "Reconciled Depreciation": -1085000.0,
        "Reconciled Cost Of Revenue": 17962000.0,
        "EBITDA": -2975000.0,
        "EBIT": -5807000.0,
        "Net Interest Income": 400000.0,
        "Interest Expense": NaN,
        "Interest Income": 400000.0,
        "Normalized Income": -5881105.605155,
        "Net Income From Continuing And Discontinued Operation": 8848000.0,
        "Total Expenses": 22216000.0,
        "Total Operating Income As Reported": -36399000.0,
        "Diluted Average Shares": 48225000.0,
        "Basic Average Shares": 48225000.0,
        "Diluted EPS": 0.18,
        "Basic EPS": 0.18,
        "Diluted NI Availto Com Stockholders": 8848000.0,
        "Net Income Common Stockholders": 8848000.0,
        "Net Income": 8848000.0,
        "Net Income Including Noncontrolling Interests": 8848000.0,
        "Net Income Discontinuous Operations": 44541000.0,
        "Net Income Continuous Operations": -35693000.0,
        "Tax Provision": -934000.0,
        "Pretax Income": -36627000.0,
        "Other Income Expense": -31220000.0,
        "Other Non Operating Income Expenses": -628000.0,
        "Special Income Charges": -30592000.0,
        "Gain On Sale Of Ppe": 1077000.0,
        "Impairment Of Capital Assets": 31669000.0,
        "Net Non Operating Interest Income Expense": 400000.0,
        "Interest Expense Non Operating": NaN,
        "Interest Income Non Operating": 400000.0,
        "Operating Income": -5807000.0,
        "Operating Expense": 8171000.0,
        "Other Operating Expenses": NaN,
        "Provision For Doubtful Accounts": NaN,
        "Depreciation Amortization Depletion Income Statement": 2832000.0,
        "Depletion Income Statement": 580000.0,
        "Depreciation And Amortization In Income Statement": 2252000.0,
        "Amortization": 14000.0,
        "Amortization Of Intangibles Income Statement": 14000.0,
        "Depreciation Income Statement": 2238000.0,
        "Selling General And Administration": 5339000.0,
        "General And Administrative Expense": NaN,
        "Other Gand A": NaN,
        "Salaries And Wages": NaN,
        "Gross Profit": 2364000.0,
        "Cost Of Revenue": 14045000.0,
        "Total Revenue": 16409000.0,
        "Operating Revenue": 16409000.0
    },
    "2025-09-30": {
        "Tax Effect Of Unusual Items": -393540.0,
        "Tax Rate For Calcs": 0.21,
        "Normalized EBITDA": -5288000.0,
        "Total Unusual Items": -1874000.0,
        "Total Unusual Items Excluding Goodwill": -1874000.0,
        "Net Income From Continuing Operation Net Minority Interest": -12058000.0,
        "Reconciled Depreciation": 2756000.0,
        "Reconciled Cost Of Revenue": 14020000.0,
        "EBITDA": -7162000.0,
        "EBIT": -9918000.0,
        "Net Interest Income": 922000.0,
        "Interest Expense": 0.0,
        "Interest Income": 922000.0,
        "Normalized Income": -10577540.0,
        "Net Income From Continuing And Discontinued Operation": -12615000.0,
        "Total Expenses": 21936000.0,
        "Total Operating Income As Reported": -9009000.0,
        "Diluted Average Shares": 48358000.0,
        "Basic Average Shares": 48358000.0,
        "Diluted EPS": -0.26,
        "Basic EPS": -0.26,
        "Diluted NI Availto Com Stockholders": -12615000.0,
        "Net Income Common Stockholders": -12615000.0,
        "Net Income": -12615000.0,
        "Net Income Including Noncontrolling Interests": -12615000.0,
        "Net Income Discontinuous Operations": -557000.0,
        "Net Income Continuous Operations": -12058000.0,
        "Tax Provision": 2140000.0,
        "Pretax Income": -9918000.0,
        "Other Income Expense": -3705000.0,
        "Other Non Operating Income Expenses": -1831000.0,
        "Special Income Charges": -1874000.0,
        "Gain On Sale Of Ppe": -1874000.0,
        "Impairment Of Capital Assets": 0.0,
        "Net Non Operating Interest Income Expense": 922000.0,
        "Interest Expense Non Operating": 0.0,
        "Interest Income Non Operating": 922000.0,
        "Operating Income": -7135000.0,
        "Operating Expense": 7916000.0,
        "Other Operating Expenses": NaN,
        "Provision For Doubtful Accounts": NaN,
        "Depreciation Amortization Depletion Income Statement": 2756000.0,
        "Depletion Income Statement": 829000.0,
        "Depreciation And Amortization In Income Statement": 1927000.0,
        "Amortization": 14000.0,
        "Amortization Of Intangibles Income Statement": 14000.0,
        "Depreciation Income Statement": 1913000.0,
        "Selling General And Administration": 5160000.0,
        "General And Administrative Expense": NaN,
        "Other Gand A": NaN,
        "Salaries And Wages": NaN,
        "Gross Profit": 781000.0,
        "Cost Of Revenue": 14020000.0,
        "Total Revenue": 14801000.0,
        "Operating Revenue": 14801000.0
    }
}