{
    "2023-03-31": {
        "Tax Effect Of Unusual Items": NaN,
        "Tax Rate For Calcs": NaN,
        "Normalized EBITDA": NaN,
        "Total Unusual Items": NaN,
        "Total Unusual Items Excluding Goodwill": NaN,
        "Net Income From Continuing Operation Net Minority Interest": NaN,
        "Reconciled Depreciation": NaN,
        "Reconciled Cost Of Revenue": NaN,
        "EBITDA": NaN,
        "EBIT": NaN,
        "Net Interest Income": NaN,
        "Interest Expense": NaN,
        "Interest Income": NaN,
        "Normalized Income": NaN,
        "Net Income From Continuing And Discontinued Operation": NaN,
        "Total Expenses": NaN,
        "Total Operating Income As Reported": NaN,
        "Diluted Average Shares": NaN,
        "Basic Average Shares": NaN,
        "Diluted EPS": NaN,
        "Basic EPS": NaN,
        "Diluted NI Availto Com Stockholders": NaN,
        "Net Income Common Stockholders": NaN,
        "Net Income": NaN,
        "Minority Interests": NaN,
        "Net Income Including Noncontrolling Interests": NaN,
        "Net Income Continuous Operations": NaN,
        "Tax Provision": NaN,
        "Pretax Income": NaN,
        "Other Income Expense": NaN,
        "Other Non Operating Income Expenses": NaN,
        "Special Income Charges": NaN,
        "Gain On Sale Of Ppe": NaN,
        "Gain On Sale Of Business": 0.0,
        "Other Special Charges": NaN,
        "Restructuring And Mergern Acquisition": NaN,
        "Earnings From Equity Interest": 455000.0,
        "Gain On Sale Of Security": NaN,
        "Net Non Operating Interest Income Expense": NaN,
        "Interest Expense Non Operating": NaN,
        "Interest Income Non Operating": NaN,
        "Operating Income": NaN,
        "Operating Expense": NaN,
        "Other Operating Expenses": NaN,
        "Other Taxes": NaN,
        "Research And Development": NaN,
        "Selling General And Administration": NaN,
        "Gross Profit": NaN,
        "Cost Of Revenue": NaN,
        "Total Revenue": NaN,
        "Operating Revenue": NaN
    },
    "2022-12-31": {
        "Tax Effect Of Unusual Items": NaN,
        "Tax Rate For Calcs": NaN,
        "Normalized EBITDA": NaN,
        "Total Unusual Items": NaN,
        "Total Unusual Items Excluding Goodwill": NaN,
        "Net Income From Continuing Operation Net Minority Interest": NaN,
        "Reconciled Depreciation": NaN,
        "Reconciled Cost Of Revenue": NaN,
        "EBITDA": NaN,
        "EBIT": NaN,
        "Net Interest Income": NaN,
        "Interest Expense": NaN,
        "Normalized Income": NaN,
        "Net Income From Continuing And Discontinued Operation": NaN,
        "Total Expenses": NaN,
        "Total Operating Income As Reported": NaN,
        "Diluted Average Shares": 63521000.0,
        "Basic Average Shares": 62842000.0,
        "Diluted EPS": 0.66,
        "Basic EPS": 0.67,
        "Diluted NI Availto Com Stockholders": NaN,
        "Net Income Common Stockholders": NaN,
        "Net Income": NaN,
        "Minority Interests": NaN,
        "Net Income Including Noncontrolling Interests": NaN,
        "Net Income Continuous Operations": NaN,
        "Tax Provision": NaN,
        "Pretax Income": NaN,
        "Other Income Expense": NaN,
        "Other Non Operating Income Expenses": NaN,
        "Special Income Charges": NaN,
        "Gain On Sale Of Ppe": NaN,
        "Gain On Sale Of Business": 0.0,
        "Other Special Charges": NaN,
        "Restructuring And Mergern Acquisition": NaN,
        "Earnings From Equity Interest": 289000.0,
        "Gain On Sale Of Security": NaN,
        "Net Non Operating Interest Income Expense": NaN,
        "Interest Expense Non Operating": NaN,
        "Operating Income": NaN,
        "Operating Expense": NaN,
        "Other Operating Expenses": NaN,
        "Other Taxes": 0.0,
        "Research And Development": NaN,
        "Selling General And Administration": NaN,
        "Gross Profit": NaN,
        "Cost Of Revenue": NaN,
        "Total Revenue": NaN,
        "Operating Revenue": NaN
    },
    "2022-09-30": {
        "Tax Effect Of Unusual Items": NaN,
        "Tax Rate For Calcs": NaN,
        "Normalized EBITDA": NaN,
        "Total Unusual Items": NaN,
        "Total Unusual Items Excluding Goodwill": NaN,
        "Net Income From Continuing Operation Net Minority Interest": NaN,
        "Reconciled Depreciation": NaN,
        "Reconciled Cost Of Revenue": NaN,
        "EBITDA": NaN,
        "EBIT": NaN,
        "Net Interest Income": NaN,
        "Interest Expense": NaN,
        "Normalized Income": NaN,
        "Net Income From Continuing And Discontinued Operation": NaN,
        "Total Expenses": NaN,
        "Total Operating Income As Reported": NaN,
        "Diluted Average Shares": NaN,
        "Basic Average Shares": NaN,
        "Diluted EPS": NaN,
        "Basic EPS": NaN,
        "Diluted NI Availto Com Stockholders": NaN,
        "Net Income Common Stockholders": NaN,
        "Net Income": NaN,
        "Minority Interests": NaN,
        "Net Income Including Noncontrolling Interests": NaN,
        "Net Income Continuous Operations": NaN,
        "Tax Provision": NaN,
        "Pretax Income": NaN,
        "Other Income Expense": NaN,
        "Other Non Operating Income Expenses": NaN,
        "Special Income Charges": NaN,
        "Gain On Sale Of Ppe": NaN,
        "Gain On Sale Of Business": NaN,
        "Restructuring And Mergern Acquisition": NaN,
        "Earnings From Equity Interest": 0.0,
        "Gain On Sale Of Security": NaN,
        "Net Non Operating Interest Income Expense": NaN,
        "Interest Expense Non Operating": NaN,
        "Operating Income": NaN,
        "Operating Expense": NaN,
        "Other Operating Expenses": NaN,
        "Other Taxes": -9593000.0,
        "Research And Development": NaN,
        "Selling General And Administration": NaN,
        "Gross Profit": NaN,
        "Cost Of Revenue": NaN,
        "Total Revenue": NaN,
        "Operating Revenue": NaN
    },
    "2022-06-30": {
        "Tax Effect Of Unusual Items": 498096.0,
        "Tax Rate For Calcs": 0.216,
        "Normalized EBITDA": 104220000.0,
        "Total Unusual Items": 2306000.0,
        "Total Unusual Items Excluding Goodwill": 2306000.0,
        "Net Income From Continuing Operation Net Minority Interest": 67171000.0,
        "Reconciled Depreciation": 10897000.0,
        "Reconciled Cost Of Revenue": 463242000.0,
        "EBITDA": 106526000.0,
        "EBIT": 95629000.0,
        "Net Interest Income": -7707000.0,
        "Interest Expense": 7707000.0,
        "Normalized Income": 65363096.0,
        "Net Income From Continuing And Discontinued Operation": 67171000.0,
        "Total Expenses": 480744000.0,
        "Total Operating Income As Reported": 69701000.0,
        "Diluted Average Shares": 63221000.0,
        "Basic Average Shares": 62671000.0,
        "Diluted EPS": 1.06,
        "Basic EPS": 1.07,
        "Diluted NI Availto Com Stockholders": 67171000.0,
        "Net Income Common Stockholders": 67171000.0,
        "Net Income": 67171000.0,
        "Minority Interests": -1750000.0,
        "Net Income Including Noncontrolling Interests": 68921000.0,
        "Net Income Continuous Operations": 68921000.0,
        "Tax Provision": 19001000.0,
        "Pretax Income": 87922000.0,
        "Other Income Expense": 3478000.0,
        "Other Non Operating Income Expenses": 850000.0,
        "Special Income Charges": 72000.0,
        "Gain On Sale Of Ppe": 72000.0,
        "Gain On Sale Of Business": 0.0,
        "Earnings From Equity Interest": 322000.0,
        "Gain On Sale Of Security": 2234000.0,
        "Net Non Operating Interest Income Expense": -7707000.0,
        "Interest Expense Non Operating": 7707000.0,
        "Operating Income": 92151000.0,
        "Operating Expense": 17502000.0,
        "Other Operating Expenses": 3045000.0,
        "Other Taxes": -22450000.0,
        "Research And Development": 2238000.0,
        "Selling General And Administration": 34669000.0,
        "Gross Profit": 109653000.0,
        "Cost Of Revenue": 463242000.0,
        "Total Revenue": 572895000.0,
        "Operating Revenue": 572895000.0
    },
    "2023-06-30": {
        "Tax Effect Of Unusual Items": NaN,
        "Tax Rate For Calcs": NaN,
        "Normalized EBITDA": NaN,
        "Total Unusual Items": NaN,
        "Total Unusual Items Excluding Goodwill": NaN,
        "Net Income From Continuing Operation Net Minority Interest": NaN,
        "Reconciled Depreciation": NaN,
        "Reconciled Cost Of Revenue": NaN,
        "EBITDA": NaN,
        "EBIT": NaN,
        "Net Interest Income": NaN,
        "Interest Expense": NaN,
        "Interest Income": NaN,
        "Normalized Income": NaN,
        "Net Income From Continuing And Discontinued Operation": NaN,
        "Total Expenses": NaN,
        "Total Operating Income As Reported": NaN,
        "Diluted Average Shares": 63234000.0,
        "Basic Average Shares": 62931000.0,
        "Diluted EPS": 0.48,
        "Basic EPS": 0.48,
        "Diluted NI Availto Com Stockholders": NaN,
        "Net Income Common Stockholders": NaN,
        "Net Income": NaN,
        "Minority Interests": NaN,
        "Net Income Including Noncontrolling Interests": NaN,
        "Net Income Continuous Operations": NaN,
        "Tax Provision": NaN,
        "Pretax Income": NaN,
        "Other Income Expense": NaN,
        "Other Non Operating Income Expenses": NaN,
        "Special Income Charges": NaN,
        "Gain On Sale Of Ppe": NaN,
        "Gain On Sale Of Business": 0.0,
        "Other Special Charges": NaN,
        "Restructuring And Mergern Acquisition": NaN,
        "Earnings From Equity Interest": 277000.0,
        "Gain On Sale Of Security": NaN,
        "Net Non Operating Interest Income Expense": NaN,
        "Interest Expense Non Operating": NaN,
        "Interest Income Non Operating": NaN,
        "Operating Income": NaN,
        "Operating Expense": NaN,
        "Other Operating Expenses": NaN,
        "Other Taxes": NaN,
        "Research And Development": NaN,
        "Selling General And Administration": NaN,
        "Gross Profit": NaN,
        "Cost Of Revenue": NaN,
        "Total Revenue": NaN,
        "Operating Revenue": NaN
    },
    "2022-03-31": {
        "Diluted EPS": 0.37,
        "Total Revenue": 556,
        "Gross Profit": 87,
        "Operating Income": 45,
        "EBIT": 56,
        "Net Income": 24
    },
    "2021-12-31": {
        "Diluted EPS": 0.43,
        "Total Revenue": 488,
        "Gross Profit": 63,
        "Operating Income": 24,
        "EBIT": 36,
        "Net Income": 28
    },
    "2021-09-30": {
        "Diluted EPS": 0.18,
        "Total Revenue": 450,
        "Gross Profit": 60,
        "Operating Income": 23,
        "EBIT": 34,
        "Net Income": 11
    },
    "2021-06-30": {
        "Diluted EPS": -0.04,
        "Total Revenue": 439,
        "Gross Profit": 61,
        "Operating Income": 24,
        "EBIT": 36,
        "Net Income": -3
    },
    "2021-03-31": {
        "Diluted EPS": 0.22,
        "Total Revenue": 404,
        "Gross Profit": 53,
        "Operating Income": 14,
        "EBIT": 27,
        "Net Income": 14
    },
    "2020-12-31": {
        "Diluted EPS": -0.28,
        "Total Revenue": 327,
        "Gross Profit": 26,
        "Operating Income": -16,
        "EBIT": -2,
        "Net Income": -17
    },
    "2020-09-30": {
        "Diluted EPS": -0.21,
        "Total Revenue": 305,
        "Gross Profit": 31,
        "Operating Income": -7,
        "EBIT": 6,
        "Net Income": -13
    },
    "2020-06-30": {
        "Diluted EPS": -0.08,
        "Total Revenue": 286,
        "Gross Profit": 30,
        "Operating Income": -3,
        "EBIT": 10,
        "Net Income": -5
    },
    "2020-03-31": {
        "Diluted EPS": -0.42,
        "Total Revenue": 342,
        "Gross Profit": 27,
        "Operating Income": -10,
        "EBIT": 4,
        "Net Income": -25
    },
    "2019-12-31": {
        "Diluted EPS": -0.41,
        "Total Revenue": 302,
        "Gross Profit": 18,
        "Operating Income": -18,
        "EBIT": -4,
        "Net Income": -25
    },
    "2019-09-30": {
        "Diluted EPS": -0.33,
        "Total Revenue": 346,
        "Gross Profit": 27,
        "Operating Income": -13,
        "EBIT": 1,
        "Net Income": -20
    },
    "2019-06-30": {
        "Diluted EPS": -0.12,
        "Total Revenue": 391,
        "Gross Profit": 38,
        "Operating Income": -2,
        "EBIT": 11,
        "Net Income": -7
    },
    "2019-03-31": {
        "Diluted EPS": 0.02,
        "Total Revenue": 410,
        "Gross Profit": 45,
        "Operating Income": 4,
        "EBIT": 19,
        "Net Income": 1
    },
    "2018-12-31": {
        "Diluted EPS": -0.23,
        "Total Revenue": 363,
        "Gross Profit": 37,
        "Operating Income": -1,
        "EBIT": 13,
        "Net Income": -13
    },
    "2018-09-30": {
        "Diluted EPS": -0.03,
        "Total Revenue": 385,
        "Gross Profit": 44,
        "Operating Income": 5,
        "EBIT": 18,
        "Net Income": -2
    },
    "2018-06-30": {
        "Diluted EPS": 0.06,
        "Total Revenue": 429,
        "Gross Profit": 58,
        "Operating Income": 19,
        "EBIT": 34,
        "Net Income": 4
    },
    "2018-03-31": {
        "Diluted EPS": 0.26,
        "Total Revenue": 425,
        "Gross Profit": 60,
        "Operating Income": 19,
        "EBIT": 35,
        "Net Income": 15
    },
    "2017-12-31": {
        "Diluted EPS": -0.55,
        "Total Revenue": 376,
        "Gross Profit": 36,
        "Operating Income": -4,
        "EBIT": 10,
        "Net Income": -33
    },
    "2017-09-30": {
        "Diluted EPS": -0.22,
        "Total Revenue": 371,
        "Gross Profit": 40,
        "Operating Income": -5,
        "EBIT": 10,
        "Net Income": -13
    },
    "2017-06-30": {
        "Diluted EPS": -0.17,
        "Total Revenue": 364,
        "Gross Profit": 44,
        "Operating Income": 4,
        "EBIT": 19,
        "Net Income": -10
    },
    "2017-03-31": {
        "Diluted EPS": -0.18,
        "Total Revenue": 358,
        "Gross Profit": 40,
        "Operating Income": -7,
        "EBIT": 8,
        "Net Income": -11
    },
    "2016-12-31": {
        "Diluted EPS": -0.27,
        "Total Revenue": 307,
        "Gross Profit": 34,
        "Operating Income": -7,
        "EBIT": 8,
        "Net Income": -15
    },
    "2016-09-30": {
        "Diluted EPS": -0.17,
        "Total Revenue": 306,
        "Gross Profit": 35,
        "Operating Income": -6,
        "EBIT": 8,
        "Net Income": -9
    },
    "2016-06-30": {
        "Diluted EPS": -0.1,
        "Total Revenue": 330,
        "Gross Profit": 44,
        "Operating Income": 3,
        "EBIT": 18,
        "Net Income": -5
    },
    "2016-03-31": {
        "Diluted EPS": -0.33,
        "Total Revenue": 322,
        "Gross Profit": 28,
        "Operating Income": -12,
        "EBIT": 4,
        "Net Income": -18
    },
    "2015-12-31": {
        "Diluted EPS": -1.06,
        "Total Revenue": 308,
        "Gross Profit": 15,
        "Operating Income": -21,
        "EBIT": -5,
        "Net Income": -57
    },
    "2015-09-30": {
        "Diluted EPS": -0.79,
        "Total Revenue": 309,
        "Gross Profit": 26,
        "Operating Income": -14,
        "EBIT": 2,
        "Net Income": -43
    },
    "2015-06-30": {
        "Diluted EPS": 0.17,
        "Total Revenue": 376,
        "Gross Profit": 51,
        "Operating Income": 8,
        "EBIT": 26,
        "Net Income": 9
    },
    "2015-03-31": {
        "Diluted EPS": -0.05,
        "Total Revenue": 402,
        "Gross Profit": 43,
        "Operating Income": 1,
        "EBIT": 19,
        "Net Income": -3
    },
    "2014-12-31": {
        "Diluted EPS": -1.58,
        "Total Revenue": 383,
        "Gross Profit": 22,
        "Operating Income": -66,
        "EBIT": -45,
        "Net Income": -86
    },
    "2014-09-30": {
        "Diluted EPS": -0.47,
        "Total Revenue": 450,
        "Gross Profit": 44,
        "Operating Income": -3,
        "EBIT": 18,
        "Net Income": -25
    },
    "2014-06-30": {
        "Diluted EPS": -0.4,
        "Total Revenue": 524,
        "Gross Profit": 21,
        "Operating Income": -29,
        "EBIT": -6,
        "Net Income": -21
    },
    "2014-03-31": {
        "Diluted EPS": 0.02,
        "Total Revenue": 539,
        "Gross Profit": 55,
        "Operating Income": 0,
        "EBIT": 24,
        "Net Income": 2
    },
    "2013-12-31": {
        "Diluted EPS": -0.25,
        "Total Revenue": 494,
        "Gross Profit": 49,
        "Operating Income": 1,
        "EBIT": 25,
        "Net Income": -16
    },
    "2013-09-30": {
        "Diluted EPS": 0.15,
        "Total Revenue": 498,
        "Gross Profit": 63,
        "Operating Income": 17,
        "EBIT": 32,
        "Net Income": 8
    },
    "2013-06-30": {
        "Diluted EPS": 0.4,
        "Total Revenue": 593,
        "Gross Profit": 87,
        "Operating Income": 37,
        "EBIT": 56,
        "Net Income": 23
    },
    "2013-03-31": {
        "Diluted EPS": 0.34,
        "Total Revenue": 578,
        "Gross Profit": 97,
        "Operating Income": 48,
        "EBIT": 68,
        "Net Income": 19
    },
    "2012-12-31": {
        "Diluted EPS": 0.14,
        "Total Revenue": 494,
        "Gross Profit": 52,
        "Operating Income": -1,
        "EBIT": 17,
        "Net Income": 8
    },
    "2012-09-30": {
        "Diluted EPS": 0.39,
        "Total Revenue": 405,
        "Gross Profit": 67,
        "Operating Income": 36,
        "EBIT": 48,
        "Net Income": 20
    },
    "2012-06-30": {
        "Diluted EPS": 0.84,
        "Total Revenue": 459,
        "Gross Profit": 82,
        "Operating Income": 81,
        "EBIT": 93,
        "Net Income": 44
    },
    "2012-03-31": {
        "Diluted EPS": 0.68,
        "Total Revenue": 463,
        "Gross Profit": 93,
        "Operating Income": 59,
        "EBIT": 71,
        "Net Income": 35
    },
    "2011-12-31": {
        "Diluted EPS": 0.33,
        "Total Revenue": 403,
        "Gross Profit": 59,
        "Operating Income": 20,
        "EBIT": 32,
        "Net Income": 14
    },
    "2011-09-30": {
        "Diluted EPS": 0.42,
        "Total Revenue": 399,
        "Gross Profit": 53,
        "Operating Income": 41,
        "EBIT": 53,
        "Net Income": 21
    },
    "2011-06-30": {
        "Diluted EPS": 0.5,
        "Total Revenue": 404,
        "Gross Profit": 64,
        "Operating Income": 44,
        "EBIT": 56,
        "Net Income": 26
    },
    "2011-03-31": {
        "Diluted EPS": -0.07,
        "Total Revenue": 281,
        "Gross Profit": 56,
        "Operating Income": 27,
        "EBIT": 36,
        "Net Income": -3
    },
    "2010-12-31": {
        "Diluted EPS": -0.46,
        "Total Revenue": 233,
        "Gross Profit": 16,
        "Operating Income": -9,
        "EBIT": 1,
        "Net Income": -17
    },
    "2010-09-30": {
        "Diluted EPS": 0.11,
        "Total Revenue": 223,
        "Gross Profit": 28,
        "Operating Income": 13,
        "EBIT": 22,
        "Net Income": 4
    },
    "2010-06-30": {
        "Diluted EPS": 0.12,
        "Total Revenue": 230,
        "Gross Profit": 34,
        "Operating Income": 17,
        "EBIT": 27,
        "Net Income": 5
    },
    "2010-03-31": {
        "Diluted EPS": 0.06,
        "Total Revenue": 196,
        "Gross Profit": 26,
        "Operating Income": 10,
        "EBIT": 19,
        "Net Income": 2
    },
    "2009-12-31": {
        "Diluted EPS": -0.76,
        "Total Revenue": 147,
        "Gross Profit": -1,
        "Operating Income": -30,
        "EBIT": -9,
        "Net Income": -26
    },
    "2009-09-30": {
        "Diluted EPS": -0.32,
        "Total Revenue": 141,
        "Gross Profit": -3,
        "Operating Income": -16,
        "EBIT": -7,
        "Net Income": -11
    },
    "2009-06-30": {
        "Diluted EPS": 0.17,
        "Total Revenue": 207,
        "Gross Profit": 30,
        "Operating Income": 13,
        "EBIT": 21,
        "Net Income": 6
    },
    "2009-03-31": {
        "Diluted EPS": 0.2,
        "Total Revenue": 233,
        "Gross Profit": 30,
        "Operating Income": 14,
        "EBIT": 22,
        "Net Income": 7
    },
    "2023-09-30": {
        "Tax Effect Of Unusual Items": NaN,
        "Tax Rate For Calcs": NaN,
        "Normalized EBITDA": NaN,
        "Total Unusual Items": NaN,
        "Total Unusual Items Excluding Goodwill": NaN,
        "Net Income From Continuing Operation Net Minority Interest": NaN,
        "Reconciled Depreciation": NaN,
        "Reconciled Cost Of Revenue": NaN,
        "EBITDA": NaN,
        "EBIT": NaN,
        "Net Interest Income": NaN,
        "Interest Expense": NaN,
        "Interest Income": 3298000.0,
        "Normalized Income": NaN,
        "Net Income From Continuing And Discontinued Operation": NaN,
        "Total Expenses": NaN,
        "Total Operating Income As Reported": NaN,
        "Diluted Average Shares": NaN,
        "Basic Average Shares": NaN,
        "Diluted EPS": NaN,
        "Basic EPS": NaN,
        "Diluted NI Availto Com Stockholders": NaN,
        "Net Income Common Stockholders": NaN,
        "Net Income": NaN,
        "Minority Interests": NaN,
        "Net Income Including Noncontrolling Interests": NaN,
        "Net Income Continuous Operations": NaN,
        "Tax Provision": NaN,
        "Pretax Income": NaN,
        "Other Income Expense": NaN,
        "Other Non Operating Income Expenses": NaN,
        "Special Income Charges": NaN,
        "Gain On Sale Of Ppe": NaN,
        "Gain On Sale Of Business": 0.0,
        "Other Special Charges": NaN,
        "Restructuring And Mergern Acquisition": NaN,
        "Earnings From Equity Interest": 222000.0,
        "Gain On Sale Of Security": NaN,
        "Net Non Operating Interest Income Expense": NaN,
        "Interest Expense Non Operating": NaN,
        "Interest Income Non Operating": 3298000.0,
        "Operating Income": NaN,
        "Operating Expense": NaN,
        "Other Operating Expenses": NaN,
        "Other Taxes": 0.0,
        "Research And Development": NaN,
        "Selling General And Administration": NaN,
        "Gross Profit": NaN,
        "Cost Of Revenue": NaN,
        "Total Revenue": NaN,
        "Operating Revenue": NaN
    },
    "2023-12-31": {
        "Tax Effect Of Unusual Items": NaN,
        "Tax Rate For Calcs": NaN,
        "Normalized EBITDA": NaN,
        "Total Unusual Items": NaN,
        "Total Unusual Items Excluding Goodwill": NaN,
        "Net Income From Continuing Operation Net Minority Interest": NaN,
        "Reconciled Depreciation": NaN,
        "Reconciled Cost Of Revenue": NaN,
        "EBITDA": NaN,
        "EBIT": NaN,
        "Net Interest Income": NaN,
        "Interest Expense": NaN,
        "Interest Income": NaN,
        "Normalized Income": NaN,
        "Net Income From Continuing And Discontinued Operation": NaN,
        "Total Expenses": NaN,
        "Total Operating Income As Reported": NaN,
        "Diluted Average Shares": NaN,
        "Basic Average Shares": NaN,
        "Diluted EPS": NaN,
        "Basic EPS": NaN,
        "Diluted NI Availto Com Stockholders": NaN,
        "Net Income Common Stockholders": NaN,
        "Net Income": NaN,
        "Minority Interests": NaN,
        "Net Income Including Noncontrolling Interests": NaN,
        "Net Income Continuous Operations": NaN,
        "Tax Provision": NaN,
        "Pretax Income": NaN,
        "Other Income Expense": NaN,
        "Other Non Operating Income Expenses": NaN,
        "Special Income Charges": NaN,
        "Gain On Sale Of Ppe": NaN,
        "Gain On Sale Of Business": 0.0,
        "Other Special Charges": NaN,
        "Restructuring And Mergern Acquisition": NaN,
        "Earnings From Equity Interest": NaN,
        "Gain On Sale Of Security": NaN,
        "Net Non Operating Interest Income Expense": NaN,
        "Interest Expense Non Operating": NaN,
        "Interest Income Non Operating": NaN,
        "Operating Income": NaN,
        "Operating Expense": NaN,
        "Other Operating Expenses": NaN,
        "Other Taxes": 0.0,
        "Research And Development": NaN,
        "Selling General And Administration": NaN,
        "Gross Profit": NaN,
        "Cost Of Revenue": NaN,
        "Total Revenue": NaN,
        "Operating Revenue": NaN
    },
    "2024-03-31": {
        "Tax Effect Of Unusual Items": NaN,
        "Tax Rate For Calcs": NaN,
        "Normalized EBITDA": NaN,
        "Total Unusual Items": NaN,
        "Total Unusual Items Excluding Goodwill": NaN,
        "Net Income From Continuing Operation Net Minority Interest": NaN,
        "Reconciled Depreciation": NaN,
        "Reconciled Cost Of Revenue": NaN,
        "EBITDA": NaN,
        "EBIT": NaN,
        "Net Interest Income": NaN,
        "Interest Expense": NaN,
        "Interest Income": 2875000.0,
        "Normalized Income": NaN,
        "Net Income From Continuing And Discontinued Operation": NaN,
        "Total Expenses": NaN,
        "Total Operating Income As Reported": NaN,
        "Diluted Average Shares": 65704000.0,
        "Basic Average Shares": 64928000.0,
        "Diluted EPS": 0.14,
        "Basic EPS": 0.14,
        "Diluted NI Availto Com Stockholders": NaN,
        "Net Income Common Stockholders": NaN,
        "Net Income": NaN,
        "Minority Interests": NaN,
        "Net Income Including Noncontrolling Interests": NaN,
        "Net Income Continuous Operations": NaN,
        "Tax Provision": NaN,
        "Pretax Income": NaN,
        "Other Income Expense": NaN,
        "Other Non Operating Income Expenses": NaN,
        "Special Income Charges": NaN,
        "Gain On Sale Of Ppe": NaN,
        "Gain On Sale Of Business": NaN,
        "Other Special Charges": NaN,
        "Restructuring And Mergern Acquisition": NaN,
        "Earnings From Equity Interest": NaN,
        "Gain On Sale Of Security": NaN,
        "Net Non Operating Interest Income Expense": NaN,
        "Interest Expense Non Operating": NaN,
        "Interest Income Non Operating": 2875000.0,
        "Operating Income": NaN,
        "Operating Expense": NaN,
        "Other Operating Expenses": NaN,
        "Other Taxes": NaN,
        "Research And Development": NaN,
        "Selling General And Administration": NaN,
        "Gross Profit": NaN,
        "Cost Of Revenue": NaN,
        "Total Revenue": NaN,
        "Operating Revenue": NaN
    },
    "2024-06-30": {
        "Tax Effect Of Unusual Items": NaN,
        "Tax Rate For Calcs": NaN,
        "Normalized EBITDA": NaN,
        "Total Unusual Items": NaN,
        "Total Unusual Items Excluding Goodwill": NaN,
        "Net Income From Continuing Operation Net Minority Interest": NaN,
        "Reconciled Depreciation": NaN,
        "Reconciled Cost Of Revenue": NaN,
        "EBITDA": NaN,
        "EBIT": NaN,
        "Net Interest Income": NaN,
        "Interest Expense": NaN,
        "Interest Income": NaN,
        "Normalized Income": NaN,
        "Net Income From Continuing And Discontinued Operation": NaN,
        "Total Expenses": NaN,
        "Total Operating Income As Reported": NaN,
        "Diluted Average Shares": NaN,
        "Basic Average Shares": NaN,
        "Diluted EPS": NaN,
        "Basic EPS": NaN,
        "Diluted NI Availto Com Stockholders": NaN,
        "Net Income Common Stockholders": NaN,
        "Net Income": NaN,
        "Minority Interests": NaN,
        "Net Income Including Noncontrolling Interests": NaN,
        "Net Income Continuous Operations": NaN,
        "Tax Provision": NaN,
        "Pretax Income": NaN,
        "Other Income Expense": NaN,
        "Other Non Operating Income Expenses": NaN,
        "Special Income Charges": NaN,
        "Gain On Sale Of Ppe": NaN,
        "Gain On Sale Of Business": NaN,
        "Other Special Charges": -1913000.0,
        "Restructuring And Mergern Acquisition": NaN,
        "Earnings From Equity Interest": NaN,
        "Gain On Sale Of Security": NaN,
        "Net Non Operating Interest Income Expense": NaN,
        "Interest Expense Non Operating": NaN,
        "Interest Income Non Operating": NaN,
        "Operating Income": NaN,
        "Operating Expense": NaN,
        "Other Operating Expenses": NaN,
        "Other Taxes": 0.0,
        "Research And Development": NaN,
        "Selling General And Administration": NaN,
        "Gross Profit": NaN,
        "Cost Of Revenue": NaN,
        "Total Revenue": NaN,
        "Operating Revenue": NaN
    },
    "2024-09-30": {
        "Tax Effect Of Unusual Items": -599130.0,
        "Tax Rate For Calcs": 0.21,
        "Normalized EBITDA": 19210000.0,
        "Total Unusual Items": -2853000.0,
        "Total Unusual Items Excluding Goodwill": -2853000.0,
        "Net Income From Continuing Operation Net Minority Interest": -18249000.0,
        "Reconciled Depreciation": 12636000.0,
        "Reconciled Cost Of Revenue": 389180000.0,
        "EBITDA": 16357000.0,
        "EBIT": 3721000.0,
        "Net Interest Income": -5941000.0,
        "Interest Expense": 9005000.0,
        "Interest Income": 3064000.0,
        "Normalized Income": -15995130.0,
        "Net Income From Continuing And Discontinued Operation": -18249000.0,
        "Total Expenses": 445178000.0,
        "Total Operating Income As Reported": 2807000.0,
        "Diluted Average Shares": 72013000.0,
        "Basic Average Shares": 72013000.0,
        "Diluted EPS": -0.25,
        "Basic EPS": -0.25,
        "Diluted NI Availto Com Stockholders": -18249000.0,
        "Net Income Common Stockholders": -18249000.0,
        "Net Income": -18249000.0,
        "Minority Interests": -50000.0,
        "Net Income Including Noncontrolling Interests": -18199000.0,
        "Net Income Continuous Operations": -18199000.0,
        "Tax Provision": 12915000.0,
        "Pretax Income": -5284000.0,
        "Other Income Expense": -2150000.0,
        "Other Non Operating Income Expenses": 703000.0,
        "Special Income Charges": -493000.0,
        "Gain On Sale Of Ppe": 19000.0,
        "Gain On Sale Of Business": -1032000.0,
        "Other Special Charges": -520000.0,
        "Restructuring And Mergern Acquisition": 0.0,
        "Earnings From Equity Interest": 165000.0,
        "Gain On Sale Of Security": -2360000.0,
        "Net Non Operating Interest Income Expense": -5941000.0,
        "Interest Expense Non Operating": 9005000.0,
        "Interest Income Non Operating": 3064000.0,
        "Operating Income": 2807000.0,
        "Operating Expense": 55998000.0,
        "Other Operating Expenses": 2266000.0,
        "Other Taxes": 0.0,
        "Research And Development": 4199000.0,
        "Selling General And Administration": 49533000.0,
        "Gross Profit": 58805000.0,
        "Cost Of Revenue": 389180000.0,
        "Total Revenue": 447985000.0,
        "Operating Revenue": 447985000.0
    },
    "2024-12-31": {
        "Tax Effect Of Unusual Items": -359730.0,
        "Tax Rate For Calcs": 0.21,
        "Normalized EBITDA": 6655000.0,
        "Total Unusual Items": -1713000.0,
        "Total Unusual Items Excluding Goodwill": -1713000.0,
        "Net Income From Continuing Operation Net Minority Interest": 1339000.0,
        "Reconciled Depreciation": 20645000.0,
        "Reconciled Cost Of Revenue": 342388000.0,
        "EBITDA": 4942000.0,
        "EBIT": -15703000.0,
        "Net Interest Income": -6785000.0,
        "Interest Expense": 9326000.0,
        "Interest Income": 2541000.0,
        "Normalized Income": 2692270.0,
        "Net Income From Continuing And Discontinued Operation": 1339000.0,
        "Total Expenses": 400590000.0,
        "Total Operating Income As Reported": -17017000.0,
        "Diluted Average Shares": 65572000.0,
        "Basic Average Shares": 64976000.0,
        "Diluted EPS": 0.02,
        "Basic EPS": 0.02,
        "Diluted NI Availto Com Stockholders": 1339000.0,
        "Net Income Common Stockholders": 1339000.0,
        "Net Income": 1339000.0,
        "Minority Interests": 126000.0,
        "Net Income Including Noncontrolling Interests": 1213000.0,
        "Net Income Continuous Operations": 1213000.0,
        "Tax Provision": -26242000.0,
        "Pretax Income": -25029000.0,
        "Other Income Expense": -1227000.0,
        "Other Non Operating Income Expenses": 1219000.0,
        "Special Income Charges": 1052000.0,
        "Gain On Sale Of Ppe": 399000.0,
        "Gain On Sale Of Business": 653000.0,
        "Other Special Charges": 0.0,
        "Restructuring And Mergern Acquisition": 0.0,
        "Earnings From Equity Interest": NaN,
        "Gain On Sale Of Security": -2765000.0,
        "Net Non Operating Interest Income Expense": -6785000.0,
        "Interest Expense Non Operating": 9326000.0,
        "Interest Income Non Operating": 2541000.0,
        "Operating Income": -17017000.0,
        "Operating Expense": 58202000.0,
        "Other Operating Expenses": 2495000.0,
        "Other Taxes": 0.0,
        "Research And Development": 4449000.0,
        "Selling General And Administration": 51258000.0,
        "Gross Profit": 41185000.0,
        "Cost Of Revenue": 342388000.0,
        "Total Revenue": 383573000.0,
        "Operating Revenue": 383573000.0
    },
    "2025-03-31": {
        "Tax Effect Of Unusual Items": -152040.0,
        "Tax Rate For Calcs": 0.21,
        "Normalized EBITDA": 30382000.0,
        "Total Unusual Items": -724000.0,
        "Total Unusual Items Excluding Goodwill": -724000.0,
        "Net Income From Continuing Operation Net Minority Interest": -649000.0,
        "Reconciled Depreciation": 15871000.0,
        "Reconciled Cost Of Revenue": 422064000.0,
        "EBITDA": 29658000.0,
        "EBIT": 13787000.0,
        "Net Interest Income": -7296000.0,
        "Interest Expense": 9535000.0,
        "Interest Income": 2239000.0,
        "Normalized Income": -77040.0,
        "Net Income From Continuing And Discontinued Operation": -649000.0,
        "Total Expenses": 478909000.0,
        "Total Operating Income As Reported": 11799000.0,
        "Diluted Average Shares": 63283000.0,
        "Basic Average Shares": 63283000.0,
        "Diluted EPS": -0.01,
        "Basic EPS": -0.01,
        "Diluted NI Availto Com Stockholders": -649000.0,
        "Net Income Common Stockholders": -649000.0,
        "Net Income": -649000.0,
        "Minority Interests": -671000.0,
        "Net Income Including Noncontrolling Interests": 22000.0,
        "Net Income Continuous Operations": 22000.0,
        "Tax Provision": 4230000.0,
        "Pretax Income": 4252000.0,
        "Other Income Expense": -251000.0,
        "Other Non Operating Income Expenses": 473000.0,
        "Special Income Charges": 487000.0,
        "Gain On Sale Of Ppe": -40000.0,
        "Gain On Sale Of Business": NaN,
        "Other Special Charges": -527000.0,
        "Restructuring And Mergern Acquisition": 0.0,
        "Earnings From Equity Interest": NaN,
        "Gain On Sale Of Security": -1211000.0,
        "Net Non Operating Interest Income Expense": -7296000.0,
        "Interest Expense Non Operating": 9535000.0,
        "Interest Income Non Operating": 2239000.0,
        "Operating Income": 11799000.0,
        "Operating Expense": 56845000.0,
        "Other Operating Expenses": 2446000.0,
        "Other Taxes": NaN,
        "Research And Development": 4544000.0,
        "Selling General And Administration": 49855000.0,
        "Gross Profit": 68644000.0,
        "Cost Of Revenue": 422064000.0,
        "Total Revenue": 490708000.0,
        "Operating Revenue": 490708000.0
    },
    "2025-06-30": {
        "Tax Effect Of Unusual Items": -580230.0,
        "Tax Rate For Calcs": 0.21,
        "Normalized EBITDA": 30146000.0,
        "Total Unusual Items": -2763000.0,
        "Total Unusual Items Excluding Goodwill": -2763000.0,
        "Net Income From Continuing Operation Net Minority Interest": -4545000.0,
        "Reconciled Depreciation": 16623000.0,
        "Reconciled Cost Of Revenue": 391557000.0,
        "EBITDA": 27383000.0,
        "EBIT": 10760000.0,
        "Net Interest Income": -7218000.0,
        "Interest Expense": 9673000.0,
        "Interest Income": 2455000.0,
        "Normalized Income": -2362230.0,
        "Net Income From Continuing And Discontinued Operation": -4545000.0,
        "Total Expenses": 450670000.0,
        "Total Operating Income As Reported": 10160000.0,
        "Diluted Average Shares": 63722000.0,
        "Basic Average Shares": 63722000.0,
        "Diluted EPS": -0.07,
        "Basic EPS": -0.07,
        "Diluted NI Availto Com Stockholders": -4545000.0,
        "Net Income Common Stockholders": -4545000.0,
        "Net Income": -4545000.0,
        "Minority Interests": -941000.0,
        "Net Income Including Noncontrolling Interests": -3604000.0,
        "Net Income Continuous Operations": -3604000.0,
        "Tax Provision": 4691000.0,
        "Pretax Income": 1087000.0,
        "Other Income Expense": -1855000.0,
        "Other Non Operating Income Expenses": 908000.0,
        "Special Income Charges": 2000.0,
        "Gain On Sale Of Ppe": 2000.0,
        "Gain On Sale Of Business": NaN,
        "Other Special Charges": NaN,
        "Restructuring And Mergern Acquisition": 0.0,
        "Earnings From Equity Interest": NaN,
        "Gain On Sale Of Security": -2765000.0,
        "Net Non Operating Interest Income Expense": -7218000.0,
        "Interest Expense Non Operating": 9673000.0,
        "Interest Income Non Operating": 2455000.0,
        "Operating Income": 10160000.0,
        "Operating Expense": 59113000.0,
        "Other Operating Expenses": 2419000.0,
        "Other Taxes": NaN,
        "Research And Development": 4341000.0,
        "Selling General And Administration": 52353000.0,
        "Gross Profit": 69273000.0,
        "Cost Of Revenue": 391557000.0,
        "Total Revenue": 460830000.0,
        "Operating Revenue": 460830000.0
    },
    "2025-09-30": {
        "Tax Effect Of Unusual Items": -966210.0,
        "Tax Rate For Calcs": 0.21,
        "Normalized EBITDA": 29729000.0,
        "Total Unusual Items": -4601000.0,
        "Total Unusual Items Excluding Goodwill": -4601000.0,
        "Net Income From Continuing Operation Net Minority Interest": -2262000.0,
        "Reconciled Depreciation": 16794000.0,
        "Reconciled Cost Of Revenue": 395595000.0,
        "EBITDA": 25128000.0,
        "EBIT": 8334000.0,
        "Net Interest Income": -6695000.0,
        "Interest Expense": 9727000.0,
        "Interest Income": 3032000.0,
        "Normalized Income": 1372790.0,
        "Net Income From Continuing And Discontinued Operation": -2262000.0,
        "Total Expenses": 456722000.0,
        "Total Operating Income As Reported": 9744000.0,
        "Diluted Average Shares": 63895000.0,
        "Basic Average Shares": 63895000.0,
        "Diluted EPS": -0.04,
        "Basic EPS": -0.04,
        "Diluted NI Availto Com Stockholders": -2262000.0,
        "Net Income Common Stockholders": -2262000.0,
        "Net Income": -2262000.0,
        "Minority Interests": 197000.0,
        "Net Income Including Noncontrolling Interests": -2459000.0,
        "Net Income Continuous Operations": -2459000.0,
        "Tax Provision": 1066000.0,
        "Pretax Income": -1393000.0,
        "Other Income Expense": -4442000.0,
        "Other Non Operating Income Expenses": 159000.0,
        "Special Income Charges": -2833000.0,
        "Gain On Sale Of Ppe": 19000.0,
        "Gain On Sale Of Business": 0.0,
        "Other Special Charges": 2852000.0,
        "Restructuring And Mergern Acquisition": 0.0,
        "Earnings From Equity Interest": NaN,
        "Gain On Sale Of Security": -1768000.0,
        "Net Non Operating Interest Income Expense": -6695000.0,
        "Interest Expense Non Operating": 9727000.0,
        "Interest Income Non Operating": 3032000.0,
        "Operating Income": 9744000.0,
        "Operating Expense": 61127000.0,
        "Other Operating Expenses": 3445000.0,
        "Other Taxes": NaN,
        "Research And Development": 4550000.0,
        "Selling General And Administration": 53132000.0,
        "Gross Profit": 70871000.0,
        "Cost Of Revenue": 395595000.0,
        "Total Revenue": 466466000.0,
        "Operating Revenue": 466466000.0
    }
}