{
    "2023-03-31": {
        "Tax Effect Of Unusual Items": NaN,
        "Tax Rate For Calcs": NaN,
        "Normalized EBITDA": NaN,
        "Total Unusual Items": -33000.0,
        "Total Unusual Items Excluding Goodwill": -33000.0,
        "Net Income From Continuing Operation Net Minority Interest": NaN,
        "Reconciled Depreciation": NaN,
        "Reconciled Cost Of Revenue": NaN,
        "EBITDA": NaN,
        "EBIT": NaN,
        "Net Interest Income": NaN,
        "Interest Expense": NaN,
        "Normalized Income": NaN,
        "Net Income From Continuing And Discontinued Operation": NaN,
        "Total Expenses": NaN,
        "Total Operating Income As Reported": NaN,
        "Diluted Average Shares": NaN,
        "Basic Average Shares": NaN,
        "Diluted EPS": NaN,
        "Basic EPS": NaN,
        "Diluted NI Availto Com Stockholders": NaN,
        "Average Dilution Earnings": NaN,
        "Net Income Common Stockholders": NaN,
        "Otherunder Preferred Stock Dividend": 0.0,
        "Net Income": NaN,
        "Minority Interests": NaN,
        "Net Income Including Noncontrolling Interests": NaN,
        "Net Income Continuous Operations": NaN,
        "Tax Provision": NaN,
        "Pretax Income": NaN,
        "Other Income Expense": NaN,
        "Other Non Operating Income Expenses": NaN,
        "Special Income Charges": -33000.0,
        "Restructuring And Mergern Acquisition": 33000.0,
        "Net Non Operating Interest Income Expense": NaN,
        "Interest Expense Non Operating": NaN,
        "Operating Income": NaN,
        "Operating Expense": NaN,
        "Other Operating Expenses": 1000.0,
        "Selling General And Administration": NaN,
        "Gross Profit": NaN,
        "Cost Of Revenue": NaN,
        "Total Revenue": NaN,
        "Operating Revenue": NaN
    },
    "2022-12-31": {
        "Tax Effect Of Unusual Items": NaN,
        "Tax Rate For Calcs": NaN,
        "Normalized EBITDA": NaN,
        "Total Unusual Items": NaN,
        "Total Unusual Items Excluding Goodwill": NaN,
        "Net Income From Continuing Operation Net Minority Interest": NaN,
        "Reconciled Depreciation": NaN,
        "Reconciled Cost Of Revenue": NaN,
        "EBITDA": NaN,
        "EBIT": NaN,
        "Net Interest Income": NaN,
        "Interest Expense": NaN,
        "Normalized Income": NaN,
        "Net Income From Continuing And Discontinued Operation": NaN,
        "Total Expenses": NaN,
        "Total Operating Income As Reported": NaN,
        "Diluted Average Shares": NaN,
        "Basic Average Shares": NaN,
        "Diluted EPS": NaN,
        "Basic EPS": NaN,
        "Diluted NI Availto Com Stockholders": NaN,
        "Average Dilution Earnings": NaN,
        "Net Income Common Stockholders": NaN,
        "Otherunder Preferred Stock Dividend": NaN,
        "Net Income": NaN,
        "Minority Interests": NaN,
        "Net Income Including Noncontrolling Interests": NaN,
        "Net Income Continuous Operations": NaN,
        "Tax Provision": NaN,
        "Pretax Income": NaN,
        "Other Income Expense": NaN,
        "Other Non Operating Income Expenses": NaN,
        "Special Income Charges": NaN,
        "Restructuring And Mergern Acquisition": NaN,
        "Net Non Operating Interest Income Expense": NaN,
        "Interest Expense Non Operating": NaN,
        "Operating Income": NaN,
        "Operating Expense": NaN,
        "Other Operating Expenses": -4150000.0,
        "Selling General And Administration": NaN,
        "Gross Profit": NaN,
        "Cost Of Revenue": NaN,
        "Total Revenue": NaN,
        "Operating Revenue": NaN
    },
    "2022-09-30": {
        "Tax Effect Of Unusual Items": NaN,
        "Tax Rate For Calcs": NaN,
        "Normalized EBITDA": NaN,
        "Total Unusual Items": NaN,
        "Total Unusual Items Excluding Goodwill": NaN,
        "Net Income From Continuing Operation Net Minority Interest": NaN,
        "Reconciled Depreciation": NaN,
        "Reconciled Cost Of Revenue": NaN,
        "EBITDA": NaN,
        "EBIT": NaN,
        "Net Interest Income": NaN,
        "Interest Expense": NaN,
        "Normalized Income": NaN,
        "Net Income From Continuing And Discontinued Operation": NaN,
        "Total Expenses": NaN,
        "Total Operating Income As Reported": NaN,
        "Diluted Average Shares": NaN,
        "Basic Average Shares": NaN,
        "Diluted EPS": NaN,
        "Basic EPS": NaN,
        "Diluted NI Availto Com Stockholders": NaN,
        "Average Dilution Earnings": 0.0,
        "Net Income Common Stockholders": NaN,
        "Otherunder Preferred Stock Dividend": 0.0,
        "Net Income": NaN,
        "Minority Interests": NaN,
        "Net Income Including Noncontrolling Interests": NaN,
        "Net Income Continuous Operations": NaN,
        "Tax Provision": NaN,
        "Pretax Income": NaN,
        "Other Income Expense": NaN,
        "Other Non Operating Income Expenses": NaN,
        "Special Income Charges": NaN,
        "Restructuring And Mergern Acquisition": NaN,
        "Net Non Operating Interest Income Expense": NaN,
        "Interest Expense Non Operating": NaN,
        "Operating Income": NaN,
        "Operating Expense": NaN,
        "Other Operating Expenses": NaN,
        "Selling General And Administration": NaN,
        "Gross Profit": NaN,
        "Cost Of Revenue": NaN,
        "Total Revenue": NaN,
        "Operating Revenue": NaN
    },
    "2022-06-30": {
        "Tax Effect Of Unusual Items": 4733.896382,
        "Tax Rate For Calcs": 0.00832,
        "Normalized EBITDA": 7898000.0,
        "Total Unusual Items": 569000.0,
        "Total Unusual Items Excluding Goodwill": 569000.0,
        "Net Income From Continuing Operation Net Minority Interest": 7779000.0,
        "Reconciled Depreciation": 2230000.0,
        "Reconciled Cost Of Revenue": 51782000.0,
        "EBITDA": 8467000.0,
        "EBIT": 8467000.0,
        "Net Interest Income": -534000.0,
        "Interest Expense": 534000.0,
        "Normalized Income": 7214733.896382,
        "Net Income From Continuing And Discontinued Operation": 7779000.0,
        "Total Expenses": 68789000.0,
        "Total Operating Income As Reported": 7754000.0,
        "Diluted Average Shares": 13456000.0,
        "Basic Average Shares": 13399000.0,
        "Diluted EPS": 0.58,
        "Basic EPS": 0.58,
        "Diluted NI Availto Com Stockholders": 7779000.0,
        "Net Income Common Stockholders": 7779000.0,
        "Net Income": 7779000.0,
        "Minority Interests": -88000.0,
        "Net Income Including Noncontrolling Interests": 7867000.0,
        "Net Income Continuous Operations": 7867000.0,
        "Tax Provision": 66000.0,
        "Pretax Income": 7933000.0,
        "Other Income Expense": 1282000.0,
        "Other Non Operating Income Expenses": 713000.0,
        "Special Income Charges": 569000.0,
        "Restructuring And Mergern Acquisition": -569000.0,
        "Net Non Operating Interest Income Expense": -534000.0,
        "Interest Expense Non Operating": 534000.0,
        "Operating Income": 7185000.0,
        "Operating Expense": 17007000.0,
        "Other Operating Expenses": -325000.0,
        "Selling General And Administration": 17332000.0,
        "Gross Profit": 24192000.0,
        "Cost Of Revenue": 51782000.0,
        "Total Revenue": 75974000.0,
        "Operating Revenue": 75974000.0
    },
    "2022-03-31": {
        "Diluted EPS": 0.17,
        "Total Revenue": 59,
        "Gross Profit": 18,
        "Operating Income": 3,
        "EBIT": 5,
        "Net Income": 2
    },
    "2021-12-31": {
        "Diluted EPS": -0.29,
        "Total Revenue": 60,
        "Gross Profit": 13,
        "Operating Income": -3,
        "EBIT": -1,
        "Net Income": -4
    },
    "2021-09-30": {
        "Diluted EPS": 0.14,
        "Total Revenue": 48,
        "Gross Profit": 13,
        "Operating Income": 3,
        "EBIT": 6,
        "Net Income": 2
    },
    "2021-06-30": {
        "Diluted EPS": -1.62,
        "Total Revenue": 66,
        "Gross Profit": 18,
        "Operating Income": -5,
        "EBIT": -2,
        "Net Income": -22
    },
    "2021-03-31": {
        "Diluted EPS": 0.01,
        "Total Revenue": 58,
        "Gross Profit": 14,
        "Operating Income": 1,
        "EBIT": 3,
        "Net Income": 0
    },
    "2020-12-31": {
        "Diluted EPS": -0.33,
        "Total Revenue": 49,
        "Gross Profit": 9,
        "Operating Income": -5,
        "EBIT": -2,
        "Net Income": -4
    },
    "2020-09-30": {
        "Diluted EPS": -0.3,
        "Total Revenue": 46,
        "Gross Profit": 10,
        "Operating Income": -3,
        "EBIT": 0,
        "Net Income": -4
    },
    "2020-06-30": {
        "Diluted EPS": -0.14,
        "Total Revenue": 59,
        "Gross Profit": 14,
        "Operating Income": -2,
        "EBIT": 1,
        "Net Income": -2
    },
    "2020-03-31": {
        "Diluted EPS": -1.92,
        "Total Revenue": 69,
        "Gross Profit": 17,
        "Operating Income": -27,
        "EBIT": 4,
        "Net Income": -25
    },
    "2019-12-31": {
        "Diluted EPS": -0.49,
        "Total Revenue": 60,
        "Gross Profit": 16,
        "Operating Income": -5,
        "EBIT": -2,
        "Net Income": -7
    },
    "2019-09-30": {
        "Diluted EPS": -0.48,
        "Total Revenue": 59,
        "Gross Profit": 10,
        "Operating Income": -7,
        "EBIT": -4,
        "Net Income": -6
    },
    "2019-06-30": {
        "Diluted EPS": -0.06,
        "Total Revenue": 72,
        "Gross Profit": 16,
        "Operating Income": 0,
        "EBIT": 3,
        "Net Income": -1
    },
    "2019-03-31": {
        "Diluted EPS": 0.34,
        "Total Revenue": 77,
        "Gross Profit": 23,
        "Operating Income": 7,
        "EBIT": 10,
        "Net Income": 5
    },
    "2018-12-31": {
        "Diluted EPS": 0.31,
        "Total Revenue": 78,
        "Gross Profit": 26,
        "Operating Income": 7,
        "EBIT": 10,
        "Net Income": 4
    },
    "2018-09-30": {
        "Diluted EPS": 0.24,
        "Total Revenue": 75,
        "Gross Profit": 24,
        "Operating Income": 5,
        "EBIT": 8,
        "Net Income": 3
    },
    "2018-06-30": {
        "Diluted EPS": 0.52,
        "Total Revenue": 74,
        "Gross Profit": 28,
        "Operating Income": 9,
        "EBIT": 10,
        "Net Income": 6
    },
    "2018-03-31": {
        "Diluted EPS": 0.37,
        "Total Revenue": 65,
        "Gross Profit": 21,
        "Operating Income": 6,
        "EBIT": 7,
        "Net Income": 4
    },
    "2017-12-31": {
        "Diluted EPS": -0.36,
        "Total Revenue": 57,
        "Gross Profit": 18,
        "Operating Income": 2,
        "EBIT": 4,
        "Net Income": -4
    },
    "2017-09-30": {
        "Diluted EPS": 0.29,
        "Total Revenue": 45,
        "Gross Profit": 14,
        "Operating Income": -1,
        "EBIT": 1,
        "Net Income": 3
    },
    "2017-06-30": {
        "Diluted EPS": 0.1,
        "Total Revenue": 54,
        "Gross Profit": 17,
        "Operating Income": 2,
        "EBIT": 7,
        "Net Income": 1
    },
    "2017-03-31": {
        "Diluted EPS": -0.16,
        "Total Revenue": 45,
        "Gross Profit": 13,
        "Operating Income": -3,
        "EBIT": -2,
        "Net Income": -2
    },
    "2016-12-31": {
        "Diluted EPS": -0.26,
        "Total Revenue": 34,
        "Gross Profit": 9,
        "Operating Income": -4,
        "EBIT": -3,
        "Net Income": -3
    },
    "2016-09-30": {
        "Diluted EPS": -0.24,
        "Total Revenue": 36,
        "Gross Profit": 9,
        "Operating Income": -4,
        "EBIT": -2,
        "Net Income": -3
    },
    "2016-06-30": {
        "Diluted EPS": -0.48,
        "Total Revenue": 43,
        "Gross Profit": 11,
        "Operating Income": -10,
        "EBIT": 0,
        "Net Income": -6
    },
    "2016-03-31": {
        "Diluted EPS": -0.09,
        "Total Revenue": 41,
        "Gross Profit": 10,
        "Operating Income": -5,
        "EBIT": -3,
        "Net Income": -1
    },
    "2015-12-31": {
        "Diluted EPS": -0.21,
        "Total Revenue": 45,
        "Gross Profit": 12,
        "Operating Income": -4,
        "EBIT": -1,
        "Net Income": -2
    },
    "2015-09-30": {
        "Diluted EPS": -0.39,
        "Total Revenue": 37,
        "Gross Profit": 8,
        "Operating Income": -7,
        "EBIT": -4,
        "Net Income": -4
    },
    "2015-06-30": {
        "Diluted EPS": 0.04,
        "Total Revenue": 67,
        "Gross Profit": 20,
        "Operating Income": 0,
        "EBIT": 3,
        "Net Income": 0
    },
    "2015-03-31": {
        "Diluted EPS": 0.26,
        "Total Revenue": 61,
        "Gross Profit": 19,
        "Operating Income": 3,
        "EBIT": 6,
        "Net Income": 3
    },
    "2014-12-31": {
        "Diluted EPS": 0.33,
        "Total Revenue": 73,
        "Gross Profit": 22,
        "Operating Income": 6,
        "EBIT": 8,
        "Net Income": 4
    },
    "2014-09-30": {
        "Diluted EPS": 0.36,
        "Total Revenue": 65,
        "Gross Profit": 22,
        "Operating Income": 6,
        "EBIT": 9,
        "Net Income": 4
    },
    "2014-06-30": {
        "Diluted EPS": 0.2,
        "Total Revenue": 74,
        "Gross Profit": 22,
        "Operating Income": 4,
        "EBIT": 7,
        "Net Income": 2
    },
    "2014-03-31": {
        "Diluted EPS": -0.04,
        "Total Revenue": 61,
        "Gross Profit": 17,
        "Operating Income": 0,
        "EBIT": 2,
        "Net Income": 0
    },
    "2013-12-31": {
        "Diluted EPS": 0.05,
        "Total Revenue": 63,
        "Gross Profit": 19,
        "Operating Income": 1,
        "EBIT": 4,
        "Net Income": 1
    },
    "2013-09-30": {
        "Diluted EPS": 0.11,
        "Total Revenue": 66,
        "Gross Profit": 21,
        "Operating Income": 4,
        "EBIT": 7,
        "Net Income": 1
    },
    "2013-06-30": {
        "Diluted EPS": 0.01,
        "Total Revenue": 76,
        "Gross Profit": 21,
        "Operating Income": 1,
        "EBIT": 4,
        "Net Income": 0
    },
    "2013-03-31": {
        "Diluted EPS": -0.07,
        "Total Revenue": 68,
        "Gross Profit": 18,
        "Operating Income": 0,
        "EBIT": 3,
        "Net Income": -1
    },
    "2012-12-31": {
        "Diluted EPS": 0.29,
        "Total Revenue": 72,
        "Gross Profit": 22,
        "Operating Income": 6,
        "EBIT": 8,
        "Net Income": 3
    },
    "2012-09-30": {
        "Diluted EPS": 0.11,
        "Total Revenue": 69,
        "Gross Profit": 19,
        "Operating Income": 3,
        "EBIT": 5,
        "Net Income": 1
    },
    "2012-06-30": {
        "Diluted EPS": 0.12,
        "Total Revenue": 96,
        "Gross Profit": 28,
        "Operating Income": 5,
        "EBIT": 8,
        "Net Income": 1
    },
    "2012-03-31": {
        "Diluted EPS": 0.86,
        "Total Revenue": 95,
        "Gross Profit": 33,
        "Operating Income": 15,
        "EBIT": 18,
        "Net Income": 10
    },
    "2011-12-31": {
        "Diluted EPS": 0.5,
        "Total Revenue": 83,
        "Gross Profit": 30,
        "Operating Income": 9,
        "EBIT": 12,
        "Net Income": 6
    },
    "2011-09-30": {
        "Diluted EPS": 0.83,
        "Total Revenue": 81,
        "Gross Profit": 31,
        "Operating Income": 15,
        "EBIT": 17,
        "Net Income": 10
    },
    "2011-06-30": {
        "Diluted EPS": 0.58,
        "Total Revenue": 97,
        "Gross Profit": 36,
        "Operating Income": 14,
        "EBIT": 17,
        "Net Income": 7
    },
    "2011-03-31": {
        "Diluted EPS": 0.4,
        "Total Revenue": 76,
        "Gross Profit": 28,
        "Operating Income": 11,
        "EBIT": 13,
        "Net Income": 5
    },
    "2010-12-31": {
        "Diluted EPS": 0.35,
        "Total Revenue": 75,
        "Gross Profit": 24,
        "Operating Income": 5,
        "EBIT": 7,
        "Net Income": 4
    },
    "2010-09-30": {
        "Diluted EPS": 0.24,
        "Total Revenue": 61,
        "Gross Profit": 20,
        "Operating Income": 5,
        "EBIT": 8,
        "Net Income": 3
    },
    "2010-06-30": {
        "Diluted EPS": 0.18,
        "Total Revenue": 64,
        "Gross Profit": 19,
        "Operating Income": 4,
        "EBIT": 7,
        "Net Income": 2
    },
    "2010-03-31": {
        "Diluted EPS": 0.13,
        "Total Revenue": 61,
        "Gross Profit": 17,
        "Operating Income": 2,
        "EBIT": 4,
        "Net Income": 1
    },
    "2009-12-31": {
        "Diluted EPS": -0.04,
        "Total Revenue": 55,
        "Gross Profit": 15,
        "Operating Income": 0,
        "EBIT": 2,
        "Net Income": 0
    },
    "2009-09-30": {
        "Diluted EPS": -0.22,
        "Total Revenue": 47,
        "Gross Profit": 10,
        "Operating Income": -3,
        "EBIT": -1,
        "Net Income": -2
    },
    "2009-06-30": {
        "Diluted EPS": 0.24,
        "Total Revenue": 72,
        "Gross Profit": 19,
        "Operating Income": 5,
        "EBIT": 8,
        "Net Income": 3
    },
    "2009-03-31": {
        "Diluted EPS": 0.26,
        "Total Revenue": 69,
        "Gross Profit": 19,
        "Operating Income": 5,
        "EBIT": 7,
        "Net Income": 3
    },
    "2023-06-30": {
        "Tax Effect Of Unusual Items": NaN,
        "Tax Rate For Calcs": NaN,
        "Normalized EBITDA": NaN,
        "Total Unusual Items": 31000.0,
        "Total Unusual Items Excluding Goodwill": 31000.0,
        "Net Income From Continuing Operation Net Minority Interest": NaN,
        "Reconciled Depreciation": NaN,
        "Reconciled Cost Of Revenue": NaN,
        "EBITDA": NaN,
        "EBIT": NaN,
        "Net Interest Income": NaN,
        "Interest Expense": NaN,
        "Normalized Income": NaN,
        "Net Income From Continuing And Discontinued Operation": NaN,
        "Total Expenses": NaN,
        "Total Operating Income As Reported": NaN,
        "Diluted Average Shares": NaN,
        "Basic Average Shares": NaN,
        "Diluted EPS": NaN,
        "Basic EPS": NaN,
        "Diluted NI Availto Com Stockholders": NaN,
        "Average Dilution Earnings": NaN,
        "Net Income Common Stockholders": NaN,
        "Otherunder Preferred Stock Dividend": NaN,
        "Net Income": NaN,
        "Minority Interests": NaN,
        "Net Income Including Noncontrolling Interests": NaN,
        "Net Income Continuous Operations": NaN,
        "Tax Provision": NaN,
        "Pretax Income": NaN,
        "Other Income Expense": NaN,
        "Other Non Operating Income Expenses": NaN,
        "Special Income Charges": 31000.0,
        "Restructuring And Mergern Acquisition": -31000.0,
        "Net Non Operating Interest Income Expense": NaN,
        "Interest Expense Non Operating": NaN,
        "Operating Income": NaN,
        "Operating Expense": NaN,
        "Other Operating Expenses": 1000.0,
        "Selling General And Administration": NaN,
        "Gross Profit": NaN,
        "Cost Of Revenue": NaN,
        "Total Revenue": NaN,
        "Operating Revenue": NaN
    },
    "2023-09-30": {
        "Tax Effect Of Unusual Items": NaN,
        "Tax Rate For Calcs": NaN,
        "Normalized EBITDA": NaN,
        "Total Unusual Items": NaN,
        "Total Unusual Items Excluding Goodwill": NaN,
        "Net Income From Continuing Operation Net Minority Interest": NaN,
        "Reconciled Depreciation": NaN,
        "Reconciled Cost Of Revenue": NaN,
        "EBITDA": NaN,
        "EBIT": NaN,
        "Net Interest Income": NaN,
        "Interest Expense": NaN,
        "Normalized Income": NaN,
        "Net Income From Continuing And Discontinued Operation": NaN,
        "Total Expenses": NaN,
        "Total Operating Income As Reported": NaN,
        "Diluted Average Shares": NaN,
        "Basic Average Shares": NaN,
        "Diluted EPS": NaN,
        "Basic EPS": NaN,
        "Diluted NI Availto Com Stockholders": NaN,
        "Average Dilution Earnings": 0.0,
        "Net Income Common Stockholders": NaN,
        "Otherunder Preferred Stock Dividend": 0.0,
        "Net Income": NaN,
        "Minority Interests": NaN,
        "Net Income Including Noncontrolling Interests": NaN,
        "Net Income Continuous Operations": NaN,
        "Tax Provision": NaN,
        "Pretax Income": NaN,
        "Other Income Expense": NaN,
        "Other Non Operating Income Expenses": NaN,
        "Special Income Charges": NaN,
        "Restructuring And Mergern Acquisition": NaN,
        "Net Non Operating Interest Income Expense": NaN,
        "Interest Expense Non Operating": NaN,
        "Operating Income": NaN,
        "Operating Expense": NaN,
        "Selling General And Administration": NaN,
        "Gross Profit": NaN,
        "Cost Of Revenue": NaN,
        "Total Revenue": NaN,
        "Operating Revenue": NaN
    },
    "2023-12-31": {
        "Tax Effect Of Unusual Items": NaN,
        "Tax Rate For Calcs": NaN,
        "Normalized EBITDA": NaN,
        "Total Unusual Items": -69000.0,
        "Total Unusual Items Excluding Goodwill": -69000.0,
        "Net Income From Continuing Operation Net Minority Interest": NaN,
        "Reconciled Depreciation": NaN,
        "Reconciled Cost Of Revenue": NaN,
        "EBITDA": NaN,
        "EBIT": NaN,
        "Net Interest Income": NaN,
        "Interest Expense": NaN,
        "Normalized Income": NaN,
        "Net Income From Continuing And Discontinued Operation": NaN,
        "Total Expenses": NaN,
        "Total Operating Income As Reported": NaN,
        "Diluted Average Shares": NaN,
        "Basic Average Shares": NaN,
        "Diluted EPS": NaN,
        "Basic EPS": NaN,
        "Diluted NI Availto Com Stockholders": NaN,
        "Net Income Common Stockholders": NaN,
        "Otherunder Preferred Stock Dividend": NaN,
        "Net Income": NaN,
        "Minority Interests": NaN,
        "Net Income Including Noncontrolling Interests": NaN,
        "Net Income Continuous Operations": NaN,
        "Tax Provision": NaN,
        "Pretax Income": NaN,
        "Other Income Expense": NaN,
        "Other Non Operating Income Expenses": NaN,
        "Special Income Charges": -69000.0,
        "Restructuring And Mergern Acquisition": 69000.0,
        "Net Non Operating Interest Income Expense": NaN,
        "Interest Expense Non Operating": NaN,
        "Operating Income": NaN,
        "Operating Expense": NaN,
        "Selling General And Administration": NaN,
        "Gross Profit": NaN,
        "Cost Of Revenue": NaN,
        "Total Revenue": NaN,
        "Operating Revenue": NaN
    },
    "2024-03-31": {
        "Tax Effect Of Unusual Items": NaN,
        "Tax Rate For Calcs": NaN,
        "Normalized EBITDA": NaN,
        "Total Unusual Items": -139000.0,
        "Total Unusual Items Excluding Goodwill": -139000.0,
        "Net Income From Continuing Operation Net Minority Interest": NaN,
        "Reconciled Depreciation": NaN,
        "Reconciled Cost Of Revenue": NaN,
        "EBITDA": NaN,
        "EBIT": NaN,
        "Net Interest Income": NaN,
        "Interest Expense": NaN,
        "Normalized Income": NaN,
        "Net Income From Continuing And Discontinued Operation": NaN,
        "Total Expenses": NaN,
        "Total Operating Income As Reported": NaN,
        "Diluted Average Shares": NaN,
        "Basic Average Shares": NaN,
        "Diluted EPS": NaN,
        "Basic EPS": NaN,
        "Diluted NI Availto Com Stockholders": NaN,
        "Net Income Common Stockholders": NaN,
        "Otherunder Preferred Stock Dividend": 0.0,
        "Net Income": NaN,
        "Minority Interests": NaN,
        "Net Income Including Noncontrolling Interests": NaN,
        "Net Income Continuous Operations": NaN,
        "Tax Provision": NaN,
        "Pretax Income": NaN,
        "Other Income Expense": NaN,
        "Other Non Operating Income Expenses": NaN,
        "Special Income Charges": -139000.0,
        "Restructuring And Mergern Acquisition": 139000.0,
        "Net Non Operating Interest Income Expense": NaN,
        "Interest Expense Non Operating": NaN,
        "Operating Income": NaN,
        "Operating Expense": NaN,
        "Selling General And Administration": NaN,
        "Gross Profit": NaN,
        "Cost Of Revenue": NaN,
        "Total Revenue": NaN,
        "Operating Revenue": NaN
    },
    "2024-06-30": {
        "Tax Effect Of Unusual Items": NaN,
        "Tax Rate For Calcs": NaN,
        "Normalized EBITDA": NaN,
        "Total Unusual Items": 3713000.0,
        "Total Unusual Items Excluding Goodwill": 3713000.0,
        "Net Income From Continuing Operation Net Minority Interest": NaN,
        "Reconciled Depreciation": NaN,
        "Reconciled Cost Of Revenue": NaN,
        "EBITDA": NaN,
        "EBIT": NaN,
        "Net Interest Income": NaN,
        "Interest Expense": NaN,
        "Normalized Income": NaN,
        "Net Income From Continuing And Discontinued Operation": NaN,
        "Total Expenses": NaN,
        "Total Operating Income As Reported": NaN,
        "Diluted Average Shares": NaN,
        "Basic Average Shares": NaN,
        "Diluted EPS": NaN,
        "Basic EPS": NaN,
        "Diluted NI Availto Com Stockholders": NaN,
        "Net Income Common Stockholders": NaN,
        "Otherunder Preferred Stock Dividend": 0.0,
        "Net Income": NaN,
        "Minority Interests": NaN,
        "Net Income Including Noncontrolling Interests": NaN,
        "Net Income Continuous Operations": NaN,
        "Tax Provision": NaN,
        "Pretax Income": NaN,
        "Other Income Expense": NaN,
        "Other Non Operating Income Expenses": NaN,
        "Special Income Charges": 3713000.0,
        "Restructuring And Mergern Acquisition": -3713000.0,
        "Net Non Operating Interest Income Expense": NaN,
        "Interest Expense Non Operating": NaN,
        "Operating Income": NaN,
        "Operating Expense": NaN,
        "Other Operating Expenses": NaN,
        "Selling General And Administration": NaN,
        "Gross Profit": NaN,
        "Cost Of Revenue": NaN,
        "Total Revenue": NaN,
        "Operating Revenue": NaN
    },
    "2024-09-30": {
        "Tax Effect Of Unusual Items": 0.0,
        "Tax Rate For Calcs": 0.21,
        "Normalized EBITDA": 1729000.0,
        "Total Unusual Items": NaN,
        "Total Unusual Items Excluding Goodwill": NaN,
        "Net Income From Continuing Operation Net Minority Interest": -2765000.0,
        "Reconciled Depreciation": 3238000.0,
        "Reconciled Cost Of Revenue": 53575000.0,
        "EBITDA": 1729000.0,
        "EBIT": -1509000.0,
        "Net Interest Income": -636000.0,
        "Interest Expense": 636000.0,
        "Normalized Income": -2765000.0,
        "Net Income From Continuing And Discontinued Operation": -2765000.0,
        "Total Expenses": 73062000.0,
        "Total Operating Income As Reported": -165000.0,
        "Diluted Average Shares": 13778000.0,
        "Basic Average Shares": 13778000.0,
        "Diluted EPS": -0.2,
        "Basic EPS": -0.2,
        "Diluted NI Availto Com Stockholders": -2765000.0,
        "Net Income Common Stockholders": -2765000.0,
        "Otherunder Preferred Stock Dividend": NaN,
        "Net Income": -2765000.0,
        "Minority Interests": 7000.0,
        "Net Income Including Noncontrolling Interests": -2772000.0,
        "Net Income Continuous Operations": -2772000.0,
        "Tax Provision": 627000.0,
        "Pretax Income": -2145000.0,
        "Other Income Expense": -1344000.0,
        "Other Non Operating Income Expenses": -1344000.0,
        "Special Income Charges": NaN,
        "Restructuring And Mergern Acquisition": NaN,
        "Net Non Operating Interest Income Expense": -636000.0,
        "Interest Expense Non Operating": 636000.0,
        "Operating Income": -165000.0,
        "Operating Expense": 19487000.0,
        "Selling General And Administration": 19487000.0,
        "Gross Profit": 19322000.0,
        "Cost Of Revenue": 53575000.0,
        "Total Revenue": 72897000.0,
        "Operating Revenue": 72897000.0
    },
    "2024-12-31": {
        "Tax Effect Of Unusual Items": 0.0,
        "Tax Rate For Calcs": 0.21,
        "Normalized EBITDA": 6442000.0,
        "Total Unusual Items": NaN,
        "Total Unusual Items Excluding Goodwill": NaN,
        "Net Income From Continuing Operation Net Minority Interest": 919000.0,
        "Reconciled Depreciation": 3296000.0,
        "Reconciled Cost Of Revenue": 68241000.0,
        "EBITDA": 6442000.0,
        "EBIT": 3146000.0,
        "Net Interest Income": -495000.0,
        "Interest Expense": 495000.0,
        "Normalized Income": 919000.0,
        "Net Income From Continuing And Discontinued Operation": 919000.0,
        "Total Expenses": 87161000.0,
        "Total Operating Income As Reported": 2760000.0,
        "Diluted Average Shares": 14058000.0,
        "Basic Average Shares": 13868000.0,
        "Diluted EPS": 0.07,
        "Basic EPS": 0.07,
        "Diluted NI Availto Com Stockholders": 919000.0,
        "Net Income Common Stockholders": 919000.0,
        "Otherunder Preferred Stock Dividend": NaN,
        "Net Income": 919000.0,
        "Minority Interests": -180000.0,
        "Net Income Including Noncontrolling Interests": 1099000.0,
        "Net Income Continuous Operations": 1099000.0,
        "Tax Provision": 1552000.0,
        "Pretax Income": 2651000.0,
        "Other Income Expense": 386000.0,
        "Other Non Operating Income Expenses": 386000.0,
        "Special Income Charges": NaN,
        "Restructuring And Mergern Acquisition": NaN,
        "Net Non Operating Interest Income Expense": -495000.0,
        "Interest Expense Non Operating": 495000.0,
        "Operating Income": 2760000.0,
        "Operating Expense": 18920000.0,
        "Other Operating Expenses": NaN,
        "Selling General And Administration": 18920000.0,
        "Gross Profit": 21680000.0,
        "Cost Of Revenue": 68241000.0,
        "Total Revenue": 89921000.0,
        "Operating Revenue": 89921000.0
    },
    "2025-03-31": {
        "Tax Effect Of Unusual Items": -60270.0,
        "Tax Rate For Calcs": 0.21,
        "Normalized EBITDA": 4327000.0,
        "Total Unusual Items": -287000.0,
        "Total Unusual Items Excluding Goodwill": -287000.0,
        "Net Income From Continuing Operation Net Minority Interest": -1472000.0,
        "Reconciled Depreciation": 3660000.0,
        "Reconciled Cost Of Revenue": 59536000.0,
        "EBITDA": 4040000.0,
        "EBIT": 380000.0,
        "Net Interest Income": -660000.0,
        "Interest Expense": 660000.0,
        "Normalized Income": -1245270.0,
        "Net Income From Continuing And Discontinued Operation": -1472000.0,
        "Total Expenses": 79008000.0,
        "Total Operating Income As Reported": 1947000.0,
        "Diluted Average Shares": 13895000.0,
        "Basic Average Shares": 13895000.0,
        "Diluted EPS": -0.11,
        "Basic EPS": -0.11,
        "Diluted NI Availto Com Stockholders": -1472000.0,
        "Net Income Common Stockholders": -1472000.0,
        "Otherunder Preferred Stock Dividend": NaN,
        "Net Income": -1472000.0,
        "Minority Interests": -50000.0,
        "Net Income Including Noncontrolling Interests": -1422000.0,
        "Net Income Continuous Operations": -1422000.0,
        "Tax Provision": 1142000.0,
        "Pretax Income": -280000.0,
        "Other Income Expense": -1854000.0,
        "Other Non Operating Income Expenses": -1567000.0,
        "Special Income Charges": -287000.0,
        "Restructuring And Mergern Acquisition": 287000.0,
        "Net Non Operating Interest Income Expense": -660000.0,
        "Interest Expense Non Operating": 660000.0,
        "Operating Income": 2234000.0,
        "Operating Expense": 19472000.0,
        "Other Operating Expenses": NaN,
        "Selling General And Administration": 19472000.0,
        "Gross Profit": 21706000.0,
        "Cost Of Revenue": 59536000.0,
        "Total Revenue": 81242000.0,
        "Operating Revenue": 81242000.0
    },
    "2025-06-30": {
        "Tax Effect Of Unusual Items": -1648.736228,
        "Tax Rate For Calcs": 0.031108,
        "Normalized EBITDA": 7156000.0,
        "Total Unusual Items": -53000.0,
        "Total Unusual Items Excluding Goodwill": -53000.0,
        "Net Income From Continuing Operation Net Minority Interest": 1423000.0,
        "Reconciled Depreciation": 4705000.0,
        "Reconciled Cost Of Revenue": 66660000.0,
        "EBITDA": 7103000.0,
        "EBIT": 2398000.0,
        "Net Interest Income": -855000.0,
        "Interest Expense": 855000.0,
        "Normalized Income": 1474351.263772,
        "Net Income From Continuing And Discontinued Operation": 1423000.0,
        "Total Expenses": 91280000.0,
        "Total Operating Income As Reported": 5345000.0,
        "Diluted Average Shares": 13971000.0,
        "Basic Average Shares": 13897000.0,
        "Diluted EPS": 0.1,
        "Basic EPS": 0.1,
        "Diluted NI Availto Com Stockholders": 1423000.0,
        "Net Income Common Stockholders": 1423000.0,
        "Otherunder Preferred Stock Dividend": NaN,
        "Net Income": 1423000.0,
        "Minority Interests": -72000.0,
        "Net Income Including Noncontrolling Interests": 1495000.0,
        "Net Income Continuous Operations": 1495000.0,
        "Tax Provision": 48000.0,
        "Pretax Income": 1543000.0,
        "Other Income Expense": -3000000.0,
        "Other Non Operating Income Expenses": -2947000.0,
        "Special Income Charges": -53000.0,
        "Restructuring And Mergern Acquisition": 53000.0,
        "Net Non Operating Interest Income Expense": -855000.0,
        "Interest Expense Non Operating": 855000.0,
        "Operating Income": 5398000.0,
        "Operating Expense": 24620000.0,
        "Other Operating Expenses": NaN,
        "Selling General And Administration": 24620000.0,
        "Gross Profit": 30018000.0,
        "Cost Of Revenue": 66660000.0,
        "Total Revenue": 96678000.0,
        "Operating Revenue": 78735000.0
    },
    "2025-09-30": {
        "Tax Effect Of Unusual Items": 0.0,
        "Tax Rate For Calcs": 0.21,
        "Normalized EBITDA": 4835000.0,
        "Total Unusual Items": NaN,
        "Total Unusual Items Excluding Goodwill": NaN,
        "Net Income From Continuing Operation Net Minority Interest": -518000.0,
        "Reconciled Depreciation": 3464000.0,
        "Reconciled Cost Of Revenue": 57062000.0,
        "EBITDA": 4835000.0,
        "EBIT": 1371000.0,
        "Net Interest Income": -800000.0,
        "Interest Expense": 800000.0,
        "Normalized Income": -518000.0,
        "Net Income From Continuing And Discontinued Operation": -518000.0,
        "Total Expenses": 77761000.0,
        "Total Operating Income As Reported": 2235000.0,
        "Diluted Average Shares": 13961000.0,
        "Basic Average Shares": 13961000.0,
        "Diluted EPS": -0.04,
        "Basic EPS": -0.04,
        "Diluted NI Availto Com Stockholders": -518000.0,
        "Net Income Common Stockholders": -518000.0,
        "Otherunder Preferred Stock Dividend": NaN,
        "Net Income": -518000.0,
        "Minority Interests": -106000.0,
        "Net Income Including Noncontrolling Interests": -412000.0,
        "Net Income Continuous Operations": -412000.0,
        "Tax Provision": 983000.0,
        "Pretax Income": 571000.0,
        "Other Income Expense": -864000.0,
        "Other Non Operating Income Expenses": -864000.0,
        "Special Income Charges": NaN,
        "Restructuring And Mergern Acquisition": NaN,
        "Net Non Operating Interest Income Expense": -800000.0,
        "Interest Expense Non Operating": 800000.0,
        "Operating Income": 2235000.0,
        "Operating Expense": 20699000.0,
        "Other Operating Expenses": NaN,
        "Selling General And Administration": 20699000.0,
        "Gross Profit": 22934000.0,
        "Cost Of Revenue": 57062000.0,
        "Total Revenue": 79996000.0,
        "Operating Revenue": 79996000.0
    },
    "2025-12-31": {
        "Tax Effect Of Unusual Items": 0.0,
        "Tax Rate For Calcs": 0.21,
        "Normalized EBITDA": 4807000.0,
        "Total Unusual Items": NaN,
        "Total Unusual Items Excluding Goodwill": NaN,
        "Net Income From Continuing Operation Net Minority Interest": 22371000.0,
        "Reconciled Depreciation": 3337000.0,
        "Reconciled Cost Of Revenue": 67813000.0,
        "EBITDA": 4807000.0,
        "EBIT": 1470000.0,
        "Net Interest Income": -772000.0,
        "Interest Expense": 772000.0,
        "Normalized Income": 22371000.0,
        "Net Income From Continuing And Discontinued Operation": 22371000.0,
        "Total Expenses": 88093000.0,
        "Total Operating Income As Reported": 2087000.0,
        "Diluted Average Shares": 14389000.0,
        "Basic Average Shares": 14165000.0,
        "Diluted EPS": 1.55,
        "Basic EPS": 1.58,
        "Diluted NI Availto Com Stockholders": 22371000.0,
        "Net Income Common Stockholders": 22371000.0,
        "Otherunder Preferred Stock Dividend": NaN,
        "Net Income": 22371000.0,
        "Minority Interests": -107000.0,
        "Net Income Including Noncontrolling Interests": 22478000.0,
        "Net Income Continuous Operations": 22478000.0,
        "Tax Provision": -21780000.0,
        "Pretax Income": 698000.0,
        "Other Income Expense": -617000.0,
        "Other Non Operating Income Expenses": -617000.0,
        "Special Income Charges": NaN,
        "Restructuring And Mergern Acquisition": NaN,
        "Net Non Operating Interest Income Expense": -772000.0,
        "Interest Expense Non Operating": 772000.0,
        "Operating Income": 2087000.0,
        "Operating Expense": 20280000.0,
        "Other Operating Expenses": -374000.0,
        "Selling General And Administration": 20654000.0,
        "Gross Profit": 22367000.0,
        "Cost Of Revenue": 67813000.0,
        "Total Revenue": 90180000.0,
        "Operating Revenue": 90180000.0
    }
}