{
    "2023-03-31": {
        "Tax Effect Of Unusual Items": 248850.0,
        "Tax Rate For Calcs": 0.21,
        "Normalized EBITDA": 14018000.0,
        "Total Unusual Items": 1185000.0,
        "Total Unusual Items Excluding Goodwill": 1185000.0,
        "Net Income From Continuing Operation Net Minority Interest": -8107000.0,
        "Reconciled Depreciation": 9089000.0,
        "Reconciled Cost Of Revenue": 205975000.0,
        "EBITDA": 15203000.0,
        "EBIT": 6114000.0,
        "Net Interest Income": -6862000.0,
        "Interest Expense": 6862000.0,
        "Normalized Income": -9043150.0,
        "Net Income From Continuing And Discontinued Operation": -8107000.0,
        "Total Expenses": 301404000.0,
        "Total Operating Income As Reported": 5652000.0,
        "Diluted Average Shares": 316451601.0,
        "Basic Average Shares": 316451601.0,
        "Diluted EPS": -0.03,
        "Basic EPS": -0.03,
        "Diluted NI Availto Com Stockholders": -8107000.0,
        "Net Income Common Stockholders": -8107000.0,
        "Net Income": -8107000.0,
        "Net Income Including Noncontrolling Interests": -8107000.0,
        "Net Income Continuous Operations": -8107000.0,
        "Tax Provision": 7359000.0,
        "Pretax Income": -748000.0,
        "Other Income Expense": 462000.0,
        "Other Non Operating Income Expenses": -723000.0,
        "Special Income Charges": 0.0,
        "Restructuring And Mergern Acquisition": 0.0,
        "Gain On Sale Of Security": 1185000.0,
        "Net Non Operating Interest Income Expense": -6862000.0,
        "Interest Expense Non Operating": 6862000.0,
        "Operating Income": 5652000.0,
        "Operating Expense": 91882000.0,
        "Depreciation Amortization Depletion Income Statement": 5542000.0,
        "Depreciation And Amortization In Income Statement": 5542000.0,
        "Selling General And Administration": 86340000.0,
        "General And Administrative Expense": NaN,
        "Other Gand A": NaN,
        "Salaries And Wages": NaN,
        "Gross Profit": 97534000.0,
        "Cost Of Revenue": 209522000.0,
        "Total Revenue": 307056000.0,
        "Operating Revenue": 307056000.0
    },
    "2022-12-31": {
        "Tax Effect Of Unusual Items": 3403890.0,
        "Tax Rate For Calcs": 0.21,
        "Normalized EBITDA": 27006000.0,
        "Total Unusual Items": 16209000.0,
        "Total Unusual Items Excluding Goodwill": 16209000.0,
        "Net Income From Continuing Operation Net Minority Interest": 15894000.0,
        "Reconciled Depreciation": 8885000.0,
        "Reconciled Cost Of Revenue": 207443000.0,
        "EBITDA": 43215000.0,
        "EBIT": 34330000.0,
        "Net Interest Income": -6959000.0,
        "Interest Expense": 6959000.0,
        "Normalized Income": 3088890.0,
        "Net Income From Continuing And Discontinued Operation": 15894000.0,
        "Total Expenses": 291502000.0,
        "Total Operating Income As Reported": 19242000.0,
        "Diluted Average Shares": 329639919.0,
        "Basic Average Shares": 315153905.0,
        "Diluted EPS": 0.05,
        "Basic EPS": 0.05,
        "Diluted NI Availto Com Stockholders": 15894000.0,
        "Net Income Common Stockholders": 15894000.0,
        "Net Income": 15894000.0,
        "Net Income Including Noncontrolling Interests": 15894000.0,
        "Net Income Continuous Operations": 15894000.0,
        "Tax Provision": 11477000.0,
        "Pretax Income": 27371000.0,
        "Other Income Expense": 15088000.0,
        "Other Non Operating Income Expenses": -1121000.0,
        "Special Income Charges": NaN,
        "Restructuring And Mergern Acquisition": NaN,
        "Gain On Sale Of Security": 16209000.0,
        "Net Non Operating Interest Income Expense": -6959000.0,
        "Interest Expense Non Operating": 6959000.0,
        "Operating Income": 19242000.0,
        "Operating Expense": 80294000.0,
        "Depreciation Amortization Depletion Income Statement": 5120000.0,
        "Depreciation And Amortization In Income Statement": 5120000.0,
        "Selling General And Administration": 75174000.0,
        "General And Administrative Expense": NaN,
        "Other Gand A": NaN,
        "Salaries And Wages": NaN,
        "Gross Profit": 99536000.0,
        "Cost Of Revenue": 211208000.0,
        "Total Revenue": 310744000.0,
        "Operating Revenue": 310744000.0
    },
    "2022-09-30": {
        "Tax Effect Of Unusual Items": NaN,
        "Tax Rate For Calcs": NaN,
        "Normalized EBITDA": NaN,
        "Total Unusual Items": NaN,
        "Total Unusual Items Excluding Goodwill": NaN,
        "Net Income From Continuing Operation Net Minority Interest": NaN,
        "Reconciled Depreciation": NaN,
        "Reconciled Cost Of Revenue": NaN,
        "EBITDA": NaN,
        "EBIT": NaN,
        "Net Interest Income": NaN,
        "Interest Expense": NaN,
        "Normalized Income": NaN,
        "Net Income From Continuing And Discontinued Operation": NaN,
        "Total Expenses": NaN,
        "Total Operating Income As Reported": NaN,
        "Diluted Average Shares": NaN,
        "Basic Average Shares": NaN,
        "Diluted EPS": NaN,
        "Basic EPS": NaN,
        "Diluted NI Availto Com Stockholders": NaN,
        "Net Income Common Stockholders": NaN,
        "Net Income": NaN,
        "Net Income Including Noncontrolling Interests": NaN,
        "Net Income Continuous Operations": NaN,
        "Tax Provision": NaN,
        "Pretax Income": NaN,
        "Other Income Expense": NaN,
        "Other Non Operating Income Expenses": NaN,
        "Special Income Charges": 0.0,
        "Restructuring And Mergern Acquisition": 0.0,
        "Gain On Sale Of Security": NaN,
        "Net Non Operating Interest Income Expense": NaN,
        "Interest Expense Non Operating": NaN,
        "Operating Income": NaN,
        "Operating Expense": NaN,
        "Depreciation Amortization Depletion Income Statement": NaN,
        "Depreciation And Amortization In Income Statement": NaN,
        "Selling General And Administration": NaN,
        "General And Administrative Expense": NaN,
        "Other Gand A": NaN,
        "Salaries And Wages": NaN,
        "Gross Profit": NaN,
        "Cost Of Revenue": NaN,
        "Total Revenue": NaN,
        "Operating Revenue": NaN
    },
    "2022-06-30": {
        "Tax Effect Of Unusual Items": -5372800.0,
        "Tax Rate For Calcs": 0.4,
        "Normalized EBITDA": -482000.0,
        "Total Unusual Items": -13432000.0,
        "Total Unusual Items Excluding Goodwill": -13432000.0,
        "Net Income From Continuing Operation Net Minority Interest": -29992000.0,
        "Reconciled Depreciation": 8074000.0,
        "Reconciled Cost Of Revenue": 235882000.0,
        "EBITDA": -13914000.0,
        "EBIT": -21988000.0,
        "Net Interest Income": -4984000.0,
        "Interest Expense": 4984000.0,
        "Normalized Income": -21932800.0,
        "Net Income From Continuing And Discontinued Operation": -29992000.0,
        "Total Expenses": 340250000.0,
        "Total Operating Income As Reported": -8143000.0,
        "Diluted Average Shares": 310575050.0,
        "Basic Average Shares": 310575050.0,
        "Diluted EPS": -0.13,
        "Basic EPS": -0.13,
        "Diluted NI Availto Com Stockholders": -29992000.0,
        "Net Income Common Stockholders": -29992000.0,
        "Net Income": -29992000.0,
        "Net Income Including Noncontrolling Interests": -29992000.0,
        "Net Income Continuous Operations": -29992000.0,
        "Tax Provision": 3020000.0,
        "Pretax Income": -26972000.0,
        "Other Income Expense": -13845000.0,
        "Other Non Operating Income Expenses": -413000.0,
        "Gain On Sale Of Security": -13432000.0,
        "Net Non Operating Interest Income Expense": -4984000.0,
        "Interest Expense Non Operating": 4984000.0,
        "Operating Income": -8143000.0,
        "Operating Expense": 100509000.0,
        "Depreciation Amortization Depletion Income Statement": 4215000.0,
        "Depreciation And Amortization In Income Statement": 4215000.0,
        "Selling General And Administration": 96294000.0,
        "General And Administrative Expense": NaN,
        "Other Gand A": NaN,
        "Salaries And Wages": NaN,
        "Gross Profit": 92366000.0,
        "Cost Of Revenue": 239741000.0,
        "Total Revenue": 332107000.0,
        "Operating Revenue": 332107000.0
    },
    "2022-03-31": {
        "Diluted EPS": -0.14,
        "Total Revenue": 321,
        "Gross Profit": 71,
        "Operating Income": -39,
        "EBIT": -31,
        "Net Income": -44
    },
    "2021-12-31": {
        "Diluted EPS": -0.02,
        "Total Revenue": 287,
        "Gross Profit": 88,
        "Operating Income": -2,
        "EBIT": 6,
        "Net Income": -72
    },
    "2021-09-30": {
        "Diluted EPS": -0.1,
        "Total Revenue": 285,
        "Gross Profit": 101,
        "Operating Income": -16,
        "EBIT": -8,
        "Net Income": -25
    },
    "2021-06-30": {
        "Diluted EPS": -0.18,
        "Total Revenue": 260,
        "Gross Profit": 108,
        "Operating Income": 35,
        "EBIT": 42,
        "Net Income": 18
    },
    "2021-03-31": {
        "Diluted EPS": 0.06,
        "Total Revenue": 238,
        "Gross Profit": 103,
        "Operating Income": 32,
        "EBIT": 39,
        "Net Income": 19
    },
    "2020-12-31": {
        "Diluted EPS": 0.0,
        "Total Revenue": NaN,
        "Gross Profit": NaN,
        "Operating Income": NaN,
        "EBIT": NaN,
        "Net Income": NaN
    },
    "2020-09-30": {
        "Diluted EPS": 0.08,
        "Total Revenue": 197,
        "Gross Profit": 82,
        "Operating Income": 35,
        "EBIT": 42,
        "Net Income": 22
    },
    "2020-06-30": {
        "Diluted EPS": 3.09,
        "Total Revenue": 186,
        "Gross Profit": 76,
        "Operating Income": 25,
        "EBIT": 25,
        "Net Income": 20
    },
    "2019-12-31": {
        "Diluted EPS": 0.0,
        "Total Revenue": NaN,
        "Gross Profit": NaN,
        "Operating Income": NaN,
        "EBIT": NaN,
        "Net Income": NaN
    },
    "2023-06-30": {
        "Tax Effect Of Unusual Items": -6300.0,
        "Tax Rate For Calcs": 0.21,
        "Normalized EBITDA": 7643000.0,
        "Total Unusual Items": -30000.0,
        "Total Unusual Items Excluding Goodwill": -30000.0,
        "Net Income From Continuing Operation Net Minority Interest": -12272000.0,
        "Reconciled Depreciation": 9131000.0,
        "Reconciled Cost Of Revenue": 193081000.0,
        "EBITDA": 7613000.0,
        "EBIT": -1518000.0,
        "Net Interest Income": -6150000.0,
        "Interest Expense": 6150000.0,
        "Normalized Income": -12248300.0,
        "Net Income From Continuing And Discontinued Operation": -12272000.0,
        "Total Expenses": 288838000.0,
        "Total Operating Income As Reported": -1623000.0,
        "Diluted Average Shares": 317341907.0,
        "Basic Average Shares": 317341907.0,
        "Diluted EPS": -0.04,
        "Basic EPS": -0.04,
        "Diluted NI Availto Com Stockholders": -12272000.0,
        "Net Income Common Stockholders": -12272000.0,
        "Net Income": -12272000.0,
        "Net Income Including Noncontrolling Interests": -12272000.0,
        "Net Income Continuous Operations": -12272000.0,
        "Tax Provision": 4604000.0,
        "Pretax Income": -7668000.0,
        "Other Income Expense": 105000.0,
        "Other Non Operating Income Expenses": 135000.0,
        "Special Income Charges": 0.0,
        "Restructuring And Mergern Acquisition": 0.0,
        "Gain On Sale Of Security": -30000.0,
        "Net Non Operating Interest Income Expense": -6150000.0,
        "Interest Expense Non Operating": 6150000.0,
        "Operating Income": -1623000.0,
        "Operating Expense": 92500000.0,
        "Depreciation Amortization Depletion Income Statement": 5874000.0,
        "Depreciation And Amortization In Income Statement": 5874000.0,
        "Selling General And Administration": 86626000.0,
        "General And Administrative Expense": 86626000.0,
        "Other Gand A": 79716000.0,
        "Salaries And Wages": 6910000.0,
        "Gross Profit": 90877000.0,
        "Cost Of Revenue": 196338000.0,
        "Total Revenue": 287215000.0,
        "Operating Revenue": 287215000.0
    },
    "2023-09-30": {
        "Tax Effect Of Unusual Items": -5119590.0,
        "Tax Rate For Calcs": 0.21,
        "Normalized EBITDA": 15527000.0,
        "Total Unusual Items": -24379000.0,
        "Total Unusual Items Excluding Goodwill": -24379000.0,
        "Net Income From Continuing Operation Net Minority Interest": -25852000.0,
        "Reconciled Depreciation": 9147000.0,
        "Reconciled Cost Of Revenue": 182835000.0,
        "EBITDA": -8852000.0,
        "EBIT": -17999000.0,
        "Net Interest Income": -6649000.0,
        "Interest Expense": 6649000.0,
        "Normalized Income": -6592590.0,
        "Net Income From Continuing And Discontinued Operation": -25852000.0,
        "Total Expenses": 273822000.0,
        "Total Operating Income As Reported": -9229000.0,
        "Diluted Average Shares": 317805140.0,
        "Basic Average Shares": 317805140.0,
        "Diluted EPS": -0.08,
        "Basic EPS": -0.08,
        "Diluted NI Availto Com Stockholders": -25852000.0,
        "Net Income Common Stockholders": -25852000.0,
        "Net Income": -25852000.0,
        "Net Income Including Noncontrolling Interests": -25852000.0,
        "Net Income Continuous Operations": -25852000.0,
        "Tax Provision": 1204000.0,
        "Pretax Income": -24648000.0,
        "Other Income Expense": -24336000.0,
        "Other Non Operating Income Expenses": 43000.0,
        "Special Income Charges": -15566000.0,
        "Restructuring And Mergern Acquisition": 15566000.0,
        "Gain On Sale Of Security": -8813000.0,
        "Net Non Operating Interest Income Expense": -6649000.0,
        "Interest Expense Non Operating": 6649000.0,
        "Operating Income": 6337000.0,
        "Operating Expense": 87837000.0,
        "Depreciation Amortization Depletion Income Statement": 5997000.0,
        "Depreciation And Amortization In Income Statement": 5997000.0,
        "Selling General And Administration": 81840000.0,
        "General And Administrative Expense": NaN,
        "Other Gand A": NaN,
        "Salaries And Wages": NaN,
        "Gross Profit": 94174000.0,
        "Cost Of Revenue": 185985000.0,
        "Total Revenue": 280159000.0,
        "Operating Revenue": 280159000.0
    },
    "2023-12-31": {
        "Tax Effect Of Unusual Items": 1712550.0,
        "Tax Rate For Calcs": 0.21,
        "Normalized EBITDA": -2561000.0,
        "Total Unusual Items": 8155000.0,
        "Total Unusual Items Excluding Goodwill": 8155000.0,
        "Net Income From Continuing Operation Net Minority Interest": -22430000.0,
        "Reconciled Depreciation": 9083000.0,
        "Reconciled Cost Of Revenue": 178013000.0,
        "EBITDA": 5594000.0,
        "EBIT": -3489000.0,
        "Net Interest Income": -6577000.0,
        "Interest Expense": 6577000.0,
        "Normalized Income": -28872450.0,
        "Net Income From Continuing And Discontinued Operation": -22430000.0,
        "Total Expenses": 264120000.0,
        "Total Operating Income As Reported": -15112000.0,
        "Diluted Average Shares": 319243414.0,
        "Basic Average Shares": 319243414.0,
        "Diluted EPS": -0.07,
        "Basic EPS": -0.07,
        "Diluted NI Availto Com Stockholders": -22430000.0,
        "Net Income Common Stockholders": -22430000.0,
        "Net Income": -22430000.0,
        "Net Income Including Noncontrolling Interests": -22430000.0,
        "Net Income Continuous Operations": -22430000.0,
        "Tax Provision": 12364000.0,
        "Pretax Income": -10066000.0,
        "Other Income Expense": 8245000.0,
        "Other Non Operating Income Expenses": 90000.0,
        "Special Income Charges": -3378000.0,
        "Restructuring And Mergern Acquisition": 3378000.0,
        "Gain On Sale Of Security": 11533000.0,
        "Net Non Operating Interest Income Expense": -6577000.0,
        "Interest Expense Non Operating": 6577000.0,
        "Operating Income": -11734000.0,
        "Operating Expense": 83165000.0,
        "Depreciation Amortization Depletion Income Statement": 6141000.0,
        "Depreciation And Amortization In Income Statement": 6141000.0,
        "Selling General And Administration": 77024000.0,
        "General And Administrative Expense": NaN,
        "Other Gand A": NaN,
        "Salaries And Wages": NaN,
        "Gross Profit": 71431000.0,
        "Cost Of Revenue": 180955000.0,
        "Total Revenue": 252386000.0,
        "Operating Revenue": 252386000.0
    },
    "2024-03-31": {
        "Tax Effect Of Unusual Items": -2629830.0,
        "Tax Rate For Calcs": 0.21,
        "Normalized EBITDA": -4581000.0,
        "Total Unusual Items": -12523000.0,
        "Total Unusual Items Excluding Goodwill": -12523000.0,
        "Net Income From Continuing Operation Net Minority Interest": -30882000.0,
        "Reconciled Depreciation": 7155000.0,
        "Reconciled Cost Of Revenue": 177293000.0,
        "EBITDA": -17104000.0,
        "EBIT": -24259000.0,
        "Net Interest Income": -6586000.0,
        "Interest Expense": 6586000.0,
        "Normalized Income": -20988830.0,
        "Net Income From Continuing And Discontinued Operation": -30882000.0,
        "Total Expenses": 260678000.0,
        "Total Operating Income As Reported": -14200000.0,
        "Diluted Average Shares": 322638110.0,
        "Basic Average Shares": 322638110.0,
        "Diluted EPS": -0.1,
        "Basic EPS": -0.1,
        "Diluted NI Availto Com Stockholders": -30882000.0,
        "Net Income Common Stockholders": -30882000.0,
        "Net Income": -30882000.0,
        "Net Income Including Noncontrolling Interests": -30882000.0,
        "Net Income Continuous Operations": -30882000.0,
        "Tax Provision": 37000.0,
        "Pretax Income": -30845000.0,
        "Other Income Expense": -12174000.0,
        "Other Non Operating Income Expenses": 349000.0,
        "Special Income Charges": -2115000.0,
        "Restructuring And Mergern Acquisition": 2115000.0,
        "Gain On Sale Of Security": -10408000.0,
        "Net Non Operating Interest Income Expense": -6586000.0,
        "Interest Expense Non Operating": 6586000.0,
        "Operating Income": -12085000.0,
        "Operating Expense": 81865000.0,
        "Depreciation Amortization Depletion Income Statement": 5635000.0,
        "Depreciation And Amortization In Income Statement": 5635000.0,
        "Selling General And Administration": 76230000.0,
        "General And Administrative Expense": NaN,
        "Other Gand A": NaN,
        "Salaries And Wages": NaN,
        "Gross Profit": 69780000.0,
        "Cost Of Revenue": 178813000.0,
        "Total Revenue": 248593000.0,
        "Operating Revenue": 248593000.0
    },
    "2024-06-30": {
        "Tax Effect Of Unusual Items": -2754570.0,
        "Tax Rate For Calcs": 0.21,
        "Normalized EBITDA": -7885000.0,
        "Total Unusual Items": -13117000.0,
        "Total Unusual Items Excluding Goodwill": -13117000.0,
        "Net Income From Continuing Operation Net Minority Interest": -36490000.0,
        "Reconciled Depreciation": 7222000.0,
        "Reconciled Cost Of Revenue": 179884000.0,
        "EBITDA": -21002000.0,
        "EBIT": -28224000.0,
        "Net Interest Income": -6637000.0,
        "Interest Expense": 6637000.0,
        "Normalized Income": -26127570.0,
        "Net Income From Continuing And Discontinued Operation": -36490000.0,
        "Total Expenses": 266922000.0,
        "Total Operating Income As Reported": -22463000.0,
        "Diluted Average Shares": 323000992.0,
        "Basic Average Shares": 323000992.0,
        "Diluted EPS": -0.11,
        "Basic EPS": -0.11,
        "Diluted NI Availto Com Stockholders": -36490000.0,
        "Net Income Common Stockholders": -36490000.0,
        "Net Income": -36490000.0,
        "Net Income Including Noncontrolling Interests": -36490000.0,
        "Net Income Continuous Operations": -36490000.0,
        "Tax Provision": 1629000.0,
        "Pretax Income": -34861000.0,
        "Other Income Expense": -12973000.0,
        "Other Non Operating Income Expenses": 144000.0,
        "Special Income Charges": -7212000.0,
        "Restructuring And Mergern Acquisition": 7212000.0,
        "Gain On Sale Of Security": -5905000.0,
        "Net Non Operating Interest Income Expense": -6637000.0,
        "Interest Expense Non Operating": 6637000.0,
        "Operating Income": -15251000.0,
        "Operating Expense": 85478000.0,
        "Depreciation Amortization Depletion Income Statement": 5662000.0,
        "Depreciation And Amortization In Income Statement": 5662000.0,
        "Selling General And Administration": 79816000.0,
        "General And Administrative Expense": NaN,
        "Other Gand A": NaN,
        "Salaries And Wages": NaN,
        "Gross Profit": 70227000.0,
        "Cost Of Revenue": 181444000.0,
        "Total Revenue": 251671000.0,
        "Operating Revenue": 251671000.0
    }
}