{
    "2023-03-31": {
        "Tax Effect Of Unusual Items": -39874800.0,
        "Tax Rate For Calcs": 0.21,
        "Normalized EBITDA": 140915000.0,
        "Total Unusual Items": -189880000.0,
        "Total Unusual Items Excluding Goodwill": -189880000.0,
        "Net Income From Continuing Operation Net Minority Interest": -342139000.0,
        "Reconciled Depreciation": 71393000.0,
        "Reconciled Cost Of Revenue": 515874000.0,
        "EBITDA": -48965000.0,
        "EBIT": -120358000.0,
        "Normalized Income": -192133800.0,
        "Net Income From Continuing And Discontinued Operation": -342139000.0,
        "Total Expenses": 1126922000.0,
        "Total Operating Income As Reported": -264084000.0,
        "Diluted Average Shares": 186403349.0,
        "Basic Average Shares": 186403349.0,
        "Diluted EPS": -1.84,
        "Basic EPS": -1.84,
        "Diluted NI Availto Com Stockholders": -342139000.0,
        "Net Income Common Stockholders": -342139000.0,
        "Net Income": -342139000.0,
        "Net Income Including Noncontrolling Interests": -342139000.0,
        "Net Income Continuous Operations": -342139000.0,
        "Tax Provision": 10467000.0,
        "Pretax Income": -331672000.0,
        "Other Income Expense": -211314000.0,
        "Other Non Operating Income Expenses": 8985000.0,
        "Special Income Charges": -189880000.0,
        "Write Off": 46154000.0,
        "Impairment Of Capital Assets": 21784000.0,
        "Restructuring And Mergern Acquisition": 121942000.0,
        "Earnings From Equity Interest": -30419000.0,
        "Operating Income": -120358000.0,
        "Operating Expense": 611048000.0,
        "Research And Development": 238595000.0,
        "Selling General And Administration": 372453000.0,
        "Selling And Marketing Expense": 259885000.0,
        "General And Administrative Expense": 112568000.0,
        "Other Gand A": 112568000.0,
        "Gross Profit": 490690000.0,
        "Cost Of Revenue": 515874000.0,
        "Total Revenue": 1006564000.0,
        "Operating Revenue": 1006564000.0
    },
    "2022-12-31": {
        "Tax Effect Of Unusual Items": -878850.0,
        "Tax Rate For Calcs": 0.21,
        "Normalized EBITDA": -138950000.0,
        "Total Unusual Items": -4185000.0,
        "Total Unusual Items Excluding Goodwill": -4185000.0,
        "Net Income From Continuing Operation Net Minority Interest": -229422000.0,
        "Reconciled Depreciation": 71247000.0,
        "Reconciled Cost Of Revenue": 543432000.0,
        "EBITDA": -143135000.0,
        "EBIT": -214382000.0,
        "Normalized Income": -226115850.0,
        "Net Income From Continuing And Discontinued Operation": -229422000.0,
        "Total Expenses": 1238956000.0,
        "Total Operating Income As Reported": -218567000.0,
        "Diluted Average Shares": 185120702.0,
        "Basic Average Shares": 185120702.0,
        "Diluted EPS": -1.24,
        "Basic EPS": -1.24,
        "Diluted NI Availto Com Stockholders": -229422000.0,
        "Net Income Common Stockholders": -229422000.0,
        "Net Income": -229422000.0,
        "Net Income Including Noncontrolling Interests": -229422000.0,
        "Net Income Continuous Operations": -229422000.0,
        "Tax Provision": 9197000.0,
        "Pretax Income": -220225000.0,
        "Other Income Expense": -5843000.0,
        "Other Non Operating Income Expenses": 20281000.0,
        "Special Income Charges": -4185000.0,
        "Write Off": NaN,
        "Impairment Of Capital Assets": 0.0,
        "Restructuring And Mergern Acquisition": 4185000.0,
        "Earnings From Equity Interest": -21939000.0,
        "Operating Income": -214382000.0,
        "Operating Expense": 695524000.0,
        "Research And Development": 274094000.0,
        "Selling General And Administration": 421430000.0,
        "Selling And Marketing Expense": 296335000.0,
        "General And Administrative Expense": 125095000.0,
        "Other Gand A": 125095000.0,
        "Gross Profit": 481142000.0,
        "Cost Of Revenue": 543432000.0,
        "Total Revenue": 1024574000.0,
        "Operating Revenue": 1024574000.0
    },
    "2022-09-30": {
        "Tax Effect Of Unusual Items": -35736330.0,
        "Tax Rate For Calcs": 0.21,
        "Normalized EBITDA": -46515000.0,
        "Total Unusual Items": -170173000.0,
        "Total Unusual Items Excluding Goodwill": -170173000.0,
        "Net Income From Continuing Operation Net Minority Interest": -482327000.0,
        "Reconciled Depreciation": 70136000.0,
        "Reconciled Cost Of Revenue": 520955000.0,
        "EBITDA": -216688000.0,
        "EBIT": -286824000.0,
        "Normalized Income": -347890330.0,
        "Net Income From Continuing And Discontinued Operation": -482327000.0,
        "Total Expenses": 1269854000.0,
        "Total Operating Income As Reported": -456997000.0,
        "Diluted Average Shares": 183692564.0,
        "Basic Average Shares": 183692564.0,
        "Diluted EPS": -2.63,
        "Basic EPS": -2.63,
        "Diluted NI Availto Com Stockholders": -482327000.0,
        "Net Income Common Stockholders": -482327000.0,
        "Net Income": -482327000.0,
        "Net Income Including Noncontrolling Interests": -482327000.0,
        "Net Income Continuous Operations": -482327000.0,
        "Tax Provision": 3580000.0,
        "Pretax Income": -478747000.0,
        "Other Income Expense": -191923000.0,
        "Other Non Operating Income Expenses": -8374000.0,
        "Special Income Charges": -170173000.0,
        "Write Off": NaN,
        "Impairment Of Capital Assets": 97722000.0,
        "Restructuring And Mergern Acquisition": 72451000.0,
        "Earnings From Equity Interest": -13376000.0,
        "Operating Income": -286824000.0,
        "Operating Expense": 748899000.0,
        "Research And Development": 284735000.0,
        "Selling General And Administration": 464164000.0,
        "Selling And Marketing Expense": 328833000.0,
        "General And Administrative Expense": 135331000.0,
        "Other Gand A": 135331000.0,
        "Gross Profit": 462075000.0,
        "Cost Of Revenue": 520955000.0,
        "Total Revenue": 983030000.0,
        "Operating Revenue": 983030000.0
    },
    "2022-06-30": {
        "Tax Effect Of Unusual Items": 0.0,
        "Tax Rate For Calcs": 0.4,
        "Normalized EBITDA": -242295000.0,
        "Total Unusual Items": NaN,
        "Total Unusual Items Excluding Goodwill": NaN,
        "Net Income From Continuing Operation Net Minority Interest": -322769000.0,
        "Reconciled Depreciation": 69641000.0,
        "Reconciled Cost Of Revenue": 498065000.0,
        "EBITDA": -242295000.0,
        "EBIT": -311936000.0,
        "Normalized Income": -322769000.0,
        "Net Income From Continuing And Discontinued Operation": -322769000.0,
        "Total Expenses": 1255290000.0,
        "Total Operating Income As Reported": -311936000.0,
        "Diluted Average Shares": 182347864.0,
        "Basic Average Shares": 182347864.0,
        "Diluted EPS": -1.77,
        "Basic EPS": -1.77,
        "Diluted NI Availto Com Stockholders": -322769000.0,
        "Net Income Common Stockholders": -322769000.0,
        "Net Income": -322769000.0,
        "Net Income Including Noncontrolling Interests": -322769000.0,
        "Net Income Continuous Operations": -322769000.0,
        "Tax Provision": 2594000.0,
        "Pretax Income": -320175000.0,
        "Other Income Expense": -8239000.0,
        "Other Non Operating Income Expenses": -8239000.0,
        "Special Income Charges": NaN,
        "Write Off": NaN,
        "Impairment Of Capital Assets": NaN,
        "Restructuring And Mergern Acquisition": NaN,
        "Earnings From Equity Interest": NaN,
        "Operating Income": -311936000.0,
        "Operating Expense": 757225000.0,
        "Research And Development": 279641000.0,
        "Selling General And Administration": 477584000.0,
        "Selling And Marketing Expense": 334958000.0,
        "General And Administrative Expense": 142626000.0,
        "Other Gand A": 142626000.0,
        "Gross Profit": 445289000.0,
        "Cost Of Revenue": 498065000.0,
        "Total Revenue": 943354000.0,
        "Operating Revenue": 943354000.0
    },
    "2022-03-31": {
        "Diluted EPS": -1.23,
        "Total Revenue": 875,
        "Gross Profit": 425,
        "Operating Income": -218,
        "EBIT": -126,
        "Net Income": -222
    },
    "2021-12-31": {
        "Diluted EPS": -1.64,
        "Total Revenue": 843,
        "Gross Profit": 397,
        "Operating Income": -284,
        "EBIT": -193,
        "Net Income": -291
    },
    "2021-09-30": {
        "Diluted EPS": -1.26,
        "Total Revenue": 740,
        "Gross Profit": 365,
        "Operating Income": -232,
        "EBIT": -148,
        "Net Income": -224
    },
    "2021-06-30": {
        "Diluted EPS": -1.31,
        "Total Revenue": 669,
        "Gross Profit": 331,
        "Operating Income": -202,
        "EBIT": -124,
        "Net Income": -228
    },
    "2021-03-31": {
        "Diluted EPS": -1.24,
        "Total Revenue": 590,
        "Gross Profit": 298,
        "Operating Income": -197,
        "EBIT": -125,
        "Net Income": -207
    },
    "2020-12-31": {
        "Diluted EPS": -1.17,
        "Total Revenue": 548,
        "Gross Profit": 282,
        "Operating Income": -185,
        "EBIT": -143,
        "Net Income": -179
    },
    "2020-09-30": {
        "Diluted EPS": -0.79,
        "Total Revenue": 448,
        "Gross Profit": 231,
        "Operating Income": -112,
        "EBIT": -67,
        "Net Income": -117
    },
    "2020-06-30": {
        "Diluted EPS": -0.71,
        "Total Revenue": 401,
        "Gross Profit": 209,
        "Operating Income": -103,
        "EBIT": -60,
        "Net Income": -100
    },
    "2020-03-31": {
        "Diluted EPS": -0.68,
        "Total Revenue": 365,
        "Gross Profit": 194,
        "Operating Income": -93,
        "EBIT": -52,
        "Net Income": -95
    },
    "2019-12-31": {
        "Diluted EPS": -0.69,
        "Total Revenue": 331,
        "Gross Profit": 175,
        "Operating Income": -94,
        "EBIT": -55,
        "Net Income": -90
    },
    "2019-09-30": {
        "Diluted EPS": -0.64,
        "Total Revenue": 295,
        "Gross Profit": 158,
        "Operating Income": -95,
        "EBIT": -60,
        "Net Income": -88
    },
    "2019-06-30": {
        "Diluted EPS": -0.72,
        "Total Revenue": 275,
        "Gross Profit": 150,
        "Operating Income": -94,
        "EBIT": -60,
        "Net Income": -93
    },
    "2019-03-31": {
        "Diluted EPS": -0.31,
        "Total Revenue": 233,
        "Gross Profit": 126,
        "Operating Income": -88,
        "EBIT": -60,
        "Net Income": -37
    },
    "2018-12-31": {
        "Diluted EPS": -0.48,
        "Total Revenue": 204,
        "Gross Profit": 108,
        "Operating Income": -44,
        "EBIT": -30,
        "Net Income": -47
    },
    "2018-09-30": {
        "Diluted EPS": -0.28,
        "Total Revenue": 169,
        "Gross Profit": 92,
        "Operating Income": -25,
        "EBIT": -14,
        "Net Income": -27
    },
    "2018-06-30": {
        "Diluted EPS": -0.25,
        "Total Revenue": 148,
        "Gross Profit": 80,
        "Operating Income": -22,
        "EBIT": -13,
        "Net Income": -24
    },
    "2018-03-31": {
        "Diluted EPS": -0.25,
        "Total Revenue": 129,
        "Gross Profit": 70,
        "Operating Income": -24,
        "EBIT": -19,
        "Net Income": -24
    },
    "2017-12-31": {
        "Diluted EPS": -0.21,
        "Total Revenue": 115,
        "Gross Profit": 60,
        "Operating Income": -20,
        "EBIT": -15,
        "Net Income": -19
    },
    "2017-09-30": {
        "Diluted EPS": -0.25,
        "Total Revenue": 101,
        "Gross Profit": 52,
        "Operating Income": -24,
        "EBIT": -19,
        "Net Income": -23
    },
    "2017-06-30": {
        "Diluted EPS": -0.08,
        "Total Revenue": 96,
        "Gross Profit": 54,
        "Operating Income": -7,
        "EBIT": -2,
        "Net Income": -7
    },
    "2017-03-31": {
        "Diluted EPS": -0.16,
        "Total Revenue": 87,
        "Gross Profit": 50,
        "Operating Income": -15,
        "EBIT": -11,
        "Net Income": -14
    },
    "2016-12-31": {
        "Diluted EPS": 0.17,
        "Total Revenue": 82,
        "Gross Profit": 48,
        "Operating Income": -13,
        "EBIT": -10,
        "Net Income": -13
    },
    "2016-09-30": {
        "Diluted EPS": -0.13,
        "Total Revenue": 72,
        "Gross Profit": 40,
        "Operating Income": -11,
        "EBIT": -9,
        "Net Income": -11
    },
    "2016-06-30": {
        "Diluted EPS": -0.45,
        "Total Revenue": 65,
        "Gross Profit": 36,
        "Operating Income": -11,
        "EBIT": -9,
        "Net Income": -11
    },
    "2016-03-31": {
        "Diluted EPS": -0.37,
        "Total Revenue": 59,
        "Gross Profit": 33,
        "Operating Income": -6,
        "EBIT": -5,
        "Net Income": -6
    },
    "2015-12-31": {
        "Diluted EPS": 0.0,
        "Total Revenue": NaN,
        "Gross Profit": NaN,
        "Operating Income": NaN,
        "EBIT": NaN,
        "Net Income": NaN
    },
    "2015-09-30": {
        "Diluted EPS": -0.7,
        "Total Revenue": 44,
        "Gross Profit": 25,
        "Operating Income": -9,
        "EBIT": -8,
        "Net Income": -12
    },
    "2015-06-30": {
        "Diluted EPS": -0.52,
        "Total Revenue": 38,
        "Gross Profit": 21,
        "Operating Income": -9,
        "EBIT": -9,
        "Net Income": -10
    },
    "2014-12-31": {
        "Diluted EPS": 0.0,
        "Total Revenue": NaN,
        "Gross Profit": NaN,
        "Operating Income": NaN,
        "EBIT": NaN,
        "Net Income": NaN
    },
    "2013-12-31": {
        "Diluted EPS": 0.0,
        "Total Revenue": NaN,
        "Gross Profit": NaN,
        "Operating Income": NaN,
        "EBIT": NaN,
        "Net Income": NaN
    },
    "2023-06-30": {
        "Tax Effect Of Unusual Items": -5089140.0,
        "Tax Rate For Calcs": 0.21,
        "Normalized EBITDA": -18364000.0,
        "Total Unusual Items": -24234000.0,
        "Total Unusual Items Excluding Goodwill": -24234000.0,
        "Net Income From Continuing Operation Net Minority Interest": -166187000.0,
        "Reconciled Depreciation": 74995000.0,
        "Reconciled Cost Of Revenue": 532006000.0,
        "EBITDA": -42598000.0,
        "EBIT": -117593000.0,
        "Normalized Income": -147042140.0,
        "Net Income From Continuing And Discontinued Operation": -166187000.0,
        "Total Expenses": 1155354000.0,
        "Total Operating Income As Reported": -141827000.0,
        "Diluted Average Shares": 183490982.0,
        "Basic Average Shares": 183490982.0,
        "Diluted EPS": -0.91,
        "Basic EPS": -0.91,
        "Diluted NI Availto Com Stockholders": -166187000.0,
        "Net Income Common Stockholders": -166187000.0,
        "Net Income": -166187000.0,
        "Net Income Including Noncontrolling Interests": -166187000.0,
        "Net Income Continuous Operations": -166187000.0,
        "Tax Provision": 744000.0,
        "Pretax Income": -165443000.0,
        "Other Income Expense": -47850000.0,
        "Other Non Operating Income Expenses": 8745000.0,
        "Special Income Charges": -24234000.0,
        "Write Off": 0.0,
        "Impairment Of Capital Assets": 9332000.0,
        "Restructuring And Mergern Acquisition": 14902000.0,
        "Earnings From Equity Interest": -32361000.0,
        "Operating Income": -117593000.0,
        "Operating Expense": 623348000.0,
        "Research And Development": 226896000.0,
        "Selling General And Administration": 396452000.0,
        "Selling And Marketing Expense": 261600000.0,
        "General And Administrative Expense": 134852000.0,
        "Other Gand A": 134852000.0,
        "Gross Profit": 505755000.0,
        "Cost Of Revenue": 532006000.0,
        "Total Revenue": 1037761000.0,
        "Operating Revenue": 1037761000.0
    },
    "2023-09-30": {
        "Tax Effect Of Unusual Items": NaN,
        "Tax Rate For Calcs": NaN,
        "Normalized EBITDA": NaN,
        "Total Unusual Items": NaN,
        "Total Unusual Items Excluding Goodwill": NaN,
        "Net Income From Continuing Operation Net Minority Interest": NaN,
        "Reconciled Depreciation": NaN,
        "Reconciled Cost Of Revenue": NaN,
        "EBITDA": NaN,
        "EBIT": NaN,
        "Normalized Income": NaN,
        "Net Income From Continuing And Discontinued Operation": NaN,
        "Total Expenses": NaN,
        "Total Operating Income As Reported": NaN,
        "Diluted Average Shares": 181749309.0,
        "Basic Average Shares": 181749309.0,
        "Diluted EPS": -0.78,
        "Basic EPS": -0.78,
        "Diluted NI Availto Com Stockholders": NaN,
        "Net Income Common Stockholders": NaN,
        "Net Income": NaN,
        "Net Income Including Noncontrolling Interests": NaN,
        "Net Income Continuous Operations": NaN,
        "Tax Provision": NaN,
        "Pretax Income": NaN,
        "Other Income Expense": NaN,
        "Other Non Operating Income Expenses": NaN,
        "Special Income Charges": NaN,
        "Write Off": NaN,
        "Impairment Of Capital Assets": NaN,
        "Restructuring And Mergern Acquisition": NaN,
        "Earnings From Equity Interest": NaN,
        "Operating Income": NaN,
        "Operating Expense": NaN,
        "Research And Development": NaN,
        "Selling General And Administration": NaN,
        "Selling And Marketing Expense": NaN,
        "General And Administrative Expense": NaN,
        "Other Gand A": NaN,
        "Gross Profit": NaN,
        "Cost Of Revenue": NaN,
        "Total Revenue": NaN,
        "Operating Revenue": NaN
    },
    "2023-12-31": {
        "Tax Effect Of Unusual Items": NaN,
        "Tax Rate For Calcs": NaN,
        "Normalized EBITDA": NaN,
        "Total Unusual Items": -311678000.0,
        "Total Unusual Items Excluding Goodwill": -311678000.0,
        "Net Income From Continuing Operation Net Minority Interest": NaN,
        "Reconciled Depreciation": NaN,
        "Reconciled Cost Of Revenue": NaN,
        "EBITDA": NaN,
        "EBIT": NaN,
        "Normalized Income": NaN,
        "Net Income From Continuing And Discontinued Operation": NaN,
        "Total Expenses": NaN,
        "Total Operating Income As Reported": NaN,
        "Diluted Average Shares": NaN,
        "Basic Average Shares": NaN,
        "Diluted EPS": NaN,
        "Basic EPS": NaN,
        "Diluted NI Availto Com Stockholders": NaN,
        "Net Income Common Stockholders": NaN,
        "Net Income": NaN,
        "Net Income Including Noncontrolling Interests": NaN,
        "Net Income Continuous Operations": NaN,
        "Tax Provision": NaN,
        "Pretax Income": NaN,
        "Other Income Expense": NaN,
        "Other Non Operating Income Expenses": NaN,
        "Special Income Charges": -311678000.0,
        "Write Off": 0.0,
        "Impairment Of Capital Assets": 286226000.0,
        "Restructuring And Mergern Acquisition": 25452000.0,
        "Earnings From Equity Interest": NaN,
        "Operating Income": NaN,
        "Operating Expense": NaN,
        "Research And Development": NaN,
        "Selling General And Administration": NaN,
        "Selling And Marketing Expense": NaN,
        "General And Administrative Expense": NaN,
        "Other Gand A": NaN,
        "Gross Profit": NaN,
        "Cost Of Revenue": NaN,
        "Total Revenue": NaN,
        "Operating Revenue": NaN
    },
    "2024-03-31": {
        "Tax Effect Of Unusual Items": -2088660.0,
        "Tax Rate For Calcs": 0.21,
        "Normalized EBITDA": 29706000.0,
        "Total Unusual Items": -9946000.0,
        "Total Unusual Items Excluding Goodwill": -9946000.0,
        "Net Income From Continuing Operation Net Minority Interest": -55349000.0,
        "Reconciled Depreciation": 53318000.0,
        "Reconciled Cost Of Revenue": 503009000.0,
        "EBITDA": 19760000.0,
        "EBIT": -33558000.0,
        "Normalized Income": -47491660.0,
        "Net Income From Continuing And Discontinued Operation": -55349000.0,
        "Total Expenses": 1080608000.0,
        "Total Operating Income As Reported": -43504000.0,
        "Diluted Average Shares": 181017726.0,
        "Basic Average Shares": 181017726.0,
        "Diluted EPS": -0.31,
        "Basic EPS": -0.31,
        "Diluted NI Availto Com Stockholders": -55349000.0,
        "Net Income Common Stockholders": -55349000.0,
        "Net Income": -55349000.0,
        "Net Income Including Noncontrolling Interests": -55349000.0,
        "Net Income Continuous Operations": -55349000.0,
        "Tax Provision": 10188000.0,
        "Pretax Income": -45161000.0,
        "Other Income Expense": -11603000.0,
        "Other Non Operating Income Expenses": 27918000.0,
        "Special Income Charges": -9946000.0,
        "Write Off": 0.0,
        "Impairment Of Capital Assets": 0.0,
        "Restructuring And Mergern Acquisition": 9946000.0,
        "Earnings From Equity Interest": -29575000.0,
        "Operating Income": -33558000.0,
        "Operating Expense": 577599000.0,
        "Research And Development": 251615000.0,
        "Selling General And Administration": 325984000.0,
        "Selling And Marketing Expense": 214018000.0,
        "General And Administrative Expense": 111966000.0,
        "Other Gand A": 111966000.0,
        "Gross Profit": 544041000.0,
        "Cost Of Revenue": 503009000.0,
        "Total Revenue": 1047050000.0,
        "Operating Revenue": 1047050000.0
    },
    "2024-06-30": {
        "Tax Effect Of Unusual Items": -74970.0,
        "Tax Rate For Calcs": 0.21,
        "Normalized EBITDA": 33075000.0,
        "Total Unusual Items": -357000.0,
        "Total Unusual Items Excluding Goodwill": -357000.0,
        "Net Income From Continuing Operation Net Minority Interest": -31858000.0,
        "Reconciled Depreciation": 52065000.0,
        "Reconciled Cost Of Revenue": 526657000.0,
        "EBITDA": 32718000.0,
        "EBIT": -19347000.0,
        "Normalized Income": -31575970.0,
        "Net Income From Continuing And Discontinued Operation": -31858000.0,
        "Total Expenses": 1101849000.0,
        "Total Operating Income As Reported": -19037000.0,
        "Diluted Average Shares": 170222104.0,
        "Basic Average Shares": 170222104.0,
        "Diluted EPS": -0.19,
        "Basic EPS": -0.19,
        "Diluted NI Availto Com Stockholders": -31858000.0,
        "Net Income Common Stockholders": -31858000.0,
        "Net Income": -31858000.0,
        "Net Income Including Noncontrolling Interests": -31858000.0,
        "Net Income Continuous Operations": -31858000.0,
        "Tax Provision": 5615000.0,
        "Pretax Income": -26243000.0,
        "Other Income Expense": -6896000.0,
        "Other Non Operating Income Expenses": 17401000.0,
        "Special Income Charges": -357000.0,
        "Write Off": 667000.0,
        "Impairment Of Capital Assets": 0.0,
        "Restructuring And Mergern Acquisition": -310000.0,
        "Earnings From Equity Interest": -23940000.0,
        "Operating Income": -19347000.0,
        "Operating Expense": 575192000.0,
        "Research And Development": 243652000.0,
        "Selling General And Administration": 331540000.0,
        "Selling And Marketing Expense": 217556000.0,
        "General And Administrative Expense": 113984000.0,
        "Other Gand A": 113984000.0,
        "Gross Profit": 555845000.0,
        "Cost Of Revenue": 526657000.0,
        "Total Revenue": 1082502000.0,
        "Operating Revenue": 1082502000.0
    },
    "2024-09-30": {
        "Tax Effect Of Unusual Items": -944370.0,
        "Tax Rate For Calcs": 0.21,
        "Normalized EBITDA": 54084000.0,
        "Total Unusual Items": -4497000.0,
        "Total Unusual Items Excluding Goodwill": -4497000.0,
        "Net Income From Continuing Operation Net Minority Interest": -9726000.0,
        "Reconciled Depreciation": 50787000.0,
        "Reconciled Cost Of Revenue": 555020000.0,
        "EBITDA": 49587000.0,
        "EBIT": -1200000.0,
        "Normalized Income": -6173370.0,
        "Net Income From Continuing And Discontinued Operation": -9726000.0,
        "Total Expenses": 1134849000.0,
        "Total Operating Income As Reported": -4894000.0,
        "Diluted Average Shares": 159091110.0,
        "Basic Average Shares": 159091110.0,
        "Diluted EPS": -0.06,
        "Basic EPS": -0.06,
        "Diluted NI Availto Com Stockholders": -9726000.0,
        "Net Income Common Stockholders": -9726000.0,
        "Net Income": -9726000.0,
        "Net Income Including Noncontrolling Interests": -9726000.0,
        "Net Income Continuous Operations": -9726000.0,
        "Tax Provision": 6075000.0,
        "Pretax Income": -3651000.0,
        "Other Income Expense": -2451000.0,
        "Other Non Operating Income Expenses": 27325000.0,
        "Special Income Charges": -4497000.0,
        "Write Off": 803000.0,
        "Impairment Of Capital Assets": 0.0,
        "Restructuring And Mergern Acquisition": 3694000.0,
        "Earnings From Equity Interest": -25279000.0,
        "Operating Income": -1200000.0,
        "Operating Expense": 579829000.0,
        "Research And Development": 260903000.0,
        "Selling General And Administration": 318926000.0,
        "Selling And Marketing Expense": 212576000.0,
        "General And Administrative Expense": 106350000.0,
        "Other Gand A": 106350000.0,
        "Gross Profit": 578629000.0,
        "Cost Of Revenue": 555020000.0,
        "Total Revenue": 1133649000.0,
        "Operating Revenue": 1133649000.0
    },
    "2024-12-31": {
        "Tax Effect Of Unusual Items": -537098.687122,
        "Tax Rate For Calcs": 0.080248,
        "Normalized EBITDA": 70177000.0,
        "Total Unusual Items": -6693000.0,
        "Total Unusual Items Excluding Goodwill": -6693000.0,
        "Net Income From Continuing Operation Net Minority Interest": -12470000.0,
        "Reconciled Depreciation": 49814000.0,
        "Reconciled Cost Of Revenue": 595138000.0,
        "EBITDA": 63484000.0,
        "EBIT": 13670000.0,
        "Normalized Income": -6314098.687122,
        "Net Income From Continuing And Discontinued Operation": -12470000.0,
        "Total Expenses": 1181165000.0,
        "Total Operating Income As Reported": 13727000.0,
        "Diluted Average Shares": 153511425.0,
        "Basic Average Shares": 153511425.0,
        "Diluted EPS": -0.08,
        "Basic EPS": -0.08,
        "Diluted NI Availto Com Stockholders": -12470000.0,
        "Net Income Common Stockholders": -12470000.0,
        "Net Income": -12470000.0,
        "Net Income Including Noncontrolling Interests": -12470000.0,
        "Net Income Continuous Operations": -12470000.0,
        "Tax Provision": -1088000.0,
        "Pretax Income": -13558000.0,
        "Other Income Expense": -27228000.0,
        "Other Non Operating Income Expenses": 9152000.0,
        "Special Income Charges": -6693000.0,
        "Write Off": 6750000.0,
        "Impairment Of Capital Assets": 0.0,
        "Restructuring And Mergern Acquisition": -57000.0,
        "Earnings From Equity Interest": -29687000.0,
        "Operating Income": 13670000.0,
        "Operating Expense": 586027000.0,
        "Research And Development": 252577000.0,
        "Selling General And Administration": 286194000.0,
        "Selling And Marketing Expense": 169423000.0,
        "General And Administrative Expense": 116771000.0,
        "Other Gand A": 116771000.0,
        "Gross Profit": 599697000.0,
        "Cost Of Revenue": 595138000.0,
        "Total Revenue": 1194835000.0,
        "Operating Revenue": 1194835000.0
    },
    "2025-03-31": {
        "Tax Effect Of Unusual Items": 0.0,
        "Tax Rate For Calcs": 0.247028,
        "Normalized EBITDA": 72647000.0,
        "Total Unusual Items": NaN,
        "Total Unusual Items Excluding Goodwill": NaN,
        "Net Income From Continuing Operation Net Minority Interest": 20017000.0,
        "Reconciled Depreciation": 49565000.0,
        "Reconciled Cost Of Revenue": 590896000.0,
        "EBITDA": 72647000.0,
        "EBIT": 23082000.0,
        "Normalized Income": 20017000.0,
        "Net Income From Continuing And Discontinued Operation": 20017000.0,
        "Total Expenses": 1149381000.0,
        "Total Operating Income As Reported": 23082000.0,
        "Diluted Average Shares": 161794287.0,
        "Basic Average Shares": 153345192.0,
        "Diluted EPS": 0.12,
        "Basic EPS": 0.13,
        "Diluted NI Availto Com Stockholders": 20017000.0,
        "Net Income Common Stockholders": 20017000.0,
        "Net Income": 20017000.0,
        "Net Income Including Noncontrolling Interests": 20017000.0,
        "Net Income Continuous Operations": 20017000.0,
        "Tax Provision": 6567000.0,
        "Pretax Income": 26584000.0,
        "Other Income Expense": 3502000.0,
        "Other Non Operating Income Expenses": 22973000.0,
        "Special Income Charges": NaN,
        "Write Off": NaN,
        "Impairment Of Capital Assets": NaN,
        "Restructuring And Mergern Acquisition": NaN,
        "Earnings From Equity Interest": -19471000.0,
        "Operating Income": 23082000.0,
        "Operating Expense": 558485000.0,
        "Research And Development": 254295000.0,
        "Selling General And Administration": 304190000.0,
        "Selling And Marketing Expense": 212113000.0,
        "General And Administrative Expense": 92077000.0,
        "Other Gand A": 92077000.0,
        "Gross Profit": 581567000.0,
        "Cost Of Revenue": 590896000.0,
        "Total Revenue": 1172463000.0,
        "Operating Revenue": 1172463000.0
    }
}