{
    "2023-03-31": {
        "Tax Effect Of Unusual Items": -4538100.0,
        "Tax Rate For Calcs": 0.21,
        "Normalized EBITDA": 15638000.0,
        "Total Unusual Items": -21610000.0,
        "Total Unusual Items Excluding Goodwill": -21610000.0,
        "Net Income From Continuing Operation Net Minority Interest": -54062000.0,
        "Reconciled Depreciation": 30020000.0,
        "Reconciled Cost Of Revenue": 68949000.0,
        "EBITDA": -5972000.0,
        "EBIT": -35992000.0,
        "Net Interest Income": -17592000.0,
        "Interest Expense": 17957000.0,
        "Interest Income": 365000.0,
        "Normalized Income": -36990100.0,
        "Net Income From Continuing And Discontinued Operation": -54062000.0,
        "Total Expenses": 253858000.0,
        "Total Operating Income As Reported": -20229000.0,
        "Diluted Average Shares": 79310434.0,
        "Basic Average Shares": 79310434.0,
        "Diluted EPS": -0.68,
        "Basic EPS": -0.68,
        "Diluted NI Availto Com Stockholders": -54062000.0,
        "Net Income Common Stockholders": -54062000.0,
        "Net Income": -54062000.0,
        "Net Income Including Noncontrolling Interests": -54062000.0,
        "Net Income Continuous Operations": -54062000.0,
        "Tax Provision": 113000.0,
        "Pretax Income": -53949000.0,
        "Other Income Expense": -21003000.0,
        "Other Non Operating Income Expenses": 607000.0,
        "Special Income Charges": -21610000.0,
        "Other Special Charges": 16735000.0,
        "Write Off": NaN,
        "Impairment Of Capital Assets": 0.0,
        "Restructuring And Mergern Acquisition": 4875000.0,
        "Net Non Operating Interest Income Expense": -17592000.0,
        "Interest Expense Non Operating": 17957000.0,
        "Interest Income Non Operating": 365000.0,
        "Operating Income": -15354000.0,
        "Operating Expense": 184909000.0,
        "Research And Development": 45484000.0,
        "Selling General And Administration": 139425000.0,
        "Selling And Marketing Expense": 100175000.0,
        "General And Administrative Expense": 39250000.0,
        "Other Gand A": 39250000.0,
        "Gross Profit": 169555000.0,
        "Cost Of Revenue": 68949000.0,
        "Total Revenue": 238504000.0,
        "Operating Revenue": 238504000.0
    },
    "2022-12-31": {
        "Tax Effect Of Unusual Items": NaN,
        "Tax Rate For Calcs": NaN,
        "Normalized EBITDA": NaN,
        "Total Unusual Items": NaN,
        "Total Unusual Items Excluding Goodwill": NaN,
        "Net Income From Continuing Operation Net Minority Interest": NaN,
        "Reconciled Depreciation": NaN,
        "Reconciled Cost Of Revenue": NaN,
        "EBITDA": NaN,
        "EBIT": NaN,
        "Net Interest Income": NaN,
        "Interest Expense": NaN,
        "Interest Income": NaN,
        "Normalized Income": NaN,
        "Net Income From Continuing And Discontinued Operation": NaN,
        "Total Expenses": NaN,
        "Total Operating Income As Reported": NaN,
        "Diluted Average Shares": NaN,
        "Basic Average Shares": NaN,
        "Diluted EPS": NaN,
        "Basic EPS": NaN,
        "Diluted NI Availto Com Stockholders": NaN,
        "Net Income Common Stockholders": NaN,
        "Net Income": NaN,
        "Net Income Including Noncontrolling Interests": NaN,
        "Net Income Continuous Operations": NaN,
        "Tax Provision": NaN,
        "Pretax Income": NaN,
        "Other Income Expense": NaN,
        "Other Non Operating Income Expenses": 4632000.0,
        "Special Income Charges": NaN,
        "Other Special Charges": NaN,
        "Write Off": NaN,
        "Impairment Of Capital Assets": NaN,
        "Restructuring And Mergern Acquisition": NaN,
        "Net Non Operating Interest Income Expense": NaN,
        "Interest Expense Non Operating": NaN,
        "Interest Income Non Operating": NaN,
        "Operating Income": NaN,
        "Operating Expense": NaN,
        "Research And Development": NaN,
        "Selling General And Administration": NaN,
        "Selling And Marketing Expense": NaN,
        "General And Administrative Expense": NaN,
        "Other Gand A": NaN,
        "Gross Profit": NaN,
        "Cost Of Revenue": NaN,
        "Total Revenue": NaN,
        "Operating Revenue": NaN
    },
    "2022-09-30": {
        "Tax Effect Of Unusual Items": NaN,
        "Tax Rate For Calcs": NaN,
        "Normalized EBITDA": NaN,
        "Total Unusual Items": NaN,
        "Total Unusual Items Excluding Goodwill": NaN,
        "Net Income From Continuing Operation Net Minority Interest": NaN,
        "Reconciled Depreciation": NaN,
        "Reconciled Cost Of Revenue": NaN,
        "EBITDA": NaN,
        "EBIT": NaN,
        "Net Interest Income": NaN,
        "Interest Expense": NaN,
        "Interest Income": NaN,
        "Normalized Income": NaN,
        "Net Income From Continuing And Discontinued Operation": NaN,
        "Total Expenses": NaN,
        "Total Operating Income As Reported": NaN,
        "Diluted Average Shares": NaN,
        "Basic Average Shares": NaN,
        "Diluted EPS": NaN,
        "Basic EPS": NaN,
        "Diluted NI Availto Com Stockholders": NaN,
        "Net Income Common Stockholders": NaN,
        "Net Income": NaN,
        "Net Income Including Noncontrolling Interests": NaN,
        "Net Income Continuous Operations": NaN,
        "Tax Provision": NaN,
        "Pretax Income": NaN,
        "Other Income Expense": NaN,
        "Other Non Operating Income Expenses": NaN,
        "Special Income Charges": NaN,
        "Other Special Charges": NaN,
        "Write Off": 79509000.0,
        "Impairment Of Capital Assets": 79509000.0,
        "Restructuring And Mergern Acquisition": NaN,
        "Net Non Operating Interest Income Expense": NaN,
        "Interest Expense Non Operating": NaN,
        "Interest Income Non Operating": NaN,
        "Operating Income": NaN,
        "Operating Expense": NaN,
        "Research And Development": NaN,
        "Selling General And Administration": NaN,
        "Selling And Marketing Expense": NaN,
        "General And Administrative Expense": NaN,
        "Other Gand A": NaN,
        "Gross Profit": NaN,
        "Cost Of Revenue": NaN,
        "Total Revenue": NaN,
        "Operating Revenue": NaN
    },
    "2022-06-30": {
        "Tax Effect Of Unusual Items": -43599.911134,
        "Tax Rate For Calcs": 0.002603,
        "Normalized EBITDA": -1015000.0,
        "Total Unusual Items": -16753000.0,
        "Total Unusual Items Excluding Goodwill": -16753000.0,
        "Net Income From Continuing Operation Net Minority Interest": -62852000.0,
        "Reconciled Depreciation": 31342000.0,
        "Reconciled Cost Of Revenue": 69206000.0,
        "EBITDA": -17768000.0,
        "EBIT": -49110000.0,
        "Net Interest Income": -13665000.0,
        "Interest Expense": 13906000.0,
        "Interest Income": 241000.0,
        "Normalized Income": -46142599.911134,
        "Net Income From Continuing And Discontinued Operation": -62852000.0,
        "Total Expenses": 272695000.0,
        "Total Operating Income As Reported": -47984000.0,
        "Diluted Average Shares": 77059157.0,
        "Basic Average Shares": 77059157.0,
        "Diluted EPS": -0.82,
        "Basic EPS": -0.82,
        "Diluted NI Availto Com Stockholders": -62852000.0,
        "Net Income Common Stockholders": -62852000.0,
        "Net Income": -62852000.0,
        "Net Income Including Noncontrolling Interests": -62852000.0,
        "Net Income Continuous Operations": -62852000.0,
        "Tax Provision": -164000.0,
        "Pretax Income": -63016000.0,
        "Other Income Expense": -18120000.0,
        "Other Non Operating Income Expenses": -1367000.0,
        "Special Income Charges": -16753000.0,
        "Other Special Charges": NaN,
        "Write Off": NaN,
        "Impairment Of Capital Assets": 0.0,
        "Restructuring And Mergern Acquisition": 16753000.0,
        "Net Non Operating Interest Income Expense": -13665000.0,
        "Interest Expense Non Operating": 13906000.0,
        "Interest Income Non Operating": 241000.0,
        "Operating Income": -31231000.0,
        "Operating Expense": 203489000.0,
        "Research And Development": 45616000.0,
        "Selling General And Administration": 157873000.0,
        "Selling And Marketing Expense": 116350000.0,
        "General And Administrative Expense": 41523000.0,
        "Other Gand A": 41523000.0,
        "Gross Profit": 172258000.0,
        "Cost Of Revenue": 69206000.0,
        "Total Revenue": 241464000.0,
        "Operating Revenue": 241464000.0
    },
    "2022-03-31": {
        "Diluted EPS": -1.65,
        "Total Revenue": 253,
        "Gross Profit": 214,
        "Operating Income": -111,
        "EBIT": -77,
        "Net Income": -126
    },
    "2021-12-31": {
        "Diluted EPS": -0.9,
        "Total Revenue": 244,
        "Gross Profit": 207,
        "Operating Income": -50,
        "EBIT": -19,
        "Net Income": -67
    },
    "2021-09-30": {
        "Diluted EPS": -0.8,
        "Total Revenue": 232,
        "Gross Profit": 198,
        "Operating Income": -44,
        "EBIT": -17,
        "Net Income": -60
    },
    "2021-06-30": {
        "Diluted EPS": -0.29,
        "Total Revenue": 237,
        "Gross Profit": 202,
        "Operating Income": -37,
        "EBIT": -11,
        "Net Income": -22
    },
    "2021-03-31": {
        "Diluted EPS": -0.62,
        "Total Revenue": 232,
        "Gross Profit": 199,
        "Operating Income": -37,
        "EBIT": -12,
        "Net Income": -46
    },
    "2020-12-31": {
        "Diluted EPS": -0.48,
        "Total Revenue": 215,
        "Gross Profit": 183,
        "Operating Income": -30,
        "EBIT": -5,
        "Net Income": -38
    },
    "2020-09-30": {
        "Diluted EPS": -0.77,
        "Total Revenue": 201,
        "Gross Profit": 169,
        "Operating Income": -46,
        "EBIT": -22,
        "Net Income": -53
    },
    "2020-06-30": {
        "Diluted EPS": -1.03,
        "Total Revenue": 183,
        "Gross Profit": 152,
        "Operating Income": -49,
        "EBIT": -25,
        "Net Income": -66
    },
    "2020-03-31": {
        "Diluted EPS": -0.94,
        "Total Revenue": 175,
        "Gross Profit": 145,
        "Operating Income": -54,
        "EBIT": -30,
        "Net Income": -60
    },
    "2019-12-31": {
        "Diluted EPS": -0.77,
        "Total Revenue": 163,
        "Gross Profit": 136,
        "Operating Income": -41,
        "EBIT": -18,
        "Net Income": -45
    },
    "2019-09-30": {
        "Diluted EPS": -2.23,
        "Total Revenue": 154,
        "Gross Profit": 126,
        "Operating Income": -135,
        "EBIT": -113,
        "Net Income": -141
    },
    "2019-06-30": {
        "Diluted EPS": -0.46,
        "Total Revenue": 135,
        "Gross Profit": 111,
        "Operating Income": -46,
        "EBIT": -31,
        "Net Income": -28
    },
    "2019-03-31": {
        "Diluted EPS": -0.37,
        "Total Revenue": 122,
        "Gross Profit": 102,
        "Operating Income": -24,
        "EBIT": -15,
        "Net Income": -22
    },
    "2018-12-31": {
        "Diluted EPS": 0.09,
        "Total Revenue": 115,
        "Gross Profit": 97,
        "Operating Income": 3,
        "EBIT": 13,
        "Net Income": 5
    },
    "2018-09-30": {
        "Diluted EPS": -0.17,
        "Total Revenue": 107,
        "Gross Profit": 90,
        "Operating Income": -12,
        "EBIT": -3,
        "Net Income": -10
    },
    "2018-06-30": {
        "Diluted EPS": -0.33,
        "Total Revenue": 97,
        "Gross Profit": 80,
        "Operating Income": -22,
        "EBIT": -15,
        "Net Income": -18
    },
    "2018-03-31": {
        "Diluted EPS": -0.28,
        "Total Revenue": 92,
        "Gross Profit": 77,
        "Operating Income": -16,
        "EBIT": -9,
        "Net Income": -15
    },
    "2017-12-31": {
        "Diluted EPS": 0.02,
        "Total Revenue": 87,
        "Gross Profit": 73,
        "Operating Income": 0,
        "EBIT": 6,
        "Net Income": 1
    },
    "2017-09-30": {
        "Diluted EPS": -0.3,
        "Total Revenue": 70,
        "Gross Profit": 57,
        "Operating Income": -16,
        "EBIT": -10,
        "Net Income": -15
    },
    "2017-06-30": {
        "Diluted EPS": -0.25,
        "Total Revenue": 65,
        "Gross Profit": 52,
        "Operating Income": -11,
        "EBIT": -7,
        "Net Income": -12
    },
    "2017-03-31": {
        "Diluted EPS": -0.07,
        "Total Revenue": 65,
        "Gross Profit": 54,
        "Operating Income": -4,
        "EBIT": 0,
        "Net Income": -3
    },
    "2016-12-31": {
        "Diluted EPS": -0.05,
        "Total Revenue": 57,
        "Gross Profit": 46,
        "Operating Income": -2,
        "EBIT": 0,
        "Net Income": -2
    },
    "2016-09-30": {
        "Diluted EPS": -0.14,
        "Total Revenue": 52,
        "Gross Profit": 42,
        "Operating Income": -7,
        "EBIT": -4,
        "Net Income": -7
    },
    "2016-06-30": {
        "Diluted EPS": -0.18,
        "Total Revenue": 49,
        "Gross Profit": 39,
        "Operating Income": -8,
        "EBIT": -6,
        "Net Income": -8
    },
    "2016-03-31": {
        "Diluted EPS": -0.07,
        "Total Revenue": 47,
        "Gross Profit": 38,
        "Operating Income": -3,
        "EBIT": -1,
        "Net Income": -3
    },
    "2015-12-31": {
        "Diluted EPS": -0.07,
        "Total Revenue": 43,
        "Gross Profit": 35,
        "Operating Income": -3,
        "EBIT": -1,
        "Net Income": -3
    },
    "2015-09-30": {
        "Diluted EPS": -0.2,
        "Total Revenue": 37,
        "Gross Profit": 29,
        "Operating Income": -8,
        "EBIT": -6,
        "Net Income": -8
    },
    "2015-06-30": {
        "Diluted EPS": -0.23,
        "Total Revenue": 35,
        "Gross Profit": 27,
        "Operating Income": -10,
        "EBIT": -8,
        "Net Income": -10
    },
    "2015-03-31": {
        "Diluted EPS": -0.13,
        "Total Revenue": 35,
        "Gross Profit": 27,
        "Operating Income": -5,
        "EBIT": -4,
        "Net Income": -5
    },
    "2014-12-31": {
        "Diluted EPS": 0.47,
        "Total Revenue": 31,
        "Gross Profit": 24,
        "Operating Income": -4,
        "EBIT": -3,
        "Net Income": -4
    },
    "2014-09-30": {
        "Diluted EPS": -0.18,
        "Total Revenue": 28,
        "Gross Profit": 22,
        "Operating Income": -7,
        "EBIT": -6,
        "Net Income": -7
    },
    "2014-06-30": {
        "Diluted EPS": -0.27,
        "Total Revenue": 25,
        "Gross Profit": 18,
        "Operating Income": -10,
        "EBIT": -9,
        "Net Income": -11
    },
    "2014-03-31": {
        "Diluted EPS": -0.93,
        "Total Revenue": 26,
        "Gross Profit": 20,
        "Operating Income": -6,
        "EBIT": -5,
        "Net Income": -7
    },
    "2013-12-31": {
        "Diluted EPS": -0.7,
        "Total Revenue": 25,
        "Gross Profit": 19,
        "Operating Income": -5,
        "EBIT": -4,
        "Net Income": -5
    },
    "2013-09-30": {
        "Diluted EPS": -1.38,
        "Total Revenue": 20,
        "Gross Profit": 15,
        "Operating Income": -10,
        "EBIT": -9,
        "Net Income": -10
    },
    "2013-06-30": {
        "Diluted EPS": -1.21,
        "Total Revenue": 19,
        "Gross Profit": 13,
        "Operating Income": -9,
        "EBIT": -8,
        "Net Income": -9
    },
    "2013-03-31": {
        "Diluted EPS": -0.52,
        "Total Revenue": 19,
        "Gross Profit": 14,
        "Operating Income": -4,
        "EBIT": -3,
        "Net Income": -4
    },
    "2012-12-31": {
        "Diluted EPS": 0.0,
        "Total Revenue": NaN,
        "Gross Profit": NaN,
        "Operating Income": NaN,
        "EBIT": NaN,
        "Net Income": NaN
    },
    "2011-12-31": {
        "Diluted EPS": 0.0,
        "Total Revenue": NaN,
        "Gross Profit": NaN,
        "Operating Income": NaN,
        "EBIT": NaN,
        "Net Income": NaN
    },
    "2023-06-30": {
        "Tax Effect Of Unusual Items": -28925190.0,
        "Tax Rate For Calcs": 0.21,
        "Normalized EBITDA": 9539000.0,
        "Total Unusual Items": -137739000.0,
        "Total Unusual Items Excluding Goodwill": -137739000.0,
        "Net Income From Continuing Operation Net Minority Interest": -173654000.0,
        "Reconciled Depreciation": 27328000.0,
        "Reconciled Cost Of Revenue": 67687000.0,
        "EBITDA": -128200000.0,
        "EBIT": -155528000.0,
        "Net Interest Income": -17545000.0,
        "Interest Expense": 17916000.0,
        "Interest Income": 371000.0,
        "Normalized Income": -64840190.0,
        "Net Income From Continuing And Discontinued Operation": -173654000.0,
        "Total Expenses": 240476000.0,
        "Total Operating Income As Reported": -156126000.0,
        "Diluted Average Shares": 80560755.0,
        "Basic Average Shares": 80560755.0,
        "Diluted EPS": -2.16,
        "Basic EPS": -2.16,
        "Diluted NI Availto Com Stockholders": -173654000.0,
        "Net Income Common Stockholders": -173654000.0,
        "Net Income": -173654000.0,
        "Net Income Including Noncontrolling Interests": -173654000.0,
        "Net Income Continuous Operations": -173654000.0,
        "Tax Provision": 210000.0,
        "Pretax Income": -173444000.0,
        "Other Income Expense": -137512000.0,
        "Other Non Operating Income Expenses": 227000.0,
        "Special Income Charges": -137739000.0,
        "Other Special Charges": NaN,
        "Write Off": NaN,
        "Impairment Of Capital Assets": 134117000.0,
        "Restructuring And Mergern Acquisition": 3622000.0,
        "Net Non Operating Interest Income Expense": -17545000.0,
        "Interest Expense Non Operating": 17916000.0,
        "Interest Income Non Operating": 371000.0,
        "Operating Income": -18387000.0,
        "Operating Expense": 172789000.0,
        "Research And Development": 44250000.0,
        "Selling General And Administration": 128539000.0,
        "Selling And Marketing Expense": 95882000.0,
        "General And Administrative Expense": 32657000.0,
        "Other Gand A": 32657000.0,
        "Gross Profit": 154402000.0,
        "Cost Of Revenue": 67687000.0,
        "Total Revenue": 222089000.0,
        "Operating Revenue": 222089000.0
    },
    "2023-09-30": {
        "Tax Effect Of Unusual Items": -2957850.0,
        "Tax Rate For Calcs": 0.21,
        "Normalized EBITDA": 15414000.0,
        "Total Unusual Items": -14085000.0,
        "Total Unusual Items Excluding Goodwill": -14085000.0,
        "Net Income From Continuing Operation Net Minority Interest": -47443000.0,
        "Reconciled Depreciation": 29498000.0,
        "Reconciled Cost Of Revenue": 63627000.0,
        "EBITDA": 1329000.0,
        "EBIT": -28169000.0,
        "Net Interest Income": -18804000.0,
        "Interest Expense": 19167000.0,
        "Interest Income": 363000.0,
        "Normalized Income": -36315850.0,
        "Net Income From Continuing And Discontinued Operation": -47443000.0,
        "Total Expenses": 242561000.0,
        "Total Operating Income As Reported": -26947000.0,
        "Diluted Average Shares": 81515246.0,
        "Basic Average Shares": 81515246.0,
        "Diluted EPS": -0.58,
        "Basic EPS": -0.58,
        "Diluted NI Availto Com Stockholders": -47443000.0,
        "Net Income Common Stockholders": -47443000.0,
        "Net Income": -47443000.0,
        "Net Income Including Noncontrolling Interests": -47443000.0,
        "Net Income Continuous Operations": -47443000.0,
        "Tax Provision": 107000.0,
        "Pretax Income": -47336000.0,
        "Other Income Expense": -15670000.0,
        "Other Non Operating Income Expenses": -1585000.0,
        "Special Income Charges": -14085000.0,
        "Other Special Charges": NaN,
        "Write Off": 0.0,
        "Impairment Of Capital Assets": NaN,
        "Restructuring And Mergern Acquisition": 14085000.0,
        "Net Non Operating Interest Income Expense": -18804000.0,
        "Interest Expense Non Operating": 19167000.0,
        "Interest Income Non Operating": 363000.0,
        "Operating Income": -12862000.0,
        "Operating Expense": 178934000.0,
        "Research And Development": 45877000.0,
        "Selling General And Administration": 133057000.0,
        "Selling And Marketing Expense": 96256000.0,
        "General And Administrative Expense": 36801000.0,
        "Other Gand A": 36801000.0,
        "Gross Profit": 166072000.0,
        "Cost Of Revenue": 63627000.0,
        "Total Revenue": 229699000.0,
        "Operating Revenue": 229699000.0
    },
    "2023-12-31": {
        "Tax Effect Of Unusual Items": -16218510.0,
        "Tax Rate For Calcs": 0.21,
        "Normalized EBITDA": 84016000.0,
        "Total Unusual Items": -77231000.0,
        "Total Unusual Items Excluding Goodwill": -77231000.0,
        "Net Income From Continuing Operation Net Minority Interest": -42448000.0,
        "Reconciled Depreciation": 28476000.0,
        "Reconciled Cost Of Revenue": 57339000.0,
        "EBITDA": 6785000.0,
        "EBIT": -21691000.0,
        "Net Interest Income": -18671000.0,
        "Interest Expense": 19533000.0,
        "Interest Income": 862000.0,
        "Normalized Income": 18564490.0,
        "Net Income From Continuing And Discontinued Operation": -42448000.0,
        "Total Expenses": 201734000.0,
        "Total Operating Income As Reported": -22501000.0,
        "Diluted Average Shares": 82140194.0,
        "Basic Average Shares": 82140194.0,
        "Diluted EPS": -0.52,
        "Basic EPS": -0.52,
        "Diluted NI Availto Com Stockholders": -42448000.0,
        "Net Income Common Stockholders": -42448000.0,
        "Net Income": -42448000.0,
        "Net Income Including Noncontrolling Interests": -42448000.0,
        "Net Income Continuous Operations": -42448000.0,
        "Tax Provision": 1224000.0,
        "Pretax Income": -41224000.0,
        "Other Income Expense": -76480000.0,
        "Other Non Operating Income Expenses": NaN,
        "Special Income Charges": -76428000.0,
        "Other Special Charges": 0.0,
        "Write Off": 62754000.0,
        "Impairment Of Capital Assets": NaN,
        "Restructuring And Mergern Acquisition": 13674000.0,
        "Net Non Operating Interest Income Expense": -18671000.0,
        "Interest Expense Non Operating": 19533000.0,
        "Interest Income Non Operating": 862000.0,
        "Operating Income": 53927000.0,
        "Operating Expense": 144395000.0,
        "Research And Development": 40607000.0,
        "Selling General And Administration": 103788000.0,
        "Selling And Marketing Expense": 79816000.0,
        "General And Administrative Expense": 23972000.0,
        "Other Gand A": 23972000.0,
        "Gross Profit": 198322000.0,
        "Cost Of Revenue": 57339000.0,
        "Total Revenue": 255661000.0,
        "Operating Revenue": 255661000.0
    },
    "2024-03-31": {
        "Tax Effect Of Unusual Items": -1890800.0,
        "Tax Rate For Calcs": 0.4,
        "Normalized EBITDA": -5736000.0,
        "Total Unusual Items": -4727000.0,
        "Total Unusual Items Excluding Goodwill": -4727000.0,
        "Net Income From Continuing Operation Net Minority Interest": -54649000.0,
        "Reconciled Depreciation": 24686000.0,
        "Reconciled Cost Of Revenue": 56563000.0,
        "EBITDA": -10463000.0,
        "EBIT": -35149000.0,
        "Net Interest Income": -18690000.0,
        "Interest Expense": 19267000.0,
        "Interest Income": 577000.0,
        "Normalized Income": -51812800.0,
        "Net Income From Continuing And Discontinued Operation": -54649000.0,
        "Total Expenses": 220972000.0,
        "Total Operating Income As Reported": -27322000.0,
        "Diluted Average Shares": 83448101.0,
        "Basic Average Shares": 83448101.0,
        "Diluted EPS": -0.65,
        "Basic EPS": -0.65,
        "Diluted NI Availto Com Stockholders": -54649000.0,
        "Net Income Common Stockholders": -54649000.0,
        "Net Income": -54649000.0,
        "Net Income Including Noncontrolling Interests": -54649000.0,
        "Net Income Continuous Operations": -54649000.0,
        "Tax Provision": 233000.0,
        "Pretax Income": -54416000.0,
        "Other Income Expense": -13131000.0,
        "Other Non Operating Income Expenses": -8404000.0,
        "Special Income Charges": -4727000.0,
        "Other Special Charges": NaN,
        "Write Off": NaN,
        "Impairment Of Capital Assets": NaN,
        "Restructuring And Mergern Acquisition": 4727000.0,
        "Net Non Operating Interest Income Expense": -18690000.0,
        "Interest Expense Non Operating": 19267000.0,
        "Interest Income Non Operating": 577000.0,
        "Operating Income": -22595000.0,
        "Operating Expense": 164409000.0,
        "Research And Development": 34995000.0,
        "Selling General And Administration": 129414000.0,
        "Selling And Marketing Expense": 89712000.0,
        "General And Administrative Expense": 39702000.0,
        "Other Gand A": 39702000.0,
        "Gross Profit": 141814000.0,
        "Cost Of Revenue": 56563000.0,
        "Total Revenue": 198377000.0,
        "Operating Revenue": 198377000.0
    }
}