{
    "2023-03-31": {
        "Tax Effect Of Unusual Items": NaN,
        "Tax Rate For Calcs": NaN,
        "Normalized EBITDA": NaN,
        "Total Unusual Items": NaN,
        "Total Unusual Items Excluding Goodwill": NaN,
        "Net Income From Continuing Operation Net Minority Interest": NaN,
        "Reconciled Depreciation": NaN,
        "Reconciled Cost Of Revenue": NaN,
        "EBITDA": NaN,
        "EBIT": NaN,
        "Net Interest Income": NaN,
        "Interest Expense": NaN,
        "Interest Income": NaN,
        "Normalized Income": NaN,
        "Net Income From Continuing And Discontinued Operation": NaN,
        "Total Expenses": NaN,
        "Total Operating Income As Reported": NaN,
        "Diluted Average Shares": 56777000.0,
        "Basic Average Shares": 56777000.0,
        "Diluted EPS": -1.04,
        "Basic EPS": -1.04,
        "Diluted NI Availto Com Stockholders": NaN,
        "Net Income Common Stockholders": NaN,
        "Net Income": NaN,
        "Net Income Including Noncontrolling Interests": NaN,
        "Net Income Continuous Operations": NaN,
        "Tax Provision": NaN,
        "Pretax Income": NaN,
        "Other Income Expense": NaN,
        "Other Non Operating Income Expenses": NaN,
        "Special Income Charges": NaN,
        "Impairment Of Capital Assets": NaN,
        "Restructuring And Mergern Acquisition": NaN,
        "Net Non Operating Interest Income Expense": NaN,
        "Interest Expense Non Operating": NaN,
        "Interest Income Non Operating": NaN,
        "Operating Income": NaN,
        "Operating Expense": NaN,
        "Research And Development": NaN,
        "Selling General And Administration": NaN,
        "Gross Profit": NaN,
        "Cost Of Revenue": NaN,
        "Total Revenue": NaN,
        "Operating Revenue": NaN
    },
    "2022-12-31": {
        "Tax Effect Of Unusual Items": 868350.0,
        "Tax Rate For Calcs": 0.21,
        "Normalized EBITDA": -40590000.0,
        "Total Unusual Items": 4135000.0,
        "Total Unusual Items Excluding Goodwill": 4135000.0,
        "Net Income From Continuing Operation Net Minority Interest": -41824000.0,
        "Reconciled Depreciation": 5292000.0,
        "Reconciled Cost Of Revenue": 29442000.0,
        "EBITDA": -36455000.0,
        "EBIT": -41747000.0,
        "Net Interest Income": 3039000.0,
        "Interest Expense": 1000.0,
        "Interest Income": 3040000.0,
        "Normalized Income": -45090650.0,
        "Net Income From Continuing And Discontinued Operation": -41824000.0,
        "Total Expenses": 103008000.0,
        "Total Operating Income As Reported": -44630000.0,
        "Diluted Average Shares": 56444000.0,
        "Basic Average Shares": 56444000.0,
        "Diluted EPS": -0.74,
        "Basic EPS": -0.74,
        "Diluted NI Availto Com Stockholders": -41824000.0,
        "Net Income Common Stockholders": -41824000.0,
        "Net Income": -41824000.0,
        "Net Income Including Noncontrolling Interests": -41824000.0,
        "Net Income Continuous Operations": -41824000.0,
        "Tax Provision": 76000.0,
        "Pretax Income": -41748000.0,
        "Other Income Expense": 3978000.0,
        "Other Non Operating Income Expenses": -157000.0,
        "Special Income Charges": 4135000.0,
        "Restructuring And Mergern Acquisition": -4135000.0,
        "Net Non Operating Interest Income Expense": 3039000.0,
        "Interest Expense Non Operating": 1000.0,
        "Interest Income Non Operating": 3040000.0,
        "Operating Income": -48765000.0,
        "Operating Expense": 73566000.0,
        "Research And Development": 31242000.0,
        "Selling General And Administration": 42324000.0,
        "Gross Profit": 24801000.0,
        "Cost Of Revenue": 29442000.0,
        "Total Revenue": 54243000.0,
        "Operating Revenue": 54243000.0
    },
    "2022-09-30": {
        "Tax Effect Of Unusual Items": 1214010.0,
        "Tax Rate For Calcs": 0.21,
        "Normalized EBITDA": -56578000.0,
        "Total Unusual Items": 5781000.0,
        "Total Unusual Items Excluding Goodwill": 5781000.0,
        "Net Income From Continuing Operation Net Minority Interest": -51115000.0,
        "Reconciled Depreciation": 4952000.0,
        "Reconciled Cost Of Revenue": 31586000.0,
        "EBITDA": -50797000.0,
        "EBIT": -50797000.0,
        "Net Interest Income": 1902000.0,
        "Interest Expense": 26000.0,
        "Interest Income": 1928000.0,
        "Normalized Income": -55681990.0,
        "Net Income From Continuing And Discontinued Operation": -51115000.0,
        "Total Expenses": 115351000.0,
        "Total Operating Income As Reported": -56871000.0,
        "Diluted Average Shares": 56267000.0,
        "Basic Average Shares": 56267000.0,
        "Diluted EPS": -0.91,
        "Basic EPS": -0.91,
        "Diluted NI Availto Com Stockholders": -51115000.0,
        "Net Income Common Stockholders": -51115000.0,
        "Net Income": -51115000.0,
        "Net Income Including Noncontrolling Interests": -51115000.0,
        "Net Income Continuous Operations": -51115000.0,
        "Tax Provision": 292000.0,
        "Pretax Income": -50823000.0,
        "Other Income Expense": 5320000.0,
        "Other Non Operating Income Expenses": -461000.0,
        "Special Income Charges": 5781000.0,
        "Gain On Sale Of Business": 4607000.0,
        "Restructuring And Mergern Acquisition": -1174000.0,
        "Net Non Operating Interest Income Expense": 1902000.0,
        "Interest Expense Non Operating": 26000.0,
        "Interest Income Non Operating": 1928000.0,
        "Operating Income": -58045000.0,
        "Operating Expense": 83765000.0,
        "Research And Development": 29606000.0,
        "Selling General And Administration": 54159000.0,
        "Gross Profit": 25720000.0,
        "Cost Of Revenue": 31586000.0,
        "Total Revenue": 57306000.0,
        "Operating Revenue": 57306000.0
    },
    "2022-06-30": {
        "Tax Effect Of Unusual Items": 10391.636172,
        "Tax Rate For Calcs": 0.002456,
        "Normalized EBITDA": -64897000.0,
        "Total Unusual Items": 4231000.0,
        "Total Unusual Items Excluding Goodwill": 4231000.0,
        "Net Income From Continuing Operation Net Minority Interest": -60517000.0,
        "Reconciled Depreciation": 4444000.0,
        "Reconciled Cost Of Revenue": 30974000.0,
        "EBITDA": -60666000.0,
        "EBIT": -60666000.0,
        "Net Interest Income": 722000.0,
        "Interest Expense": 0.0,
        "Interest Income": 722000.0,
        "Normalized Income": -64737608.363828,
        "Net Income From Continuing And Discontinued Operation": -60517000.0,
        "Total Expenses": 121507000.0,
        "Total Operating Income As Reported": -61163000.0,
        "Diluted Average Shares": 56287000.0,
        "Basic Average Shares": 56287000.0,
        "Diluted EPS": -1.08,
        "Basic EPS": -1.08,
        "Diluted NI Availto Com Stockholders": -60517000.0,
        "Net Income Common Stockholders": -60517000.0,
        "Net Income": -60517000.0,
        "Net Income Including Noncontrolling Interests": -60517000.0,
        "Net Income Continuous Operations": -60517000.0,
        "Tax Provision": -149000.0,
        "Pretax Income": -60666000.0,
        "Other Income Expense": 4006000.0,
        "Other Non Operating Income Expenses": -225000.0,
        "Special Income Charges": 4231000.0,
        "Gain On Sale Of Business": NaN,
        "Restructuring And Mergern Acquisition": -4231000.0,
        "Net Non Operating Interest Income Expense": 722000.0,
        "Interest Expense Non Operating": 0.0,
        "Interest Income Non Operating": 722000.0,
        "Operating Income": -65394000.0,
        "Operating Expense": 90533000.0,
        "Research And Development": 36840000.0,
        "Selling General And Administration": 53693000.0,
        "Gross Profit": 25139000.0,
        "Cost Of Revenue": 30974000.0,
        "Total Revenue": 56113000.0,
        "Operating Revenue": 56113000.0
    },
    "2022-03-31": {
        "Diluted EPS": -1.13,
        "Total Revenue": 48,
        "Gross Profit": 18,
        "Operating Income": -61,
        "EBIT": -57,
        "Net Income": -61
    },
    "2021-12-31": {
        "Diluted EPS": -0.91,
        "Total Revenue": 42,
        "Gross Profit": 15,
        "Operating Income": -56,
        "EBIT": -53,
        "Net Income": -46
    },
    "2021-09-30": {
        "Diluted EPS": -0.83,
        "Total Revenue": 38,
        "Gross Profit": 15,
        "Operating Income": -40,
        "EBIT": -37,
        "Net Income": -41
    },
    "2021-06-30": {
        "Diluted EPS": -0.82,
        "Total Revenue": 35,
        "Gross Profit": 14,
        "Operating Income": -42,
        "EBIT": -39,
        "Net Income": -40
    },
    "2021-03-31": {
        "Diluted EPS": -0.78,
        "Total Revenue": 31,
        "Gross Profit": 12,
        "Operating Income": -38,
        "EBIT": -36,
        "Net Income": -38
    },
    "2020-12-31": {
        "Diluted EPS": -0.72,
        "Total Revenue": 28,
        "Gross Profit": 10,
        "Operating Income": -33,
        "EBIT": -31,
        "Net Income": -33
    },
    "2020-09-30": {
        "Diluted EPS": -0.36,
        "Total Revenue": 32,
        "Gross Profit": 15,
        "Operating Income": -24,
        "EBIT": -22,
        "Net Income": -24
    },
    "2020-06-30": {
        "Diluted EPS": -0.67,
        "Total Revenue": 21,
        "Gross Profit": 5,
        "Operating Income": -28,
        "EBIT": -26,
        "Net Income": -28
    },
    "2020-03-31": {
        "Diluted EPS": -0.85,
        "Total Revenue": 19,
        "Gross Profit": 6,
        "Operating Income": -32,
        "EBIT": -30,
        "Net Income": -32
    },
    "2019-12-31": {
        "Diluted EPS": -1.69,
        "Total Revenue": 17,
        "Gross Profit": 3,
        "Operating Income": -56,
        "EBIT": -54,
        "Net Income": -56
    },
    "2019-09-30": {
        "Diluted EPS": -0.89,
        "Total Revenue": 16,
        "Gross Profit": 3,
        "Operating Income": -32,
        "EBIT": -30,
        "Net Income": -31
    },
    "2019-06-30": {
        "Diluted EPS": -0.92,
        "Total Revenue": 14,
        "Gross Profit": 2,
        "Operating Income": -28,
        "EBIT": -26,
        "Net Income": -28
    },
    "2019-03-31": {
        "Diluted EPS": -0.93,
        "Total Revenue": 14,
        "Gross Profit": 2,
        "Operating Income": -26,
        "EBIT": -25,
        "Net Income": -26
    },
    "2018-12-31": {
        "Diluted EPS": -1.18,
        "Total Revenue": 11,
        "Gross Profit": 0,
        "Operating Income": -23,
        "EBIT": -21,
        "Net Income": -23
    },
    "2018-09-30": {
        "Diluted EPS": -6.59,
        "Total Revenue": 8,
        "Gross Profit": -1,
        "Operating Income": -20,
        "EBIT": -18,
        "Net Income": -20
    },
    "2018-06-30": {
        "Diluted EPS": -6.18,
        "Total Revenue": 7,
        "Gross Profit": -1,
        "Operating Income": -17,
        "EBIT": -16,
        "Net Income": -18
    },
    "2018-03-31": {
        "Diluted EPS": -6.32,
        "Total Revenue": 6,
        "Gross Profit": -2,
        "Operating Income": -17,
        "EBIT": -15,
        "Net Income": -17
    },
    "2017-12-31": {
        "Diluted EPS": -6.42,
        "Total Revenue": 4,
        "Gross Profit": -3,
        "Operating Income": -17,
        "EBIT": -15,
        "Net Income": -17
    },
    "2017-09-30": {
        "Diluted EPS": 0.0,
        "Total Revenue": NaN,
        "Gross Profit": NaN,
        "Operating Income": NaN,
        "EBIT": NaN,
        "Net Income": NaN
    },
    "2016-09-30": {
        "Diluted EPS": 0.0,
        "Total Revenue": NaN,
        "Gross Profit": NaN,
        "Operating Income": NaN,
        "EBIT": NaN,
        "Net Income": NaN
    },
    "2023-06-30": {
        "Tax Effect Of Unusual Items": NaN,
        "Tax Rate For Calcs": NaN,
        "Normalized EBITDA": NaN,
        "Total Unusual Items": NaN,
        "Total Unusual Items Excluding Goodwill": NaN,
        "Net Income From Continuing Operation Net Minority Interest": NaN,
        "Reconciled Depreciation": NaN,
        "Reconciled Cost Of Revenue": NaN,
        "EBITDA": NaN,
        "EBIT": NaN,
        "Net Interest Income": NaN,
        "Interest Expense": NaN,
        "Interest Income": NaN,
        "Normalized Income": NaN,
        "Net Income From Continuing And Discontinued Operation": NaN,
        "Total Expenses": NaN,
        "Total Operating Income As Reported": NaN,
        "Diluted Average Shares": NaN,
        "Basic Average Shares": NaN,
        "Diluted EPS": NaN,
        "Basic EPS": NaN,
        "Diluted NI Availto Com Stockholders": NaN,
        "Net Income Common Stockholders": NaN,
        "Net Income": NaN,
        "Net Income Including Noncontrolling Interests": NaN,
        "Net Income Continuous Operations": NaN,
        "Tax Provision": NaN,
        "Pretax Income": NaN,
        "Other Income Expense": NaN,
        "Other Non Operating Income Expenses": NaN,
        "Special Income Charges": NaN,
        "Impairment Of Capital Assets": 3620000.0,
        "Restructuring And Mergern Acquisition": NaN,
        "Net Non Operating Interest Income Expense": NaN,
        "Interest Expense Non Operating": NaN,
        "Interest Income Non Operating": NaN,
        "Operating Income": NaN,
        "Operating Expense": NaN,
        "Research And Development": NaN,
        "Selling General And Administration": NaN,
        "Gross Profit": NaN,
        "Cost Of Revenue": NaN,
        "Total Revenue": NaN,
        "Operating Revenue": NaN
    },
    "2023-09-30": {
        "Tax Effect Of Unusual Items": NaN,
        "Tax Rate For Calcs": NaN,
        "Normalized EBITDA": NaN,
        "Total Unusual Items": -3497000.0,
        "Total Unusual Items Excluding Goodwill": -3497000.0,
        "Net Income From Continuing Operation Net Minority Interest": NaN,
        "Reconciled Depreciation": NaN,
        "Reconciled Cost Of Revenue": NaN,
        "EBITDA": NaN,
        "EBIT": NaN,
        "Net Interest Income": NaN,
        "Interest Expense": NaN,
        "Interest Income": NaN,
        "Normalized Income": NaN,
        "Net Income From Continuing And Discontinued Operation": NaN,
        "Total Expenses": NaN,
        "Total Operating Income As Reported": NaN,
        "Diluted Average Shares": NaN,
        "Basic Average Shares": NaN,
        "Diluted EPS": NaN,
        "Basic EPS": NaN,
        "Diluted NI Availto Com Stockholders": NaN,
        "Net Income Common Stockholders": NaN,
        "Net Income": NaN,
        "Net Income Including Noncontrolling Interests": NaN,
        "Net Income Continuous Operations": NaN,
        "Tax Provision": NaN,
        "Pretax Income": NaN,
        "Other Income Expense": NaN,
        "Other Non Operating Income Expenses": NaN,
        "Special Income Charges": -3497000.0,
        "Impairment Of Capital Assets": NaN,
        "Restructuring And Mergern Acquisition": 3497000.0,
        "Net Non Operating Interest Income Expense": NaN,
        "Interest Expense Non Operating": NaN,
        "Interest Income Non Operating": NaN,
        "Operating Income": NaN,
        "Operating Expense": NaN,
        "Research And Development": NaN,
        "Selling General And Administration": NaN,
        "Gross Profit": NaN,
        "Cost Of Revenue": NaN,
        "Total Revenue": NaN,
        "Operating Revenue": NaN
    },
    "2023-12-31": {
        "Tax Effect Of Unusual Items": NaN,
        "Tax Rate For Calcs": NaN,
        "Normalized EBITDA": NaN,
        "Total Unusual Items": 0.0,
        "Total Unusual Items Excluding Goodwill": 0.0,
        "Net Income From Continuing Operation Net Minority Interest": NaN,
        "Reconciled Depreciation": NaN,
        "Reconciled Cost Of Revenue": NaN,
        "EBITDA": NaN,
        "EBIT": NaN,
        "Net Interest Income": NaN,
        "Interest Expense": NaN,
        "Interest Income": NaN,
        "Normalized Income": NaN,
        "Net Income From Continuing And Discontinued Operation": NaN,
        "Total Expenses": NaN,
        "Total Operating Income As Reported": NaN,
        "Diluted Average Shares": NaN,
        "Basic Average Shares": NaN,
        "Diluted EPS": NaN,
        "Basic EPS": NaN,
        "Diluted NI Availto Com Stockholders": NaN,
        "Net Income Common Stockholders": NaN,
        "Net Income": NaN,
        "Net Income Including Noncontrolling Interests": NaN,
        "Net Income Continuous Operations": NaN,
        "Tax Provision": NaN,
        "Pretax Income": NaN,
        "Other Income Expense": NaN,
        "Other Non Operating Income Expenses": NaN,
        "Special Income Charges": 0.0,
        "Gain On Sale Of Business": NaN,
        "Impairment Of Capital Assets": NaN,
        "Restructuring And Mergern Acquisition": 0.0,
        "Net Non Operating Interest Income Expense": NaN,
        "Interest Expense Non Operating": NaN,
        "Interest Income Non Operating": NaN,
        "Operating Income": NaN,
        "Operating Expense": NaN,
        "Research And Development": NaN,
        "Selling General And Administration": NaN,
        "Gross Profit": NaN,
        "Cost Of Revenue": NaN,
        "Total Revenue": NaN,
        "Operating Revenue": NaN
    },
    "2024-03-31": {
        "Tax Effect Of Unusual Items": NaN,
        "Tax Rate For Calcs": NaN,
        "Normalized EBITDA": NaN,
        "Total Unusual Items": 0.0,
        "Total Unusual Items Excluding Goodwill": 0.0,
        "Net Income From Continuing Operation Net Minority Interest": NaN,
        "Reconciled Depreciation": NaN,
        "Reconciled Cost Of Revenue": NaN,
        "EBITDA": NaN,
        "EBIT": NaN,
        "Net Interest Income": NaN,
        "Interest Expense": 0.0,
        "Interest Income": NaN,
        "Normalized Income": NaN,
        "Net Income From Continuing And Discontinued Operation": NaN,
        "Total Expenses": NaN,
        "Total Operating Income As Reported": NaN,
        "Diluted Average Shares": NaN,
        "Basic Average Shares": NaN,
        "Diluted EPS": NaN,
        "Basic EPS": NaN,
        "Diluted NI Availto Com Stockholders": NaN,
        "Net Income Common Stockholders": NaN,
        "Net Income": NaN,
        "Net Income Including Noncontrolling Interests": NaN,
        "Net Income Continuous Operations": NaN,
        "Tax Provision": NaN,
        "Pretax Income": NaN,
        "Other Income Expense": NaN,
        "Other Non Operating Income Expenses": NaN,
        "Special Income Charges": 0.0,
        "Gain On Sale Of Business": NaN,
        "Impairment Of Capital Assets": NaN,
        "Restructuring And Mergern Acquisition": 0.0,
        "Net Non Operating Interest Income Expense": NaN,
        "Interest Expense Non Operating": 0.0,
        "Interest Income Non Operating": NaN,
        "Operating Income": NaN,
        "Operating Expense": NaN,
        "Research And Development": NaN,
        "Selling General And Administration": NaN,
        "Gross Profit": NaN,
        "Cost Of Revenue": NaN,
        "Total Revenue": NaN,
        "Operating Revenue": NaN
    },
    "2024-06-30": {
        "Tax Effect Of Unusual Items": -9435300.0,
        "Tax Rate For Calcs": 0.21,
        "Normalized EBITDA": 9239000.0,
        "Total Unusual Items": -44930000.0,
        "Total Unusual Items Excluding Goodwill": -44930000.0,
        "Net Income From Continuing Operation Net Minority Interest": -85571000.0,
        "Reconciled Depreciation": 8301000.0,
        "Reconciled Cost Of Revenue": 46193000.0,
        "EBITDA": -35691000.0,
        "EBIT": -43992000.0,
        "Net Interest Income": 3663000.0,
        "Interest Expense": 0.0,
        "Interest Income": 3663000.0,
        "Normalized Income": -50076300.0,
        "Net Income From Continuing And Discontinued Operation": -85571000.0,
        "Total Expenses": 125456000.0,
        "Total Operating Income As Reported": -88922000.0,
        "Diluted Average Shares": 58145000.0,
        "Basic Average Shares": 58145000.0,
        "Diluted EPS": -1.47,
        "Basic EPS": -1.47,
        "Diluted NI Availto Com Stockholders": -85571000.0,
        "Net Income Common Stockholders": -85571000.0,
        "Net Income": -85571000.0,
        "Net Income Including Noncontrolling Interests": -85571000.0,
        "Net Income Continuous Operations": -85571000.0,
        "Tax Provision": 191000.0,
        "Pretax Income": -85380000.0,
        "Other Income Expense": -45051000.0,
        "Other Non Operating Income Expenses": -121000.0,
        "Special Income Charges": -44930000.0,
        "Gain On Sale Of Business": 0.0,
        "Impairment Of Capital Assets": 44930000.0,
        "Restructuring And Mergern Acquisition": 0.0,
        "Net Non Operating Interest Income Expense": 3663000.0,
        "Interest Expense Non Operating": 0.0,
        "Interest Income Non Operating": 3663000.0,
        "Operating Income": -43992000.0,
        "Operating Expense": 79263000.0,
        "Research And Development": 22469000.0,
        "Selling General And Administration": 56794000.0,
        "Gross Profit": 35271000.0,
        "Cost Of Revenue": 46193000.0,
        "Total Revenue": 81464000.0,
        "Operating Revenue": 81464000.0
    },
    "2024-09-30": {
        "Tax Effect Of Unusual Items": 0.0,
        "Tax Rate For Calcs": 0.002763,
        "Normalized EBITDA": -28066000.0,
        "Total Unusual Items": 0.0,
        "Total Unusual Items Excluding Goodwill": 0.0,
        "Net Income From Continuing Operation Net Minority Interest": -34655000.0,
        "Reconciled Depreciation": 6656000.0,
        "Reconciled Cost Of Revenue": 46477000.0,
        "EBITDA": -28066000.0,
        "EBIT": -34722000.0,
        "Net Interest Income": 3591000.0,
        "Interest Expense": 29000.0,
        "Interest Income": 3620000.0,
        "Normalized Income": -34655000.0,
        "Net Income From Continuing And Discontinued Operation": -34655000.0,
        "Total Expenses": 120753000.0,
        "Total Operating Income As Reported": -36043000.0,
        "Diluted Average Shares": 58554000.0,
        "Basic Average Shares": 58554000.0,
        "Diluted EPS": -0.59,
        "Basic EPS": -0.59,
        "Diluted NI Availto Com Stockholders": -34655000.0,
        "Net Income Common Stockholders": -34655000.0,
        "Net Income": -34655000.0,
        "Net Income Including Noncontrolling Interests": -34655000.0,
        "Net Income Continuous Operations": -34655000.0,
        "Tax Provision": -96000.0,
        "Pretax Income": -34751000.0,
        "Other Income Expense": -2299000.0,
        "Other Non Operating Income Expenses": -2299000.0,
        "Special Income Charges": 0.0,
        "Gain On Sale Of Business": NaN,
        "Impairment Of Capital Assets": 0.0,
        "Restructuring And Mergern Acquisition": 0.0,
        "Net Non Operating Interest Income Expense": 3591000.0,
        "Interest Expense Non Operating": 29000.0,
        "Interest Income Non Operating": 3620000.0,
        "Operating Income": -36043000.0,
        "Operating Expense": 74276000.0,
        "Research And Development": 21134000.0,
        "Selling General And Administration": 53142000.0,
        "Gross Profit": 38233000.0,
        "Cost Of Revenue": 46477000.0,
        "Total Revenue": 84710000.0,
        "Operating Revenue": 84710000.0
    },
    "2024-12-31": {
        "Tax Effect Of Unusual Items": 0.0,
        "Tax Rate For Calcs": 0.21,
        "Normalized EBITDA": -25093000.0,
        "Total Unusual Items": NaN,
        "Total Unusual Items Excluding Goodwill": NaN,
        "Net Income From Continuing Operation Net Minority Interest": -31594000.0,
        "Reconciled Depreciation": 6380000.0,
        "Reconciled Cost Of Revenue": 45873000.0,
        "EBITDA": -25093000.0,
        "EBIT": -31473000.0,
        "Net Interest Income": 3216000.0,
        "Interest Expense": 24000.0,
        "Interest Income": 3240000.0,
        "Normalized Income": -31594000.0,
        "Net Income From Continuing And Discontinued Operation": -31594000.0,
        "Total Expenses": 123357000.0,
        "Total Operating Income As Reported": -34644000.0,
        "Diluted Average Shares": 59162000.0,
        "Basic Average Shares": 59162000.0,
        "Diluted EPS": -0.53,
        "Basic EPS": -0.53,
        "Diluted NI Availto Com Stockholders": -31594000.0,
        "Net Income Common Stockholders": -31594000.0,
        "Net Income": -31594000.0,
        "Net Income Including Noncontrolling Interests": -31594000.0,
        "Net Income Continuous Operations": -31594000.0,
        "Tax Provision": 97000.0,
        "Pretax Income": -31497000.0,
        "Other Income Expense": -69000.0,
        "Other Non Operating Income Expenses": -69000.0,
        "Special Income Charges": NaN,
        "Gain On Sale Of Business": NaN,
        "Impairment Of Capital Assets": NaN,
        "Restructuring And Mergern Acquisition": NaN,
        "Net Non Operating Interest Income Expense": 3216000.0,
        "Interest Expense Non Operating": 24000.0,
        "Interest Income Non Operating": 3240000.0,
        "Operating Income": -34644000.0,
        "Operating Expense": 77484000.0,
        "Research And Development": 21307000.0,
        "Selling General And Administration": 56177000.0,
        "Gross Profit": 42840000.0,
        "Cost Of Revenue": 45873000.0,
        "Total Revenue": 88713000.0,
        "Operating Revenue": 88713000.0
    },
    "2025-03-31": {
        "Tax Effect Of Unusual Items": 0.0,
        "Tax Rate For Calcs": 0.21,
        "Normalized EBITDA": -32606000.0,
        "Total Unusual Items": NaN,
        "Total Unusual Items Excluding Goodwill": NaN,
        "Net Income From Continuing Operation Net Minority Interest": -39328000.0,
        "Reconciled Depreciation": 6404000.0,
        "Reconciled Cost Of Revenue": 46765000.0,
        "EBITDA": -32606000.0,
        "EBIT": -39010000.0,
        "Net Interest Income": 2658000.0,
        "Interest Expense": 143000.0,
        "Interest Income": 2801000.0,
        "Normalized Income": -39328000.0,
        "Net Income From Continuing And Discontinued Operation": -39328000.0,
        "Total Expenses": 134353000.0,
        "Total Operating Income As Reported": -41560000.0,
        "Diluted Average Shares": 59649000.0,
        "Basic Average Shares": 59649000.0,
        "Diluted EPS": -0.66,
        "Basic EPS": -0.66,
        "Diluted NI Availto Com Stockholders": -39328000.0,
        "Net Income Common Stockholders": -39328000.0,
        "Net Income": -39328000.0,
        "Net Income Including Noncontrolling Interests": -39328000.0,
        "Net Income Continuous Operations": -39328000.0,
        "Tax Provision": 175000.0,
        "Pretax Income": -39153000.0,
        "Other Income Expense": -251000.0,
        "Other Non Operating Income Expenses": -251000.0,
        "Special Income Charges": NaN,
        "Gain On Sale Of Business": NaN,
        "Impairment Of Capital Assets": NaN,
        "Restructuring And Mergern Acquisition": NaN,
        "Net Non Operating Interest Income Expense": 2658000.0,
        "Interest Expense Non Operating": 143000.0,
        "Interest Income Non Operating": 2801000.0,
        "Operating Income": -41560000.0,
        "Operating Expense": 87588000.0,
        "Research And Development": 23917000.0,
        "Selling General And Administration": 63671000.0,
        "Gross Profit": 46028000.0,
        "Cost Of Revenue": 46765000.0,
        "Total Revenue": 92793000.0,
        "Operating Revenue": 92793000.0
    },
    "2025-06-30": {
        "Tax Effect Of Unusual Items": 453319.90671,
        "Tax Rate For Calcs": 0.00928,
        "Normalized EBITDA": -72902000.0,
        "Total Unusual Items": 48847000.0,
        "Total Unusual Items Excluding Goodwill": 48847000.0,
        "Net Income From Continuing Operation Net Minority Interest": 20390000.0,
        "Reconciled Depreciation": 6065000.0,
        "Reconciled Cost Of Revenue": 44760000.0,
        "EBITDA": -24055000.0,
        "EBIT": -30120000.0,
        "Net Interest Income": 2690000.0,
        "Interest Expense": NaN,
        "Interest Income": 2690000.0,
        "Normalized Income": -28003680.09329,
        "Net Income From Continuing And Discontinued Operation": 20390000.0,
        "Total Expenses": 126177000.0,
        "Total Operating Income As Reported": -30120000.0,
        "Diluted Average Shares": 61164000.0,
        "Basic Average Shares": 59995000.0,
        "Diluted EPS": 0.33,
        "Basic EPS": 0.34,
        "Diluted NI Availto Com Stockholders": 20390000.0,
        "Net Income Common Stockholders": 20390000.0,
        "Net Income": 20390000.0,
        "Net Income Including Noncontrolling Interests": 20390000.0,
        "Net Income Continuous Operations": 20390000.0,
        "Tax Provision": 191000.0,
        "Pretax Income": 20581000.0,
        "Other Income Expense": 48011000.0,
        "Other Non Operating Income Expenses": -836000.0,
        "Special Income Charges": 48847000.0,
        "Gain On Sale Of Business": 48847000.0,
        "Impairment Of Capital Assets": 0.0,
        "Restructuring And Mergern Acquisition": NaN,
        "Net Non Operating Interest Income Expense": 2690000.0,
        "Interest Expense Non Operating": NaN,
        "Interest Income Non Operating": 2690000.0,
        "Operating Income": -30120000.0,
        "Operating Expense": 81417000.0,
        "Research And Development": 18047000.0,
        "Selling General And Administration": 63370000.0,
        "Gross Profit": 51297000.0,
        "Cost Of Revenue": 44760000.0,
        "Total Revenue": 96057000.0,
        "Operating Revenue": 96057000.0
    }
}