{
    "2023-03-31": {
        "Tax Effect Of Unusual Items": 0.0,
        "Tax Rate For Calcs": 0.21,
        "Normalized EBITDA": -41019000.0,
        "Total Unusual Items": NaN,
        "Total Unusual Items Excluding Goodwill": NaN,
        "Net Income From Continuing Operation Net Minority Interest": -50747000.0,
        "Reconciled Depreciation": 8616000.0,
        "Reconciled Cost Of Revenue": 35895000.0,
        "EBITDA": -41019000.0,
        "EBIT": -49635000.0,
        "Net Interest Income": 3850000.0,
        "Interest Expense": 19000.0,
        "Interest Income": 3869000.0,
        "Normalized Income": -50747000.0,
        "Net Income From Continuing And Discontinued Operation": -50747000.0,
        "Total Expenses": 186273000.0,
        "Total Operating Income As Reported": -51988000.0,
        "Diluted Average Shares": 115619869.0,
        "Basic Average Shares": 115619869.0,
        "Diluted EPS": -0.44,
        "Basic EPS": -0.44,
        "Diluted NI Availto Com Stockholders": -50747000.0,
        "Net Income Common Stockholders": -50747000.0,
        "Net Income": -50747000.0,
        "Net Income Including Noncontrolling Interests": -50747000.0,
        "Net Income Continuous Operations": -50747000.0,
        "Tax Provision": 1093000.0,
        "Pretax Income": -49654000.0,
        "Other Income Expense": -1516000.0,
        "Other Non Operating Income Expenses": -1516000.0,
        "Special Income Charges": NaN,
        "Restructuring And Mergern Acquisition": NaN,
        "Net Non Operating Interest Income Expense": 3850000.0,
        "Interest Expense Non Operating": 19000.0,
        "Interest Income Non Operating": 3869000.0,
        "Operating Income": -51988000.0,
        "Operating Expense": 150378000.0,
        "Research And Development": 67098000.0,
        "Selling General And Administration": 83280000.0,
        "Gross Profit": 98390000.0,
        "Cost Of Revenue": 35895000.0,
        "Total Revenue": 134285000.0,
        "Operating Revenue": 134285000.0
    },
    "2022-12-31": {
        "Tax Effect Of Unusual Items": NaN,
        "Tax Rate For Calcs": NaN,
        "Normalized EBITDA": NaN,
        "Total Unusual Items": 0.0,
        "Total Unusual Items Excluding Goodwill": 0.0,
        "Net Income From Continuing Operation Net Minority Interest": NaN,
        "Reconciled Depreciation": NaN,
        "Reconciled Cost Of Revenue": NaN,
        "EBITDA": NaN,
        "EBIT": NaN,
        "Net Interest Income": NaN,
        "Interest Expense": NaN,
        "Interest Income": NaN,
        "Normalized Income": NaN,
        "Net Income From Continuing And Discontinued Operation": NaN,
        "Total Expenses": NaN,
        "Total Operating Income As Reported": NaN,
        "Diluted Average Shares": NaN,
        "Basic Average Shares": NaN,
        "Diluted EPS": NaN,
        "Basic EPS": NaN,
        "Diluted NI Availto Com Stockholders": NaN,
        "Net Income Common Stockholders": NaN,
        "Net Income": NaN,
        "Net Income Including Noncontrolling Interests": NaN,
        "Net Income Continuous Operations": NaN,
        "Tax Provision": NaN,
        "Pretax Income": NaN,
        "Other Income Expense": NaN,
        "Other Non Operating Income Expenses": NaN,
        "Special Income Charges": 0.0,
        "Restructuring And Mergern Acquisition": 0.0,
        "Net Non Operating Interest Income Expense": NaN,
        "Interest Expense Non Operating": NaN,
        "Interest Income Non Operating": NaN,
        "Operating Income": NaN,
        "Operating Expense": NaN,
        "Research And Development": NaN,
        "Selling General And Administration": NaN,
        "Gross Profit": NaN,
        "Cost Of Revenue": NaN,
        "Total Revenue": NaN,
        "Operating Revenue": NaN
    },
    "2022-09-30": {
        "Tax Effect Of Unusual Items": NaN,
        "Tax Rate For Calcs": NaN,
        "Normalized EBITDA": NaN,
        "Total Unusual Items": 0.0,
        "Total Unusual Items Excluding Goodwill": 0.0,
        "Net Income From Continuing Operation Net Minority Interest": NaN,
        "Reconciled Depreciation": NaN,
        "Reconciled Cost Of Revenue": NaN,
        "EBITDA": NaN,
        "EBIT": NaN,
        "Net Interest Income": NaN,
        "Interest Expense": NaN,
        "Interest Income": NaN,
        "Normalized Income": NaN,
        "Net Income From Continuing And Discontinued Operation": NaN,
        "Total Expenses": NaN,
        "Total Operating Income As Reported": NaN,
        "Diluted Average Shares": NaN,
        "Basic Average Shares": NaN,
        "Diluted EPS": NaN,
        "Basic EPS": NaN,
        "Diluted NI Availto Com Stockholders": NaN,
        "Net Income Common Stockholders": NaN,
        "Net Income": NaN,
        "Net Income Including Noncontrolling Interests": NaN,
        "Net Income Continuous Operations": NaN,
        "Tax Provision": NaN,
        "Pretax Income": NaN,
        "Other Income Expense": NaN,
        "Other Non Operating Income Expenses": NaN,
        "Special Income Charges": 0.0,
        "Restructuring And Mergern Acquisition": 0.0,
        "Net Non Operating Interest Income Expense": NaN,
        "Interest Expense Non Operating": NaN,
        "Interest Income Non Operating": NaN,
        "Operating Income": NaN,
        "Operating Expense": NaN,
        "Research And Development": NaN,
        "Selling General And Administration": NaN,
        "Gross Profit": NaN,
        "Cost Of Revenue": NaN,
        "Total Revenue": NaN,
        "Operating Revenue": NaN
    },
    "2022-06-30": {
        "Tax Effect Of Unusual Items": 0.0,
        "Tax Rate For Calcs": 0.4,
        "Normalized EBITDA": -63722000.0,
        "Total Unusual Items": 0.0,
        "Total Unusual Items Excluding Goodwill": 0.0,
        "Net Income From Continuing Operation Net Minority Interest": -64458000.0,
        "Reconciled Depreciation": 8444000.0,
        "Reconciled Cost Of Revenue": 27704000.0,
        "EBITDA": -63722000.0,
        "EBIT": -63722000.0,
        "Net Interest Income": 1129000.0,
        "Interest Expense": 109000.0,
        "Interest Income": 1238000.0,
        "Normalized Income": -64458000.0,
        "Net Income From Continuing And Discontinued Operation": -64458000.0,
        "Total Expenses": 177726000.0,
        "Total Operating Income As Reported": -63117000.0,
        "Diluted Average Shares": 113574757.0,
        "Basic Average Shares": 113574757.0,
        "Diluted EPS": -0.57,
        "Basic EPS": -0.57,
        "Diluted NI Availto Com Stockholders": -64458000.0,
        "Net Income Common Stockholders": -64458000.0,
        "Net Income": -64458000.0,
        "Net Income Including Noncontrolling Interests": -64458000.0,
        "Net Income Continuous Operations": -64458000.0,
        "Tax Provision": 627000.0,
        "Pretax Income": -63831000.0,
        "Other Income Expense": -1843000.0,
        "Other Non Operating Income Expenses": -1843000.0,
        "Special Income Charges": 0.0,
        "Restructuring And Mergern Acquisition": 0.0,
        "Net Non Operating Interest Income Expense": 1129000.0,
        "Interest Expense Non Operating": 109000.0,
        "Interest Income Non Operating": 1238000.0,
        "Operating Income": -63117000.0,
        "Operating Expense": 150022000.0,
        "Research And Development": 70685000.0,
        "Selling General And Administration": 79337000.0,
        "Gross Profit": 86905000.0,
        "Cost Of Revenue": 27704000.0,
        "Total Revenue": 114609000.0,
        "Operating Revenue": 114609000.0
    },
    "2022-03-31": {
        "Diluted EPS": -0.38,
        "Total Revenue": 114,
        "Gross Profit": 89,
        "Operating Income": -42,
        "EBIT": -34,
        "Net Income": -42
    },
    "2021-12-31": {
        "Diluted EPS": -0.17,
        "Total Revenue": 144,
        "Gross Profit": 116,
        "Operating Income": -16,
        "EBIT": -9,
        "Net Income": -18
    },
    "2021-09-30": {
        "Diluted EPS": -0.15,
        "Total Revenue": 125,
        "Gross Profit": 101,
        "Operating Income": -16,
        "EBIT": -9,
        "Net Income": -17
    },
    "2021-06-30": {
        "Diluted EPS": -0.1,
        "Total Revenue": 116,
        "Gross Profit": 111,
        "Operating Income": -10,
        "EBIT": -3,
        "Net Income": -11
    },
    "2021-03-31": {
        "Diluted EPS": -0.11,
        "Total Revenue": 106,
        "Gross Profit": 89,
        "Operating Income": -10,
        "EBIT": -4,
        "Net Income": -12
    },
    "2020-12-31": {
        "Diluted EPS": -4.09,
        "Total Revenue": 112,
        "Gross Profit": 93,
        "Operating Income": -410,
        "EBIT": -404,
        "Net Income": -416
    },
    "2020-09-30": {
        "Diluted EPS": -0.65,
        "Total Revenue": 72,
        "Gross Profit": 57,
        "Operating Income": -65,
        "EBIT": -60,
        "Net Income": -66
    },
    "2020-06-30": {
        "Diluted EPS": -0.41,
        "Total Revenue": 43,
        "Gross Profit": 33,
        "Operating Income": -39,
        "EBIT": -35,
        "Net Income": -40
    },
    "2020-03-31": {
        "Diluted EPS": -0.22,
        "Total Revenue": 72,
        "Gross Profit": 57,
        "Operating Income": -20,
        "EBIT": -16,
        "Net Income": -21
    },
    "2019-12-31": {
        "Diluted EPS": -0.07,
        "Total Revenue": 75,
        "Gross Profit": 59,
        "Operating Income": -8,
        "EBIT": -5,
        "Net Income": -7
    },
    "2019-09-30": {
        "Diluted EPS": -0.33,
        "Total Revenue": 61,
        "Gross Profit": 46,
        "Operating Income": -9,
        "EBIT": -7,
        "Net Income": -10
    },
    "2019-06-30": {
        "Diluted EPS": -0.7,
        "Total Revenue": 56,
        "Gross Profit": 41,
        "Operating Income": -10,
        "EBIT": -9,
        "Net Income": -11
    },
    "2019-03-31": {
        "Diluted EPS": -0.25,
        "Total Revenue": 54,
        "Gross Profit": 40,
        "Operating Income": -3,
        "EBIT": -2,
        "Net Income": -4
    },
    "2018-12-31": {
        "Diluted EPS": 0.0,
        "Total Revenue": NaN,
        "Gross Profit": NaN,
        "Operating Income": NaN,
        "EBIT": NaN,
        "Net Income": NaN
    },
    "2017-12-31": {
        "Diluted EPS": 0.0,
        "Total Revenue": NaN,
        "Gross Profit": NaN,
        "Operating Income": NaN,
        "EBIT": NaN,
        "Net Income": NaN
    },
    "2023-06-30": {
        "Tax Effect Of Unusual Items": 0.0,
        "Tax Rate For Calcs": 0.21,
        "Normalized EBITDA": -48885000.0,
        "Net Income From Continuing Operation Net Minority Interest": -62414000.0,
        "Reconciled Depreciation": 11877000.0,
        "Reconciled Cost Of Revenue": 47207000.0,
        "EBITDA": -48885000.0,
        "EBIT": -60762000.0,
        "Net Interest Income": 4095000.0,
        "Interest Expense": 5000.0,
        "Interest Income": 4100000.0,
        "Normalized Income": -62414000.0,
        "Net Income From Continuing And Discontinued Operation": -62414000.0,
        "Total Expenses": 210177000.0,
        "Total Operating Income As Reported": -63358000.0,
        "Diluted Average Shares": 116707672.0,
        "Basic Average Shares": 116707672.0,
        "Diluted EPS": -0.53,
        "Basic EPS": -0.53,
        "Diluted NI Availto Com Stockholders": -62414000.0,
        "Net Income Common Stockholders": -62414000.0,
        "Net Income": -62414000.0,
        "Net Income Including Noncontrolling Interests": -62414000.0,
        "Net Income Continuous Operations": -62414000.0,
        "Tax Provision": 1647000.0,
        "Pretax Income": -60767000.0,
        "Other Income Expense": -1504000.0,
        "Other Non Operating Income Expenses": -1504000.0,
        "Net Non Operating Interest Income Expense": 4095000.0,
        "Interest Expense Non Operating": 5000.0,
        "Interest Income Non Operating": 4100000.0,
        "Operating Income": -63358000.0,
        "Operating Expense": 162970000.0,
        "Research And Development": 71460000.0,
        "Selling General And Administration": 91510000.0,
        "Gross Profit": 99612000.0,
        "Cost Of Revenue": 47207000.0,
        "Total Revenue": 146819000.0,
        "Operating Revenue": 146819000.0
    },
    "2023-09-30": {
        "Tax Effect Of Unusual Items": NaN,
        "Tax Rate For Calcs": NaN,
        "Normalized EBITDA": NaN,
        "Total Unusual Items": NaN,
        "Total Unusual Items Excluding Goodwill": NaN,
        "Net Income From Continuing Operation Net Minority Interest": NaN,
        "Reconciled Depreciation": NaN,
        "Reconciled Cost Of Revenue": NaN,
        "EBITDA": NaN,
        "EBIT": NaN,
        "Net Interest Income": NaN,
        "Interest Expense": NaN,
        "Interest Income": NaN,
        "Normalized Income": NaN,
        "Net Income From Continuing And Discontinued Operation": NaN,
        "Total Expenses": NaN,
        "Total Operating Income As Reported": NaN,
        "Diluted Average Shares": NaN,
        "Basic Average Shares": NaN,
        "Diluted EPS": NaN,
        "Basic EPS": NaN,
        "Diluted NI Availto Com Stockholders": NaN,
        "Net Income Common Stockholders": NaN,
        "Net Income": NaN,
        "Net Income Including Noncontrolling Interests": NaN,
        "Net Income Continuous Operations": NaN,
        "Tax Provision": NaN,
        "Pretax Income": NaN,
        "Other Income Expense": NaN,
        "Other Non Operating Income Expenses": NaN,
        "Special Income Charges": NaN,
        "Other Special Charges": 41402000.0,
        "Net Non Operating Interest Income Expense": NaN,
        "Interest Expense Non Operating": NaN,
        "Interest Income Non Operating": NaN,
        "Operating Income": NaN,
        "Operating Expense": NaN,
        "Research And Development": NaN,
        "Selling General And Administration": NaN,
        "Gross Profit": NaN,
        "Cost Of Revenue": NaN,
        "Total Revenue": NaN,
        "Operating Revenue": NaN
    },
    "2023-12-31": {
        "Tax Effect Of Unusual Items": NaN,
        "Tax Rate For Calcs": NaN,
        "Normalized EBITDA": NaN,
        "Total Unusual Items": -19578000.0,
        "Total Unusual Items Excluding Goodwill": -19578000.0,
        "Net Income From Continuing Operation Net Minority Interest": NaN,
        "Reconciled Depreciation": NaN,
        "Reconciled Cost Of Revenue": NaN,
        "EBITDA": NaN,
        "EBIT": NaN,
        "Net Interest Income": NaN,
        "Interest Expense": NaN,
        "Interest Income": NaN,
        "Normalized Income": NaN,
        "Net Income From Continuing And Discontinued Operation": NaN,
        "Total Expenses": NaN,
        "Total Operating Income As Reported": NaN,
        "Diluted Average Shares": NaN,
        "Basic Average Shares": NaN,
        "Diluted EPS": NaN,
        "Basic EPS": NaN,
        "Diluted NI Availto Com Stockholders": NaN,
        "Net Income Common Stockholders": NaN,
        "Net Income": NaN,
        "Net Income Including Noncontrolling Interests": NaN,
        "Net Income Continuous Operations": NaN,
        "Tax Provision": NaN,
        "Pretax Income": NaN,
        "Other Income Expense": NaN,
        "Other Non Operating Income Expenses": NaN,
        "Special Income Charges": -19578000.0,
        "Other Special Charges": 19578000.0,
        "Net Non Operating Interest Income Expense": NaN,
        "Interest Expense Non Operating": NaN,
        "Interest Income Non Operating": NaN,
        "Operating Income": NaN,
        "Operating Expense": NaN,
        "Research And Development": NaN,
        "Selling General And Administration": NaN,
        "Gross Profit": NaN,
        "Cost Of Revenue": NaN,
        "Total Revenue": NaN,
        "Operating Revenue": NaN
    },
    "2024-03-31": {
        "Tax Effect Of Unusual Items": 0.0,
        "Tax Rate For Calcs": 0.21,
        "Normalized EBITDA": -46308000.0,
        "Total Unusual Items": 0.0,
        "Total Unusual Items Excluding Goodwill": 0.0,
        "Net Income From Continuing Operation Net Minority Interest": -59949000.0,
        "Reconciled Depreciation": 11494000.0,
        "Reconciled Cost Of Revenue": 48092000.0,
        "EBITDA": -46308000.0,
        "EBIT": -57802000.0,
        "Net Interest Income": 4735000.0,
        "Interest Expense": 1000.0,
        "Interest Income": 4736000.0,
        "Normalized Income": -59949000.0,
        "Net Income From Continuing And Discontinued Operation": -59949000.0,
        "Total Expenses": 202504000.0,
        "Total Operating Income As Reported": -61498000.0,
        "Diluted Average Shares": 119394180.0,
        "Basic Average Shares": 119394180.0,
        "Diluted EPS": -0.5,
        "Basic EPS": -0.5,
        "Diluted NI Availto Com Stockholders": -59949000.0,
        "Net Income Common Stockholders": -59949000.0,
        "Net Income": -59949000.0,
        "Net Income Including Noncontrolling Interests": -59949000.0,
        "Net Income Continuous Operations": -59949000.0,
        "Tax Provision": 2146000.0,
        "Pretax Income": -57803000.0,
        "Other Income Expense": -1040000.0,
        "Other Non Operating Income Expenses": -1040000.0,
        "Special Income Charges": 0.0,
        "Other Special Charges": NaN,
        "Net Non Operating Interest Income Expense": 4735000.0,
        "Interest Expense Non Operating": 1000.0,
        "Interest Income Non Operating": 4736000.0,
        "Operating Income": -61498000.0,
        "Operating Expense": 154412000.0,
        "Research And Development": 68638000.0,
        "Selling General And Administration": 85774000.0,
        "Gross Profit": 92914000.0,
        "Cost Of Revenue": 48092000.0,
        "Total Revenue": 141006000.0,
        "Operating Revenue": 141006000.0
    },
    "2024-06-30": {
        "Tax Effect Of Unusual Items": 0.0,
        "Tax Rate For Calcs": 0.21,
        "Normalized EBITDA": -26178000.0,
        "Total Unusual Items": NaN,
        "Total Unusual Items Excluding Goodwill": NaN,
        "Net Income From Continuing Operation Net Minority Interest": -37897000.0,
        "Reconciled Depreciation": 10900000.0,
        "Reconciled Cost Of Revenue": 48884000.0,
        "EBITDA": -26178000.0,
        "EBIT": -37078000.0,
        "Net Interest Income": 4714000.0,
        "Interest Expense": 1000.0,
        "Interest Income": 4715000.0,
        "Normalized Income": -37897000.0,
        "Net Income From Continuing And Discontinued Operation": -37897000.0,
        "Total Expenses": 194841000.0,
        "Total Operating Income As Reported": -41737000.0,
        "Diluted Average Shares": 120066972.0,
        "Basic Average Shares": 120066972.0,
        "Diluted EPS": -0.32,
        "Basic EPS": -0.32,
        "Diluted NI Availto Com Stockholders": -37897000.0,
        "Net Income Common Stockholders": -37897000.0,
        "Net Income": -37897000.0,
        "Net Income Including Noncontrolling Interests": -37897000.0,
        "Net Income Continuous Operations": -37897000.0,
        "Tax Provision": 818000.0,
        "Pretax Income": -37079000.0,
        "Other Income Expense": -56000.0,
        "Other Non Operating Income Expenses": -56000.0,
        "Special Income Charges": NaN,
        "Other Special Charges": NaN,
        "Net Non Operating Interest Income Expense": 4714000.0,
        "Interest Expense Non Operating": 1000.0,
        "Interest Income Non Operating": 4715000.0,
        "Operating Income": -41737000.0,
        "Operating Expense": 145957000.0,
        "Research And Development": 62918000.0,
        "Selling General And Administration": 83039000.0,
        "Gross Profit": 104220000.0,
        "Cost Of Revenue": 48884000.0,
        "Total Revenue": 153104000.0,
        "Operating Revenue": 153104000.0
    },
    "2024-09-30": {
        "Tax Effect Of Unusual Items": 0.0,
        "Tax Rate For Calcs": 0.21,
        "Normalized EBITDA": -23686000.0,
        "Total Unusual Items": 0.0,
        "Total Unusual Items Excluding Goodwill": 0.0,
        "Net Income From Continuing Operation Net Minority Interest": -35753000.0,
        "Reconciled Depreciation": 10750000.0,
        "Reconciled Cost Of Revenue": 45261000.0,
        "EBITDA": -23686000.0,
        "EBIT": -34436000.0,
        "Net Interest Income": 4969000.0,
        "Interest Expense": 2000.0,
        "Interest Income": 4971000.0,
        "Normalized Income": -35753000.0,
        "Net Income From Continuing And Discontinued Operation": -35753000.0,
        "Total Expenses": 193139000.0,
        "Total Operating Income As Reported": -41485000.0,
        "Diluted Average Shares": 120733030.0,
        "Basic Average Shares": 120733030.0,
        "Diluted EPS": -0.3,
        "Basic EPS": -0.3,
        "Diluted NI Availto Com Stockholders": -35753000.0,
        "Net Income Common Stockholders": -35753000.0,
        "Net Income": -35753000.0,
        "Net Income Including Noncontrolling Interests": -35753000.0,
        "Net Income Continuous Operations": -35753000.0,
        "Tax Provision": 1315000.0,
        "Pretax Income": -34438000.0,
        "Other Income Expense": 2078000.0,
        "Other Non Operating Income Expenses": 2078000.0,
        "Special Income Charges": 0.0,
        "Other Special Charges": NaN,
        "Net Non Operating Interest Income Expense": 4969000.0,
        "Interest Expense Non Operating": 2000.0,
        "Interest Income Non Operating": 4971000.0,
        "Operating Income": -41485000.0,
        "Operating Expense": 147878000.0,
        "Research And Development": 66174000.0,
        "Selling General And Administration": 81704000.0,
        "Gross Profit": 106393000.0,
        "Cost Of Revenue": 45261000.0,
        "Total Revenue": 151654000.0,
        "Operating Revenue": 151654000.0
    },
    "2024-12-31": {
        "Tax Effect Of Unusual Items": 0.0,
        "Tax Rate For Calcs": 0.21,
        "Normalized EBITDA": -37816000.0,
        "Total Unusual Items": 0.0,
        "Total Unusual Items Excluding Goodwill": 0.0,
        "Net Income From Continuing Operation Net Minority Interest": -49028000.0,
        "Reconciled Depreciation": 10564000.0,
        "Reconciled Cost Of Revenue": 54066000.0,
        "EBITDA": -37816000.0,
        "EBIT": -48380000.0,
        "Net Interest Income": 4026000.0,
        "Interest Expense": 0.0,
        "Interest Income": 4026000.0,
        "Normalized Income": -49028000.0,
        "Net Income From Continuing And Discontinued Operation": -49028000.0,
        "Total Expenses": 214860000.0,
        "Total Operating Income As Reported": -49839000.0,
        "Diluted Average Shares": 121596351.0,
        "Basic Average Shares": 121596351.0,
        "Diluted EPS": -0.4,
        "Basic EPS": -0.4,
        "Diluted NI Availto Com Stockholders": -49028000.0,
        "Net Income Common Stockholders": -49028000.0,
        "Net Income": -49028000.0,
        "Net Income Including Noncontrolling Interests": -49028000.0,
        "Net Income Continuous Operations": -49028000.0,
        "Tax Provision": 648000.0,
        "Pretax Income": -48380000.0,
        "Other Income Expense": -2567000.0,
        "Other Non Operating Income Expenses": -2567000.0,
        "Special Income Charges": 0.0,
        "Other Special Charges": NaN,
        "Net Non Operating Interest Income Expense": 4026000.0,
        "Interest Expense Non Operating": 0.0,
        "Interest Income Non Operating": 4026000.0,
        "Operating Income": -49839000.0,
        "Operating Expense": 160794000.0,
        "Research And Development": 66968000.0,
        "Selling General And Administration": 93826000.0,
        "Gross Profit": 110955000.0,
        "Cost Of Revenue": 54066000.0,
        "Total Revenue": 165021000.0,
        "Operating Revenue": 165021000.0
    },
    "2025-03-31": {
        "Tax Effect Of Unusual Items": 1932000.0,
        "Tax Rate For Calcs": 0.21,
        "Normalized EBITDA": -32892000.0,
        "Total Unusual Items": 9200000.0,
        "Total Unusual Items Excluding Goodwill": 9200000.0,
        "Net Income From Continuing Operation Net Minority Interest": -34358000.0,
        "Reconciled Depreciation": 9814000.0,
        "Reconciled Cost Of Revenue": 49438000.0,
        "EBITDA": -23692000.0,
        "EBIT": -33506000.0,
        "Net Interest Income": 3686000.0,
        "Interest Expense": 0.0,
        "Interest Income": 3686000.0,
        "Normalized Income": -41626000.0,
        "Net Income From Continuing And Discontinued Operation": -34358000.0,
        "Total Expenses": 203411000.0,
        "Total Operating Income As Reported": -39328000.0,
        "Diluted Average Shares": 122606091.0,
        "Basic Average Shares": 122606091.0,
        "Diluted EPS": -0.28,
        "Basic EPS": -0.28,
        "Diluted NI Availto Com Stockholders": -34358000.0,
        "Net Income Common Stockholders": -34358000.0,
        "Net Income": -34358000.0,
        "Net Income Including Noncontrolling Interests": -34358000.0,
        "Net Income Continuous Operations": -34358000.0,
        "Tax Provision": 852000.0,
        "Pretax Income": -33506000.0,
        "Other Income Expense": 11336000.0,
        "Other Non Operating Income Expenses": 2136000.0,
        "Special Income Charges": 9200000.0,
        "Other Special Charges": -9200000.0,
        "Net Non Operating Interest Income Expense": 3686000.0,
        "Interest Expense Non Operating": 0.0,
        "Interest Income Non Operating": 3686000.0,
        "Operating Income": -48528000.0,
        "Operating Expense": 153973000.0,
        "Research And Development": 64245000.0,
        "Selling General And Administration": 89728000.0,
        "Gross Profit": 105445000.0,
        "Cost Of Revenue": 49438000.0,
        "Total Revenue": 154883000.0,
        "Operating Revenue": 154883000.0
    }
}