{
    "2023-06-30": {
        "Tax Effect Of Unusual Items": NaN,
        "Tax Rate For Calcs": NaN,
        "Normalized EBITDA": NaN,
        "Total Unusual Items": NaN,
        "Total Unusual Items Excluding Goodwill": NaN,
        "Net Income From Continuing Operation Net Minority Interest": NaN,
        "Reconciled Depreciation": NaN,
        "Reconciled Cost Of Revenue": NaN,
        "EBITDA": NaN,
        "EBIT": NaN,
        "Net Interest Income": NaN,
        "Interest Income": 996000.0,
        "Normalized Income": NaN,
        "Net Income From Continuing And Discontinued Operation": NaN,
        "Total Expenses": NaN,
        "Rent Expense Supplemental": NaN,
        "Total Operating Income As Reported": NaN,
        "Diluted Average Shares": NaN,
        "Basic Average Shares": NaN,
        "Diluted EPS": NaN,
        "Basic EPS": NaN,
        "Diluted NI Availto Com Stockholders": NaN,
        "Net Income Common Stockholders": NaN,
        "Net Income": NaN,
        "Minority Interests": NaN,
        "Net Income Including Noncontrolling Interests": NaN,
        "Net Income Continuous Operations": NaN,
        "Tax Provision": NaN,
        "Pretax Income": NaN,
        "Other Income Expense": NaN,
        "Special Income Charges": NaN,
        "Other Special Charges": 5671000.0,
        "Write Off": 78000.0,
        "Impairment Of Capital Assets": NaN,
        "Earnings From Equity Interest": NaN,
        "Net Non Operating Interest Income Expense": NaN,
        "Total Other Finance Cost": -996000.0,
        "Interest Income Non Operating": 996000.0,
        "Operating Income": NaN,
        "Operating Expense": NaN,
        "Other Operating Expenses": NaN,
        "Depreciation Amortization Depletion Income Statement": NaN,
        "Depreciation And Amortization In Income Statement": NaN,
        "Selling General And Administration": NaN,
        "General And Administrative Expense": NaN,
        "Other Gand A": NaN,
        "Gross Profit": NaN,
        "Cost Of Revenue": NaN,
        "Total Revenue": NaN,
        "Operating Revenue": NaN
    },
    "2023-03-31": {
        "Tax Effect Of Unusual Items": NaN,
        "Tax Rate For Calcs": NaN,
        "Normalized EBITDA": NaN,
        "Total Unusual Items": NaN,
        "Total Unusual Items Excluding Goodwill": NaN,
        "Net Income From Continuing Operation Net Minority Interest": NaN,
        "Reconciled Depreciation": NaN,
        "Reconciled Cost Of Revenue": NaN,
        "EBITDA": NaN,
        "EBIT": NaN,
        "Net Interest Income": NaN,
        "Interest Income": 1238000.0,
        "Normalized Income": NaN,
        "Net Income From Continuing And Discontinued Operation": NaN,
        "Total Expenses": NaN,
        "Rent Expense Supplemental": NaN,
        "Total Operating Income As Reported": NaN,
        "Diluted Average Shares": NaN,
        "Basic Average Shares": NaN,
        "Diluted EPS": NaN,
        "Basic EPS": NaN,
        "Diluted NI Availto Com Stockholders": NaN,
        "Net Income Common Stockholders": NaN,
        "Net Income": NaN,
        "Minority Interests": NaN,
        "Net Income Including Noncontrolling Interests": NaN,
        "Net Income Continuous Operations": NaN,
        "Tax Provision": NaN,
        "Pretax Income": NaN,
        "Other Income Expense": NaN,
        "Special Income Charges": NaN,
        "Other Special Charges": NaN,
        "Write Off": NaN,
        "Impairment Of Capital Assets": NaN,
        "Earnings From Equity Interest": NaN,
        "Net Non Operating Interest Income Expense": NaN,
        "Total Other Finance Cost": NaN,
        "Interest Income Non Operating": 1238000.0,
        "Operating Income": NaN,
        "Operating Expense": NaN,
        "Other Operating Expenses": 5377000.0,
        "Depreciation Amortization Depletion Income Statement": NaN,
        "Depreciation And Amortization In Income Statement": NaN,
        "Selling General And Administration": NaN,
        "General And Administrative Expense": NaN,
        "Other Gand A": NaN,
        "Gross Profit": NaN,
        "Cost Of Revenue": NaN,
        "Total Revenue": NaN,
        "Operating Revenue": NaN
    },
    "2022-12-31": {
        "Tax Effect Of Unusual Items": NaN,
        "Tax Rate For Calcs": NaN,
        "Normalized EBITDA": NaN,
        "Total Unusual Items": NaN,
        "Total Unusual Items Excluding Goodwill": NaN,
        "Net Income From Continuing Operation Net Minority Interest": NaN,
        "Reconciled Depreciation": NaN,
        "Reconciled Cost Of Revenue": NaN,
        "EBITDA": NaN,
        "EBIT": NaN,
        "Net Interest Income": NaN,
        "Interest Expense": -753000.0,
        "Interest Income": NaN,
        "Normalized Income": NaN,
        "Net Income From Continuing And Discontinued Operation": NaN,
        "Total Expenses": NaN,
        "Rent Expense Supplemental": NaN,
        "Total Operating Income As Reported": NaN,
        "Diluted Average Shares": NaN,
        "Basic Average Shares": NaN,
        "Diluted EPS": NaN,
        "Basic EPS": NaN,
        "Diluted NI Availto Com Stockholders": NaN,
        "Net Income Common Stockholders": NaN,
        "Net Income": NaN,
        "Minority Interests": NaN,
        "Net Income Including Noncontrolling Interests": NaN,
        "Net Income Continuous Operations": NaN,
        "Tax Provision": NaN,
        "Pretax Income": NaN,
        "Other Income Expense": NaN,
        "Special Income Charges": NaN,
        "Other Special Charges": NaN,
        "Write Off": NaN,
        "Impairment Of Capital Assets": 1063000.0,
        "Earnings From Equity Interest": NaN,
        "Net Non Operating Interest Income Expense": NaN,
        "Total Other Finance Cost": NaN,
        "Interest Expense Non Operating": -753000.0,
        "Interest Income Non Operating": NaN,
        "Operating Income": NaN,
        "Operating Expense": NaN,
        "Other Operating Expenses": 6568000.0,
        "Depreciation Amortization Depletion Income Statement": NaN,
        "Depreciation And Amortization In Income Statement": NaN,
        "Selling General And Administration": NaN,
        "General And Administrative Expense": NaN,
        "Other Gand A": NaN,
        "Gross Profit": NaN,
        "Cost Of Revenue": NaN,
        "Total Revenue": NaN,
        "Operating Revenue": NaN
    },
    "2022-09-30": {
        "Tax Effect Of Unusual Items": NaN,
        "Tax Rate For Calcs": NaN,
        "Normalized EBITDA": NaN,
        "Total Unusual Items": NaN,
        "Total Unusual Items Excluding Goodwill": NaN,
        "Net Income From Continuing Operation Net Minority Interest": NaN,
        "Reconciled Depreciation": NaN,
        "Reconciled Cost Of Revenue": NaN,
        "EBITDA": NaN,
        "EBIT": NaN,
        "Net Interest Income": NaN,
        "Interest Expense": 85000.0,
        "Interest Income": NaN,
        "Normalized Income": NaN,
        "Net Income From Continuing And Discontinued Operation": NaN,
        "Total Expenses": NaN,
        "Rent Expense Supplemental": NaN,
        "Total Operating Income As Reported": NaN,
        "Diluted Average Shares": NaN,
        "Basic Average Shares": NaN,
        "Diluted EPS": NaN,
        "Basic EPS": NaN,
        "Diluted NI Availto Com Stockholders": NaN,
        "Net Income Common Stockholders": NaN,
        "Net Income": NaN,
        "Minority Interests": NaN,
        "Net Income Including Noncontrolling Interests": NaN,
        "Net Income Continuous Operations": NaN,
        "Tax Provision": NaN,
        "Pretax Income": NaN,
        "Other Income Expense": NaN,
        "Special Income Charges": NaN,
        "Other Special Charges": NaN,
        "Write Off": NaN,
        "Impairment Of Capital Assets": NaN,
        "Earnings From Equity Interest": NaN,
        "Net Non Operating Interest Income Expense": NaN,
        "Total Other Finance Cost": NaN,
        "Interest Expense Non Operating": 85000.0,
        "Interest Income Non Operating": NaN,
        "Operating Income": NaN,
        "Operating Expense": NaN,
        "Other Operating Expenses": NaN,
        "Depreciation Amortization Depletion Income Statement": NaN,
        "Depreciation And Amortization In Income Statement": NaN,
        "Selling General And Administration": NaN,
        "General And Administrative Expense": NaN,
        "Other Gand A": NaN,
        "Gross Profit": NaN,
        "Cost Of Revenue": NaN,
        "Total Revenue": NaN,
        "Operating Revenue": NaN
    },
    "2022-06-30": {
        "Tax Effect Of Unusual Items": -55063.914579,
        "Tax Rate For Calcs": 0.133975,
        "Normalized EBITDA": 121294000.0,
        "Total Unusual Items": -411000.0,
        "Total Unusual Items Excluding Goodwill": -411000.0,
        "Net Income From Continuing Operation Net Minority Interest": 72419000.0,
        "Reconciled Depreciation": 34420000.0,
        "Reconciled Cost Of Revenue": 849321000.0,
        "EBITDA": 120883000.0,
        "EBIT": 86463000.0,
        "Net Interest Income": -395000.0,
        "Interest Expense": 395000.0,
        "Interest Income": NaN,
        "Normalized Income": 72774936.085421,
        "Net Income From Continuing And Discontinued Operation": 72419000.0,
        "Total Expenses": 938277000.0,
        "Rent Expense Supplemental": 16714000.0,
        "Total Operating Income As Reported": 85918000.0,
        "Diluted Average Shares": 67890000.0,
        "Basic Average Shares": 67654000.0,
        "Diluted EPS": 1.07,
        "Basic EPS": 1.07,
        "Diluted NI Availto Com Stockholders": 72419000.0,
        "Net Income Common Stockholders": 72419000.0,
        "Net Income": 72419000.0,
        "Minority Interests": -2118000.0,
        "Net Income Including Noncontrolling Interests": 74537000.0,
        "Net Income Continuous Operations": 74537000.0,
        "Tax Provision": 11531000.0,
        "Pretax Income": 86068000.0,
        "Other Income Expense": 134000.0,
        "Special Income Charges": -411000.0,
        "Other Special Charges": NaN,
        "Impairment Of Capital Assets": 411000.0,
        "Earnings From Equity Interest": 545000.0,
        "Net Non Operating Interest Income Expense": -395000.0,
        "Total Other Finance Cost": NaN,
        "Interest Expense Non Operating": 395000.0,
        "Interest Income Non Operating": NaN,
        "Operating Income": 86329000.0,
        "Operating Expense": 88956000.0,
        "Other Operating Expenses": 5323000.0,
        "Depreciation Amortization Depletion Income Statement": 34420000.0,
        "Depreciation And Amortization In Income Statement": 34420000.0,
        "Selling General And Administration": 49213000.0,
        "General And Administrative Expense": 49213000.0,
        "Other Gand A": 49213000.0,
        "Gross Profit": 175285000.0,
        "Cost Of Revenue": 849321000.0,
        "Total Revenue": 1024606000.0,
        "Operating Revenue": 1024606000.0
    },
    "2022-03-31": {
        "Diluted EPS": 1.08,
        "Total Revenue": 987,
        "Gross Profit": 168,
        "Operating Income": 90,
        "EBIT": 124,
        "Net Income": 75
    },
    "2021-12-31": {
        "Diluted EPS": 0.76,
        "Total Revenue": 896,
        "Gross Profit": 147,
        "Operating Income": 65,
        "EBIT": 97,
        "Net Income": 53
    },
    "2021-09-30": {
        "Diluted EPS": 0.75,
        "Total Revenue": 869,
        "Gross Profit": 141,
        "Operating Income": 62,
        "EBIT": 93,
        "Net Income": 53
    },
    "2021-06-30": {
        "Diluted EPS": 1.08,
        "Total Revenue": 899,
        "Gross Profit": 165,
        "Operating Income": 90,
        "EBIT": 121,
        "Net Income": 75
    },
    "2021-03-31": {
        "Diluted EPS": 0.91,
        "Total Revenue": 801,
        "Gross Profit": 153,
        "Operating Income": 81,
        "EBIT": 112,
        "Net Income": 64
    },
    "2020-12-31": {
        "Diluted EPS": 0.28,
        "Total Revenue": 638,
        "Gross Profit": 89,
        "Operating Income": 20,
        "EBIT": 51,
        "Net Income": 20
    },
    "2020-09-30": {
        "Diluted EPS": 0.42,
        "Total Revenue": 631,
        "Gross Profit": 96,
        "Operating Income": 35,
        "EBIT": 64,
        "Net Income": 29
    },
    "2020-06-30": {
        "Diluted EPS": -0.48,
        "Total Revenue": 476,
        "Gross Profit": 15,
        "Operating Income": -47,
        "EBIT": -18,
        "Net Income": -34
    },
    "2020-03-31": {
        "Diluted EPS": 0.23,
        "Total Revenue": 653,
        "Gross Profit": 84,
        "Operating Income": 16,
        "EBIT": 45,
        "Net Income": 16
    },
    "2019-12-31": {
        "Diluted EPS": 0.61,
        "Total Revenue": 725,
        "Gross Profit": 129,
        "Operating Income": 53,
        "EBIT": 84,
        "Net Income": 43
    },
    "2019-09-30": {
        "Diluted EPS": 0.52,
        "Total Revenue": 650,
        "Gross Profit": 113,
        "Operating Income": 45,
        "EBIT": 73,
        "Net Income": 37
    },
    "2019-06-30": {
        "Diluted EPS": 0.63,
        "Total Revenue": 690,
        "Gross Profit": 126,
        "Operating Income": 53,
        "EBIT": 82,
        "Net Income": 45
    },
    "2019-03-31": {
        "Diluted EPS": 0.7,
        "Total Revenue": 691,
        "Gross Profit": 128,
        "Operating Income": 60,
        "EBIT": 88,
        "Net Income": 50
    },
    "2018-12-31": {
        "Diluted EPS": 0.42,
        "Total Revenue": 606,
        "Gross Profit": 101,
        "Operating Income": 33,
        "EBIT": 59,
        "Net Income": 30
    },
    "2018-09-30": {
        "Diluted EPS": 0.4,
        "Total Revenue": 595,
        "Gross Profit": 101,
        "Operating Income": 35,
        "EBIT": 61,
        "Net Income": 29
    },
    "2018-06-30": {
        "Diluted EPS": 0.62,
        "Total Revenue": 629,
        "Gross Profit": 119,
        "Operating Income": 54,
        "EBIT": 79,
        "Net Income": 44
    },
    "2018-03-31": {
        "Diluted EPS": 0.76,
        "Total Revenue": 628,
        "Gross Profit": 125,
        "Operating Income": 65,
        "EBIT": 89,
        "Net Income": 55
    },
    "2017-12-31": {
        "Diluted EPS": 0.4,
        "Total Revenue": 545,
        "Gross Profit": 96,
        "Operating Income": 37,
        "EBIT": 62,
        "Net Income": 29
    },
    "2017-09-30": {
        "Diluted EPS": 0.43,
        "Total Revenue": 541,
        "Gross Profit": 100,
        "Operating Income": 46,
        "EBIT": 69,
        "Net Income": 31
    },
    "2017-06-30": {
        "Diluted EPS": 0.53,
        "Total Revenue": 566,
        "Gross Profit": 111,
        "Operating Income": 54,
        "EBIT": 77,
        "Net Income": 38
    },
    "2017-03-31": {
        "Diluted EPS": 0.48,
        "Total Revenue": 568,
        "Gross Profit": 117,
        "Operating Income": 49,
        "EBIT": 72,
        "Net Income": 34
    },
    "2016-12-31": {
        "Diluted EPS": 0.3,
        "Total Revenue": 485,
        "Gross Profit": 86,
        "Operating Income": 31,
        "EBIT": 53,
        "Net Income": 21
    },
    "2016-09-30": {
        "Diluted EPS": 0.36,
        "Total Revenue": 482,
        "Gross Profit": 91,
        "Operating Income": 38,
        "EBIT": 59,
        "Net Income": 26
    },
    "2016-06-30": {
        "Diluted EPS": 0.47,
        "Total Revenue": 509,
        "Gross Profit": 101,
        "Operating Income": 50,
        "EBIT": 70,
        "Net Income": 34
    },
    "2016-03-31": {
        "Diluted EPS": 0.5,
        "Total Revenue": 516,
        "Gross Profit": 107,
        "Operating Income": 53,
        "EBIT": 72,
        "Net Income": 36
    },
    "2015-12-31": {
        "Diluted EPS": 0.32,
        "Total Revenue": 454,
        "Gross Profit": 83,
        "Operating Income": 34,
        "EBIT": 52,
        "Net Income": 23
    },
    "2015-09-30": {
        "Diluted EPS": 0.29,
        "Total Revenue": 438,
        "Gross Profit": 76,
        "Operating Income": 31,
        "EBIT": 48,
        "Net Income": 20
    },
    "2015-06-30": {
        "Diluted EPS": 0.3,
        "Total Revenue": 455,
        "Gross Profit": 77,
        "Operating Income": 32,
        "EBIT": 49,
        "Net Income": 21
    },
    "2015-03-31": {
        "Diluted EPS": 0.46,
        "Total Revenue": 460,
        "Gross Profit": 91,
        "Operating Income": 49,
        "EBIT": 65,
        "Net Income": 32
    },
    "2014-12-31": {
        "Diluted EPS": 0.26,
        "Total Revenue": 404,
        "Gross Profit": 70,
        "Operating Income": 27,
        "EBIT": 43,
        "Net Income": 19
    },
    "2014-09-30": {
        "Diluted EPS": 0.27,
        "Total Revenue": 385,
        "Gross Profit": 67,
        "Operating Income": 29,
        "EBIT": 44,
        "Net Income": 19
    },
    "2014-06-30": {
        "Diluted EPS": 0.33,
        "Total Revenue": 395,
        "Gross Profit": 75,
        "Operating Income": 34,
        "EBIT": 49,
        "Net Income": 23
    },
    "2014-03-31": {
        "Diluted EPS": 0.37,
        "Total Revenue": 397,
        "Gross Profit": 79,
        "Operating Income": 40,
        "EBIT": 54,
        "Net Income": 26
    },
    "2013-12-31": {
        "Diluted EPS": 0.24,
        "Total Revenue": 376,
        "Gross Profit": 66,
        "Operating Income": 26,
        "EBIT": 41,
        "Net Income": 17
    },
    "2013-09-30": {
        "Diluted EPS": 0.24,
        "Total Revenue": 335,
        "Gross Profit": 60,
        "Operating Income": 26,
        "EBIT": 38,
        "Net Income": 17
    },
    "2013-06-30": {
        "Diluted EPS": 0.28,
        "Total Revenue": 352,
        "Gross Profit": 68,
        "Operating Income": 30,
        "EBIT": 42,
        "Net Income": 20
    },
    "2013-03-31": {
        "Diluted EPS": 0.37,
        "Total Revenue": 360,
        "Gross Profit": 71,
        "Operating Income": 38,
        "EBIT": 50,
        "Net Income": 26
    },
    "2012-12-31": {
        "Diluted EPS": 0.2,
        "Total Revenue": 310,
        "Gross Profit": 57,
        "Operating Income": 22,
        "EBIT": 34,
        "Net Income": 14
    },
    "2012-09-30": {
        "Diluted EPS": 0.25,
        "Total Revenue": 309,
        "Gross Profit": 58,
        "Operating Income": 28,
        "EBIT": 40,
        "Net Income": 18
    },
    "2012-06-30": {
        "Diluted EPS": 0.28,
        "Total Revenue": 320,
        "Gross Profit": 63,
        "Operating Income": 31,
        "EBIT": 43,
        "Net Income": 20
    },
    "2012-03-31": {
        "Diluted EPS": 0.27,
        "Total Revenue": 325,
        "Gross Profit": 64,
        "Operating Income": 29,
        "EBIT": 41,
        "Net Income": 19
    },
    "2011-12-31": {
        "Diluted EPS": 0.17,
        "Total Revenue": 277,
        "Gross Profit": 49,
        "Operating Income": 18,
        "EBIT": 29,
        "Net Income": 12
    },
    "2011-09-30": {
        "Diluted EPS": 0.22,
        "Total Revenue": 269,
        "Gross Profit": 50,
        "Operating Income": 23,
        "EBIT": 34,
        "Net Income": 16
    },
    "2011-06-30": {
        "Diluted EPS": 0.22,
        "Total Revenue": 280,
        "Gross Profit": 53,
        "Operating Income": 24,
        "EBIT": 34,
        "Net Income": 16
    },
    "2011-03-31": {
        "Diluted EPS": 0.27,
        "Total Revenue": 284,
        "Gross Profit": 57,
        "Operating Income": 30,
        "EBIT": 41,
        "Net Income": 20
    },
    "2010-12-31": {
        "Diluted EPS": 0.13,
        "Total Revenue": 245,
        "Gross Profit": 44,
        "Operating Income": 16,
        "EBIT": 26,
        "Net Income": 10
    },
    "2010-09-30": {
        "Diluted EPS": 0.19,
        "Total Revenue": 246,
        "Gross Profit": 46,
        "Operating Income": 21,
        "EBIT": 32,
        "Net Income": 14
    },
    "2010-06-30": {
        "Diluted EPS": 0.21,
        "Total Revenue": 255,
        "Gross Profit": 50,
        "Operating Income": 23,
        "EBIT": 34,
        "Net Income": 15
    },
    "2010-03-31": {
        "Diluted EPS": 0.27,
        "Total Revenue": 260,
        "Gross Profit": 54,
        "Operating Income": 30,
        "EBIT": 40,
        "Net Income": 19
    },
    "2009-12-31": {
        "Diluted EPS": 0.13,
        "Total Revenue": 227,
        "Gross Profit": 41,
        "Operating Income": 15,
        "EBIT": 25,
        "Net Income": 9
    },
    "2009-09-30": {
        "Diluted EPS": 0.15,
        "Total Revenue": 226,
        "Gross Profit": 41,
        "Operating Income": 17,
        "EBIT": 28,
        "Net Income": 11
    },
    "2009-06-30": {
        "Diluted EPS": 0.19,
        "Total Revenue": 242,
        "Gross Profit": 46,
        "Operating Income": 21,
        "EBIT": 32,
        "Net Income": 14
    },
    "2009-03-31": {
        "Diluted EPS": 0.2,
        "Total Revenue": 246,
        "Gross Profit": 46,
        "Operating Income": 22,
        "EBIT": 33,
        "Net Income": 14
    },
    "2023-09-30": {
        "Tax Effect Of Unusual Items": NaN,
        "Tax Rate For Calcs": NaN,
        "Normalized EBITDA": NaN,
        "Total Unusual Items": NaN,
        "Total Unusual Items Excluding Goodwill": NaN,
        "Net Income From Continuing Operation Net Minority Interest": NaN,
        "Reconciled Depreciation": NaN,
        "Reconciled Cost Of Revenue": NaN,
        "EBITDA": NaN,
        "EBIT": NaN,
        "Net Interest Income": NaN,
        "Interest Income": NaN,
        "Normalized Income": NaN,
        "Net Income From Continuing And Discontinued Operation": NaN,
        "Total Expenses": NaN,
        "Rent Expense Supplemental": NaN,
        "Total Operating Income As Reported": NaN,
        "Diluted Average Shares": NaN,
        "Basic Average Shares": NaN,
        "Diluted EPS": NaN,
        "Basic EPS": NaN,
        "Diluted NI Availto Com Stockholders": NaN,
        "Net Income Common Stockholders": NaN,
        "Net Income": NaN,
        "Minority Interests": NaN,
        "Net Income Including Noncontrolling Interests": NaN,
        "Net Income Continuous Operations": NaN,
        "Tax Provision": NaN,
        "Pretax Income": NaN,
        "Other Income Expense": NaN,
        "Special Income Charges": NaN,
        "Other Special Charges": NaN,
        "Write Off": -2000.0,
        "Impairment Of Capital Assets": NaN,
        "Earnings From Equity Interest": NaN,
        "Net Non Operating Interest Income Expense": NaN,
        "Total Other Finance Cost": -496000.0,
        "Interest Income Non Operating": NaN,
        "Operating Income": NaN,
        "Operating Expense": NaN,
        "Other Operating Expenses": NaN,
        "Depreciation Amortization Depletion Income Statement": NaN,
        "Depreciation And Amortization In Income Statement": NaN,
        "Selling General And Administration": NaN,
        "General And Administrative Expense": NaN,
        "Other Gand A": NaN,
        "Gross Profit": NaN,
        "Cost Of Revenue": NaN,
        "Total Revenue": NaN,
        "Operating Revenue": NaN
    },
    "2023-12-31": {
        "Tax Effect Of Unusual Items": NaN,
        "Tax Rate For Calcs": NaN,
        "Normalized EBITDA": NaN,
        "Total Unusual Items": NaN,
        "Total Unusual Items Excluding Goodwill": NaN,
        "Net Income From Continuing Operation Net Minority Interest": NaN,
        "Reconciled Depreciation": NaN,
        "Reconciled Cost Of Revenue": NaN,
        "EBITDA": NaN,
        "EBIT": NaN,
        "Net Interest Income": NaN,
        "Interest Income": NaN,
        "Normalized Income": NaN,
        "Net Income From Continuing And Discontinued Operation": NaN,
        "Total Expenses": NaN,
        "Rent Expense Supplemental": NaN,
        "Total Operating Income As Reported": NaN,
        "Diluted Average Shares": NaN,
        "Basic Average Shares": NaN,
        "Diluted EPS": NaN,
        "Basic EPS": NaN,
        "Diluted NI Availto Com Stockholders": NaN,
        "Net Income Common Stockholders": NaN,
        "Net Income": NaN,
        "Minority Interests": NaN,
        "Net Income Including Noncontrolling Interests": NaN,
        "Net Income Continuous Operations": NaN,
        "Tax Provision": NaN,
        "Pretax Income": NaN,
        "Other Income Expense": NaN,
        "Special Income Charges": NaN,
        "Other Special Charges": NaN,
        "Write Off": 144000.0,
        "Impairment Of Capital Assets": NaN,
        "Earnings From Equity Interest": NaN,
        "Net Non Operating Interest Income Expense": NaN,
        "Total Other Finance Cost": -254000.0,
        "Interest Income Non Operating": NaN,
        "Operating Income": NaN,
        "Operating Expense": NaN,
        "Other Operating Expenses": NaN,
        "Depreciation Amortization Depletion Income Statement": NaN,
        "Depreciation And Amortization In Income Statement": NaN,
        "Selling General And Administration": NaN,
        "General And Administrative Expense": NaN,
        "Other Gand A": NaN,
        "Gross Profit": NaN,
        "Cost Of Revenue": NaN,
        "Total Revenue": NaN,
        "Operating Revenue": NaN
    },
    "2024-03-31": {
        "Tax Effect Of Unusual Items": NaN,
        "Tax Rate For Calcs": NaN,
        "Normalized EBITDA": NaN,
        "Total Unusual Items": NaN,
        "Total Unusual Items Excluding Goodwill": NaN,
        "Net Income From Continuing Operation Net Minority Interest": NaN,
        "Reconciled Depreciation": NaN,
        "Reconciled Cost Of Revenue": NaN,
        "EBITDA": NaN,
        "EBIT": NaN,
        "Net Interest Income": NaN,
        "Interest Income": 1408000.0,
        "Normalized Income": NaN,
        "Net Income From Continuing And Discontinued Operation": NaN,
        "Total Expenses": NaN,
        "Rent Expense Supplemental": NaN,
        "Total Operating Income As Reported": NaN,
        "Diluted Average Shares": NaN,
        "Basic Average Shares": NaN,
        "Diluted EPS": NaN,
        "Basic EPS": NaN,
        "Diluted NI Availto Com Stockholders": NaN,
        "Net Income Common Stockholders": NaN,
        "Net Income": NaN,
        "Minority Interests": NaN,
        "Net Income Including Noncontrolling Interests": NaN,
        "Net Income Continuous Operations": NaN,
        "Tax Provision": NaN,
        "Pretax Income": NaN,
        "Other Income Expense": NaN,
        "Special Income Charges": NaN,
        "Other Special Charges": NaN,
        "Write Off": 201000.0,
        "Impairment Of Capital Assets": NaN,
        "Earnings From Equity Interest": NaN,
        "Net Non Operating Interest Income Expense": NaN,
        "Total Other Finance Cost": NaN,
        "Interest Income Non Operating": 1408000.0,
        "Operating Income": NaN,
        "Operating Expense": NaN,
        "Other Operating Expenses": NaN,
        "Depreciation Amortization Depletion Income Statement": NaN,
        "Depreciation And Amortization In Income Statement": NaN,
        "Selling General And Administration": NaN,
        "General And Administrative Expense": NaN,
        "Other Gand A": NaN,
        "Gross Profit": NaN,
        "Cost Of Revenue": NaN,
        "Total Revenue": NaN,
        "Operating Revenue": NaN
    },
    "2024-06-30": {
        "Tax Effect Of Unusual Items": NaN,
        "Tax Rate For Calcs": NaN,
        "Normalized EBITDA": NaN,
        "Total Unusual Items": NaN,
        "Total Unusual Items Excluding Goodwill": NaN,
        "Net Income From Continuing Operation Net Minority Interest": NaN,
        "Reconciled Depreciation": NaN,
        "Reconciled Cost Of Revenue": NaN,
        "EBITDA": NaN,
        "EBIT": NaN,
        "Net Interest Income": NaN,
        "Interest Income": 1683000.0,
        "Normalized Income": NaN,
        "Net Income From Continuing And Discontinued Operation": NaN,
        "Total Expenses": NaN,
        "Rent Expense Supplemental": NaN,
        "Total Operating Income As Reported": NaN,
        "Diluted Average Shares": NaN,
        "Basic Average Shares": NaN,
        "Diluted EPS": NaN,
        "Basic EPS": NaN,
        "Diluted NI Availto Com Stockholders": NaN,
        "Net Income Common Stockholders": NaN,
        "Net Income": NaN,
        "Minority Interests": NaN,
        "Net Income Including Noncontrolling Interests": NaN,
        "Net Income Continuous Operations": NaN,
        "Tax Provision": NaN,
        "Pretax Income": NaN,
        "Other Income Expense": NaN,
        "Special Income Charges": NaN,
        "Other Special Charges": 6202000.0,
        "Write Off": 90000.0,
        "Impairment Of Capital Assets": 90000.0,
        "Earnings From Equity Interest": NaN,
        "Net Non Operating Interest Income Expense": NaN,
        "Total Other Finance Cost": NaN,
        "Interest Income Non Operating": 1683000.0,
        "Operating Income": NaN,
        "Operating Expense": NaN,
        "Other Operating Expenses": NaN,
        "Depreciation Amortization Depletion Income Statement": NaN,
        "Depreciation And Amortization In Income Statement": NaN,
        "Selling General And Administration": NaN,
        "General And Administrative Expense": NaN,
        "Other Gand A": NaN,
        "Gross Profit": NaN,
        "Cost Of Revenue": NaN,
        "Total Revenue": NaN,
        "Operating Revenue": NaN
    },
    "2024-09-30": {
        "Tax Effect Of Unusual Items": -140948.0,
        "Tax Rate For Calcs": 0.167,
        "Normalized EBITDA": 148221000.0,
        "Total Unusual Items": -844000.0,
        "Total Unusual Items Excluding Goodwill": -844000.0,
        "Net Income From Continuing Operation Net Minority Interest": 84412000.0,
        "Reconciled Depreciation": 44510000.0,
        "Reconciled Cost Of Revenue": 1063209000.0,
        "EBITDA": 147377000.0,
        "EBIT": 102867000.0,
        "Net Interest Income": 1916000.0,
        "Interest Income": NaN,
        "Normalized Income": 85115052.0,
        "Net Income From Continuing And Discontinued Operation": 84412000.0,
        "Total Expenses": 1170132000.0,
        "Rent Expense Supplemental": 20162000.0,
        "Total Operating Income As Reported": 102023000.0,
        "Diluted Average Shares": 66943000.0,
        "Basic Average Shares": 66704000.0,
        "Diluted EPS": 1.26,
        "Basic EPS": 1.27,
        "Diluted NI Availto Com Stockholders": 84412000.0,
        "Net Income Common Stockholders": 84412000.0,
        "Net Income": 84412000.0,
        "Minority Interests": -2362000.0,
        "Net Income Including Noncontrolling Interests": 86774000.0,
        "Net Income Continuous Operations": 86774000.0,
        "Tax Provision": 17400000.0,
        "Pretax Income": 104174000.0,
        "Other Income Expense": -609000.0,
        "Special Income Charges": -844000.0,
        "Other Special Charges": NaN,
        "Write Off": NaN,
        "Impairment Of Capital Assets": 844000.0,
        "Earnings From Equity Interest": 235000.0,
        "Net Non Operating Interest Income Expense": 1916000.0,
        "Total Other Finance Cost": -1916000.0,
        "Interest Income Non Operating": NaN,
        "Operating Income": 102867000.0,
        "Operating Expense": 106923000.0,
        "Other Operating Expenses": 7282000.0,
        "Depreciation Amortization Depletion Income Statement": 44510000.0,
        "Depreciation And Amortization In Income Statement": 44510000.0,
        "Selling General And Administration": 55131000.0,
        "General And Administrative Expense": 55131000.0,
        "Other Gand A": 55131000.0,
        "Gross Profit": 209790000.0,
        "Cost Of Revenue": 1063209000.0,
        "Total Revenue": 1272999000.0,
        "Operating Revenue": 1272999000.0
    },
    "2024-12-31": {
        "Tax Effect Of Unusual Items": -14375.023093,
        "Tax Rate For Calcs": 0.157967,
        "Normalized EBITDA": 187973000.0,
        "Total Unusual Items": -91000.0,
        "Total Unusual Items Excluding Goodwill": -91000.0,
        "Net Income From Continuing Operation Net Minority Interest": 115833000.0,
        "Reconciled Depreciation": 49239000.0,
        "Reconciled Cost Of Revenue": 1186131000.0,
        "EBITDA": 187882000.0,
        "EBIT": 138643000.0,
        "Net Interest Income": 1767000.0,
        "Interest Income": NaN,
        "Normalized Income": 115909624.976907,
        "Net Income From Continuing And Discontinued Operation": 115833000.0,
        "Total Expenses": 1299271000.0,
        "Rent Expense Supplemental": 21017000.0,
        "Total Operating Income As Reported": 138552000.0,
        "Diluted Average Shares": 66998000.0,
        "Basic Average Shares": 66680000.0,
        "Diluted EPS": 1.73,
        "Basic EPS": 1.74,
        "Diluted NI Availto Com Stockholders": 115833000.0,
        "Net Income Common Stockholders": 115833000.0,
        "Net Income": 115833000.0,
        "Minority Interests": -2673000.0,
        "Net Income Including Noncontrolling Interests": 118506000.0,
        "Net Income Continuous Operations": 118506000.0,
        "Tax Provision": 22232000.0,
        "Pretax Income": 140738000.0,
        "Other Income Expense": 328000.0,
        "Special Income Charges": -91000.0,
        "Other Special Charges": NaN,
        "Write Off": NaN,
        "Impairment Of Capital Assets": 91000.0,
        "Earnings From Equity Interest": 419000.0,
        "Net Non Operating Interest Income Expense": 1767000.0,
        "Total Other Finance Cost": -1767000.0,
        "Interest Income Non Operating": NaN,
        "Operating Income": 138643000.0,
        "Operating Expense": 113140000.0,
        "Other Operating Expenses": 6511000.0,
        "Depreciation Amortization Depletion Income Statement": 49239000.0,
        "Depreciation And Amortization In Income Statement": 49239000.0,
        "Selling General And Administration": 57390000.0,
        "General And Administrative Expense": 57390000.0,
        "Other Gand A": 57390000.0,
        "Gross Profit": 251783000.0,
        "Cost Of Revenue": 1186131000.0,
        "Total Revenue": 1437914000.0,
        "Operating Revenue": 1437914000.0
    },
    "2025-03-31": {
        "Tax Effect Of Unusual Items": -4144.0,
        "Tax Rate For Calcs": 0.148,
        "Normalized EBITDA": 183589000.0,
        "Total Unusual Items": -28000.0,
        "Total Unusual Items Excluding Goodwill": -28000.0,
        "Net Income From Continuing Operation Net Minority Interest": 113662000.0,
        "Reconciled Depreciation": 48800000.0,
        "Reconciled Cost Of Revenue": 1201058000.0,
        "EBITDA": 183561000.0,
        "EBIT": 134761000.0,
        "Net Interest Income": 1301000.0,
        "Interest Income": 1301000.0,
        "Normalized Income": 113685856.0,
        "Net Income From Continuing And Discontinued Operation": 113662000.0,
        "Total Expenses": 1312887000.0,
        "Rent Expense Supplemental": 22477000.0,
        "Total Operating Income As Reported": 134733000.0,
        "Diluted Average Shares": 66714000.0,
        "Basic Average Shares": 66485000.0,
        "Diluted EPS": 1.7,
        "Basic EPS": 1.71,
        "Diluted NI Availto Com Stockholders": 113662000.0,
        "Net Income Common Stockholders": 113662000.0,
        "Net Income": 113662000.0,
        "Minority Interests": -2397000.0,
        "Net Income Including Noncontrolling Interests": 116059000.0,
        "Net Income Continuous Operations": 116059000.0,
        "Tax Provision": 20200000.0,
        "Pretax Income": 136259000.0,
        "Other Income Expense": 197000.0,
        "Special Income Charges": -28000.0,
        "Other Special Charges": NaN,
        "Write Off": NaN,
        "Impairment Of Capital Assets": NaN,
        "Earnings From Equity Interest": 225000.0,
        "Net Non Operating Interest Income Expense": 1301000.0,
        "Total Other Finance Cost": NaN,
        "Interest Income Non Operating": 1301000.0,
        "Operating Income": 134761000.0,
        "Operating Expense": 111829000.0,
        "Other Operating Expenses": 6812000.0,
        "Depreciation Amortization Depletion Income Statement": 48800000.0,
        "Depreciation And Amortization In Income Statement": 48800000.0,
        "Selling General And Administration": 56217000.0,
        "General And Administrative Expense": 56217000.0,
        "Other Gand A": 56217000.0,
        "Gross Profit": 246590000.0,
        "Cost Of Revenue": 1201058000.0,
        "Total Revenue": 1447648000.0,
        "Operating Revenue": 1447648000.0
    },
    "2025-06-30": {
        "Tax Effect Of Unusual Items": -16539.0,
        "Tax Rate For Calcs": 0.149,
        "Normalized EBITDA": 197307000.0,
        "Total Unusual Items": -111000.0,
        "Total Unusual Items Excluding Goodwill": -111000.0,
        "Net Income From Continuing Operation Net Minority Interest": 124085000.0,
        "Reconciled Depreciation": 50744000.0,
        "Reconciled Cost Of Revenue": 1246631000.0,
        "EBITDA": 197196000.0,
        "EBIT": 146452000.0,
        "Net Interest Income": 1044000.0,
        "Interest Income": 1044000.0,
        "Normalized Income": 124179461.0,
        "Net Income From Continuing And Discontinued Operation": 124085000.0,
        "Total Expenses": 1365602000.0,
        "Rent Expense Supplemental": 23028000.0,
        "Total Operating Income As Reported": 146341000.0,
        "Diluted Average Shares": 66598000.0,
        "Basic Average Shares": 66373000.0,
        "Diluted EPS": 1.86,
        "Basic EPS": 1.87,
        "Diluted NI Availto Com Stockholders": 124085000.0,
        "Net Income Common Stockholders": 124085000.0,
        "Net Income": 124085000.0,
        "Minority Interests": -2608000.0,
        "Net Income Including Noncontrolling Interests": 126693000.0,
        "Net Income Continuous Operations": 126693000.0,
        "Tax Provision": 22118000.0,
        "Pretax Income": 148811000.0,
        "Other Income Expense": 1315000.0,
        "Special Income Charges": -111000.0,
        "Other Special Charges": NaN,
        "Write Off": NaN,
        "Impairment Of Capital Assets": 111000.0,
        "Earnings From Equity Interest": 1426000.0,
        "Net Non Operating Interest Income Expense": 1044000.0,
        "Total Other Finance Cost": NaN,
        "Interest Income Non Operating": 1044000.0,
        "Operating Income": 146452000.0,
        "Operating Expense": 118971000.0,
        "Other Operating Expenses": 5464000.0,
        "Depreciation Amortization Depletion Income Statement": 50744000.0,
        "Depreciation And Amortization In Income Statement": 50744000.0,
        "Selling General And Administration": 62763000.0,
        "General And Administrative Expense": 62763000.0,
        "Other Gand A": 62763000.0,
        "Gross Profit": 265423000.0,
        "Cost Of Revenue": 1246631000.0,
        "Total Revenue": 1512054000.0,
        "Operating Revenue": 1512054000.0
    },
    "2025-09-30": {
        "Tax Effect Of Unusual Items": -18340.0,
        "Tax Rate For Calcs": 0.131,
        "Normalized EBITDA": 149857000.0,
        "Total Unusual Items": -140000.0,
        "Total Unusual Items Excluding Goodwill": -140000.0,
        "Net Income From Continuing Operation Net Minority Interest": 83172000.0,
        "Reconciled Depreciation": 52628000.0,
        "Reconciled Cost Of Revenue": 1224830000.0,
        "EBITDA": 149717000.0,
        "EBIT": 97089000.0,
        "Net Interest Income": 643000.0,
        "Interest Income": NaN,
        "Normalized Income": 83293660.0,
        "Net Income From Continuing And Discontinued Operation": 83172000.0,
        "Total Expenses": 1339253000.0,
        "Rent Expense Supplemental": 23085000.0,
        "Total Operating Income As Reported": 96949000.0,
        "Diluted Average Shares": 66476000.0,
        "Basic Average Shares": 66358000.0,
        "Diluted EPS": 1.25,
        "Basic EPS": 1.25,
        "Diluted NI Availto Com Stockholders": 83172000.0,
        "Net Income Common Stockholders": 83172000.0,
        "Net Income": 83172000.0,
        "Minority Interests": -1728000.0,
        "Net Income Including Noncontrolling Interests": 84900000.0,
        "Net Income Continuous Operations": 84900000.0,
        "Tax Provision": 12812000.0,
        "Pretax Income": 97712000.0,
        "Other Income Expense": -20000.0,
        "Special Income Charges": -140000.0,
        "Other Special Charges": NaN,
        "Write Off": NaN,
        "Impairment Of Capital Assets": 140000.0,
        "Earnings From Equity Interest": 120000.0,
        "Net Non Operating Interest Income Expense": 643000.0,
        "Total Other Finance Cost": -643000.0,
        "Interest Income Non Operating": NaN,
        "Operating Income": 97089000.0,
        "Operating Expense": 114423000.0,
        "Other Operating Expenses": 7419000.0,
        "Depreciation Amortization Depletion Income Statement": 52628000.0,
        "Depreciation And Amortization In Income Statement": 52628000.0,
        "Selling General And Administration": 54376000.0,
        "General And Administrative Expense": 54376000.0,
        "Other Gand A": 54376000.0,
        "Gross Profit": 211512000.0,
        "Cost Of Revenue": 1224830000.0,
        "Total Revenue": 1436342000.0,
        "Operating Revenue": 1436342000.0
    }
}