{
    "2023-06-30": {
        "Tax Effect Of Unusual Items": NaN,
        "Tax Rate For Calcs": NaN,
        "Normalized EBITDA": NaN,
        "Net Income From Continuing Operation Net Minority Interest": NaN,
        "Reconciled Depreciation": NaN,
        "Reconciled Cost Of Revenue": NaN,
        "EBITDA": NaN,
        "EBIT": NaN,
        "Normalized Income": NaN,
        "Net Income From Continuing And Discontinued Operation": NaN,
        "Total Expenses": NaN,
        "Total Operating Income As Reported": NaN,
        "Diluted Average Shares": NaN,
        "Basic Average Shares": NaN,
        "Diluted EPS": NaN,
        "Basic EPS": NaN,
        "Diluted NI Availto Com Stockholders": NaN,
        "Net Income Common Stockholders": NaN,
        "Net Income": NaN,
        "Minority Interests": NaN,
        "Net Income Including Noncontrolling Interests": NaN,
        "Net Income Discontinuous Operations": NaN,
        "Net Income Continuous Operations": NaN,
        "Tax Provision": NaN,
        "Pretax Income": NaN,
        "Other Income Expense": NaN,
        "Other Non Operating Income Expenses": NaN,
        "Operating Income": NaN,
        "Operating Expense": NaN,
        "Other Operating Expenses": 518000.0,
        "Research And Development": NaN,
        "Selling General And Administration": NaN,
        "Selling And Marketing Expense": NaN,
        "General And Administrative Expense": NaN,
        "Other Gand A": NaN,
        "Gross Profit": NaN,
        "Cost Of Revenue": NaN,
        "Total Revenue": NaN,
        "Operating Revenue": NaN
    },
    "2023-03-31": {
        "Tax Effect Of Unusual Items": NaN,
        "Tax Rate For Calcs": NaN,
        "Normalized EBITDA": NaN,
        "Net Income From Continuing Operation Net Minority Interest": NaN,
        "Reconciled Depreciation": NaN,
        "Reconciled Cost Of Revenue": NaN,
        "EBITDA": NaN,
        "EBIT": NaN,
        "Normalized Income": NaN,
        "Net Income From Continuing And Discontinued Operation": NaN,
        "Total Expenses": NaN,
        "Total Operating Income As Reported": NaN,
        "Diluted Average Shares": NaN,
        "Basic Average Shares": NaN,
        "Diluted EPS": NaN,
        "Basic EPS": NaN,
        "Diluted NI Availto Com Stockholders": NaN,
        "Net Income Common Stockholders": NaN,
        "Net Income": NaN,
        "Minority Interests": NaN,
        "Net Income Including Noncontrolling Interests": NaN,
        "Net Income Discontinuous Operations": NaN,
        "Net Income Continuous Operations": NaN,
        "Tax Provision": NaN,
        "Pretax Income": NaN,
        "Other Income Expense": NaN,
        "Other Non Operating Income Expenses": NaN,
        "Operating Income": NaN,
        "Operating Expense": NaN,
        "Other Operating Expenses": 490000.0,
        "Research And Development": NaN,
        "Selling General And Administration": NaN,
        "Selling And Marketing Expense": NaN,
        "General And Administrative Expense": NaN,
        "Other Gand A": NaN,
        "Gross Profit": NaN,
        "Cost Of Revenue": NaN,
        "Total Revenue": NaN,
        "Operating Revenue": NaN
    },
    "2022-12-31": {
        "Tax Effect Of Unusual Items": NaN,
        "Tax Rate For Calcs": NaN,
        "Normalized EBITDA": NaN,
        "Net Income From Continuing Operation Net Minority Interest": NaN,
        "Reconciled Depreciation": NaN,
        "Reconciled Cost Of Revenue": NaN,
        "EBITDA": NaN,
        "EBIT": NaN,
        "Normalized Income": NaN,
        "Net Income From Continuing And Discontinued Operation": NaN,
        "Total Expenses": NaN,
        "Total Operating Income As Reported": NaN,
        "Diluted Average Shares": NaN,
        "Basic Average Shares": NaN,
        "Diluted EPS": NaN,
        "Basic EPS": NaN,
        "Diluted NI Availto Com Stockholders": NaN,
        "Net Income Common Stockholders": NaN,
        "Net Income": NaN,
        "Minority Interests": NaN,
        "Net Income Including Noncontrolling Interests": NaN,
        "Net Income Discontinuous Operations": NaN,
        "Net Income Continuous Operations": NaN,
        "Tax Provision": NaN,
        "Pretax Income": NaN,
        "Other Income Expense": NaN,
        "Other Non Operating Income Expenses": NaN,
        "Operating Income": NaN,
        "Operating Expense": NaN,
        "Other Operating Expenses": 673000.0,
        "Research And Development": NaN,
        "Selling General And Administration": NaN,
        "Selling And Marketing Expense": NaN,
        "General And Administrative Expense": NaN,
        "Other Gand A": NaN,
        "Gross Profit": NaN,
        "Cost Of Revenue": NaN,
        "Total Revenue": NaN,
        "Operating Revenue": NaN
    },
    "2022-09-30": {
        "Tax Effect Of Unusual Items": 0.0,
        "Tax Rate For Calcs": 0.285843,
        "Normalized EBITDA": 807000.0,
        "Net Income From Continuing Operation Net Minority Interest": 790000.0,
        "Reconciled Depreciation": 534000.0,
        "Reconciled Cost Of Revenue": 2324000.0,
        "EBITDA": 807000.0,
        "EBIT": 273000.0,
        "Normalized Income": 790000.0,
        "Net Income From Continuing And Discontinued Operation": 795000.0,
        "Total Expenses": 15576000.0,
        "Total Operating Income As Reported": 273000.0,
        "Diluted Average Shares": 12578000.0,
        "Basic Average Shares": 12489000.0,
        "Diluted EPS": 0.06,
        "Basic EPS": 0.06,
        "Diluted NI Availto Com Stockholders": 795000.0,
        "Net Income Common Stockholders": 795000.0,
        "Net Income": 795000.0,
        "Minority Interests": -2000.0,
        "Net Income Including Noncontrolling Interests": 797000.0,
        "Net Income Discontinuous Operations": 5000.0,
        "Net Income Continuous Operations": 792000.0,
        "Tax Provision": 317000.0,
        "Pretax Income": 1109000.0,
        "Other Income Expense": 836000.0,
        "Other Non Operating Income Expenses": 836000.0,
        "Operating Income": 273000.0,
        "Operating Expense": 13252000.0,
        "Research And Development": 484000.0,
        "Selling General And Administration": 12768000.0,
        "Selling And Marketing Expense": 8512000.0,
        "General And Administrative Expense": 4256000.0,
        "Other Gand A": 4256000.0,
        "Gross Profit": 13525000.0,
        "Cost Of Revenue": 2324000.0,
        "Total Revenue": 15849000.0,
        "Operating Revenue": 15849000.0
    },
    "2022-06-30": {
        "Tax Effect Of Unusual Items": 0.0,
        "Tax Rate For Calcs": 0.4,
        "Normalized EBITDA": 2325000.0,
        "Net Income From Continuing Operation Net Minority Interest": 1018000.0,
        "Reconciled Depreciation": 544000.0,
        "Reconciled Cost Of Revenue": 2163000.0,
        "EBITDA": 2325000.0,
        "EBIT": 1781000.0,
        "Normalized Income": 1018000.0,
        "Net Income From Continuing And Discontinued Operation": 1028000.0,
        "Total Expenses": 15908000.0,
        "Total Operating Income As Reported": 1781000.0,
        "Diluted Average Shares": 12637000.0,
        "Basic Average Shares": 12513000.0,
        "Diluted EPS": 0.08,
        "Basic EPS": 0.08,
        "Diluted NI Availto Com Stockholders": 1028000.0,
        "Net Income Common Stockholders": 1028000.0,
        "Net Income": 1028000.0,
        "Minority Interests": -30000.0,
        "Net Income Including Noncontrolling Interests": 1058000.0,
        "Net Income Discontinuous Operations": 10000.0,
        "Net Income Continuous Operations": 1048000.0,
        "Tax Provision": 928000.0,
        "Pretax Income": 1976000.0,
        "Other Income Expense": 195000.0,
        "Other Non Operating Income Expenses": 195000.0,
        "Operating Income": 1781000.0,
        "Operating Expense": 13745000.0,
        "Research And Development": 454000.0,
        "Selling General And Administration": 13291000.0,
        "Selling And Marketing Expense": 8480000.0,
        "General And Administrative Expense": 4811000.0,
        "Other Gand A": 4811000.0,
        "Gross Profit": 15526000.0,
        "Cost Of Revenue": 2163000.0,
        "Total Revenue": 17689000.0,
        "Operating Revenue": 17689000.0
    },
    "2022-03-31": {
        "Diluted EPS": 0.19,
        "Total Revenue": 18,
        "Gross Profit": 16,
        "Operating Income": 2,
        "EBIT": 2,
        "Net Income": 2
    },
    "2021-12-31": {
        "Diluted EPS": -0.23,
        "Total Revenue": 14,
        "Gross Profit": 11,
        "Operating Income": -4,
        "EBIT": -3,
        "Net Income": -3
    },
    "2021-09-30": {
        "Diluted EPS": 0.22,
        "Total Revenue": 16,
        "Gross Profit": 13,
        "Operating Income": 0,
        "EBIT": 0,
        "Net Income": 3
    },
    "2021-06-30": {
        "Diluted EPS": 0.22,
        "Total Revenue": 19,
        "Gross Profit": 17,
        "Operating Income": 3,
        "EBIT": 4,
        "Net Income": 3
    },
    "2021-03-31": {
        "Diluted EPS": -0.14,
        "Total Revenue": 14,
        "Gross Profit": 11,
        "Operating Income": -1,
        "EBIT": 0,
        "Net Income": -2
    },
    "2020-12-31": {
        "Diluted EPS": 0.07,
        "Total Revenue": 12,
        "Gross Profit": 10,
        "Operating Income": -1,
        "EBIT": 0,
        "Net Income": 1
    },
    "2020-09-30": {
        "Diluted EPS": -0.12,
        "Total Revenue": 14,
        "Gross Profit": 11,
        "Operating Income": -1,
        "EBIT": -1,
        "Net Income": -1
    },
    "2020-06-30": {
        "Diluted EPS": -0.55,
        "Total Revenue": 7,
        "Gross Profit": 5,
        "Operating Income": -7,
        "EBIT": -6,
        "Net Income": -6
    },
    "2020-03-31": {
        "Diluted EPS": -0.58,
        "Total Revenue": 20,
        "Gross Profit": 18,
        "Operating Income": -5,
        "EBIT": -5,
        "Net Income": -7
    },
    "2019-12-31": {
        "Diluted EPS": -0.05,
        "Total Revenue": 25,
        "Gross Profit": 22,
        "Operating Income": 3,
        "EBIT": 3,
        "Net Income": -1
    },
    "2019-09-30": {
        "Diluted EPS": 0.03,
        "Total Revenue": 24,
        "Gross Profit": 21,
        "Operating Income": 3,
        "EBIT": 4,
        "Net Income": 0
    },
    "2019-06-30": {
        "Diluted EPS": 0.11,
        "Total Revenue": 27,
        "Gross Profit": 24,
        "Operating Income": 4,
        "EBIT": 4,
        "Net Income": 1
    },
    "2019-03-31": {
        "Diluted EPS": 0.26,
        "Total Revenue": 29,
        "Gross Profit": 26,
        "Operating Income": 7,
        "EBIT": 7,
        "Net Income": 3
    },
    "2018-12-31": {
        "Diluted EPS": 0.12,
        "Total Revenue": 27,
        "Gross Profit": 24,
        "Operating Income": 3,
        "EBIT": 3,
        "Net Income": 2
    },
    "2018-09-30": {
        "Diluted EPS": 0.01,
        "Total Revenue": 25,
        "Gross Profit": 22,
        "Operating Income": 1,
        "EBIT": 1,
        "Net Income": 0
    },
    "2018-06-30": {
        "Diluted EPS": 0.04,
        "Total Revenue": 28,
        "Gross Profit": 25,
        "Operating Income": 1,
        "EBIT": 2,
        "Net Income": 0
    },
    "2018-03-31": {
        "Diluted EPS": 0.2,
        "Total Revenue": 31,
        "Gross Profit": 27,
        "Operating Income": 4,
        "EBIT": 4,
        "Net Income": 3
    },
    "2017-12-31": {
        "Diluted EPS": 0.06,
        "Total Revenue": 27,
        "Gross Profit": 24,
        "Operating Income": 1,
        "EBIT": 2,
        "Net Income": 1
    },
    "2017-09-30": {
        "Diluted EPS": -0.05,
        "Total Revenue": 25,
        "Gross Profit": 22,
        "Operating Income": 0,
        "EBIT": 1,
        "Net Income": -1
    },
    "2017-06-30": {
        "Diluted EPS": 0.05,
        "Total Revenue": 26,
        "Gross Profit": 23,
        "Operating Income": 1,
        "EBIT": 2,
        "Net Income": 1
    },
    "2017-03-31": {
        "Diluted EPS": 0.21,
        "Total Revenue": 28,
        "Gross Profit": 25,
        "Operating Income": 2,
        "EBIT": 3,
        "Net Income": 3
    },
    "2016-12-31": {
        "Diluted EPS": 0.07,
        "Total Revenue": 27,
        "Gross Profit": 24,
        "Operating Income": 2,
        "EBIT": 3,
        "Net Income": 1
    },
    "2016-09-30": {
        "Diluted EPS": 0.12,
        "Total Revenue": 27,
        "Gross Profit": 24,
        "Operating Income": 2,
        "EBIT": 2,
        "Net Income": 2
    },
    "2016-06-30": {
        "Diluted EPS": 0.14,
        "Total Revenue": 30,
        "Gross Profit": 26,
        "Operating Income": 3,
        "EBIT": 4,
        "Net Income": 2
    },
    "2016-03-31": {
        "Diluted EPS": 0.14,
        "Total Revenue": 31,
        "Gross Profit": 27,
        "Operating Income": 3,
        "EBIT": 3,
        "Net Income": 2
    },
    "2015-12-31": {
        "Diluted EPS": 0.03,
        "Total Revenue": 14,
        "Gross Profit": 11,
        "Operating Income": -2,
        "EBIT": -2,
        "Net Income": 0
    },
    "2015-09-30": {
        "Diluted EPS": 0.6,
        "Total Revenue": 34,
        "Gross Profit": 29,
        "Operating Income": 1,
        "EBIT": 2,
        "Net Income": 9
    },
    "2015-06-30": {
        "Diluted EPS": 0.06,
        "Total Revenue": 37,
        "Gross Profit": 32,
        "Operating Income": 2,
        "EBIT": 3,
        "Net Income": 1
    },
    "2015-03-31": {
        "Diluted EPS": 0.05,
        "Total Revenue": 39,
        "Gross Profit": 35,
        "Operating Income": 3,
        "EBIT": 4,
        "Net Income": 1
    },
    "2014-12-31": {
        "Diluted EPS": -0.09,
        "Total Revenue": 40,
        "Gross Profit": 35,
        "Operating Income": -1,
        "EBIT": 0,
        "Net Income": -1
    },
    "2014-09-30": {
        "Diluted EPS": 0.12,
        "Total Revenue": 36,
        "Gross Profit": 31,
        "Operating Income": 2,
        "EBIT": 3,
        "Net Income": 2
    },
    "2014-06-30": {
        "Diluted EPS": 0.54,
        "Total Revenue": 37,
        "Gross Profit": 33,
        "Operating Income": 10,
        "EBIT": 11,
        "Net Income": 8
    },
    "2014-03-31": {
        "Diluted EPS": 0.31,
        "Total Revenue": 40,
        "Gross Profit": 35,
        "Operating Income": 7,
        "EBIT": 8,
        "Net Income": 5
    },
    "2013-12-31": {
        "Diluted EPS": 0.11,
        "Total Revenue": 50,
        "Gross Profit": 44,
        "Operating Income": 3,
        "EBIT": 4,
        "Net Income": 2
    },
    "2013-09-30": {
        "Diluted EPS": -1.24,
        "Total Revenue": 37,
        "Gross Profit": 33,
        "Operating Income": -18,
        "EBIT": -17,
        "Net Income": -19
    },
    "2013-06-30": {
        "Diluted EPS": 0.34,
        "Total Revenue": 41,
        "Gross Profit": 37,
        "Operating Income": 8,
        "EBIT": 9,
        "Net Income": 5
    },
    "2013-03-31": {
        "Diluted EPS": 0.36,
        "Total Revenue": 42,
        "Gross Profit": 38,
        "Operating Income": 8,
        "EBIT": 9,
        "Net Income": 6
    },
    "2012-12-31": {
        "Diluted EPS": 0.24,
        "Total Revenue": 37,
        "Gross Profit": 33,
        "Operating Income": 4,
        "EBIT": 5,
        "Net Income": 4
    },
    "2012-09-30": {
        "Diluted EPS": 0.22,
        "Total Revenue": 35,
        "Gross Profit": 31,
        "Operating Income": 4,
        "EBIT": 5,
        "Net Income": 3
    },
    "2012-06-30": {
        "Diluted EPS": 0.45,
        "Total Revenue": 39,
        "Gross Profit": 36,
        "Operating Income": 10,
        "EBIT": 11,
        "Net Income": 7
    },
    "2012-03-31": {
        "Diluted EPS": 0.23,
        "Total Revenue": 39,
        "Gross Profit": 35,
        "Operating Income": 7,
        "EBIT": 7,
        "Net Income": 4
    },
    "2011-12-31": {
        "Diluted EPS": 0.39,
        "Total Revenue": 35,
        "Gross Profit": 31,
        "Operating Income": 8,
        "EBIT": 9,
        "Net Income": 6
    },
    "2011-09-30": {
        "Diluted EPS": 0.36,
        "Total Revenue": 39,
        "Gross Profit": 34,
        "Operating Income": 9,
        "EBIT": 10,
        "Net Income": 6
    },
    "2011-06-30": {
        "Diluted EPS": 0.3,
        "Total Revenue": 38,
        "Gross Profit": 35,
        "Operating Income": 8,
        "EBIT": 8,
        "Net Income": 5
    },
    "2011-03-31": {
        "Diluted EPS": -0.85,
        "Total Revenue": 37,
        "Gross Profit": 35,
        "Operating Income": -10,
        "EBIT": -9,
        "Net Income": -14
    },
    "2010-12-31": {
        "Diluted EPS": 0.23,
        "Total Revenue": 28,
        "Gross Profit": 26,
        "Operating Income": 7,
        "EBIT": 7,
        "Net Income": 4
    },
    "2010-09-30": {
        "Diluted EPS": 0.22,
        "Total Revenue": 28,
        "Gross Profit": 26,
        "Operating Income": 6,
        "EBIT": 6,
        "Net Income": 4
    },
    "2010-06-30": {
        "Diluted EPS": 0.2,
        "Total Revenue": 28,
        "Gross Profit": 26,
        "Operating Income": 6,
        "EBIT": 7,
        "Net Income": 3
    },
    "2010-03-31": {
        "Diluted EPS": 0.15,
        "Total Revenue": 29,
        "Gross Profit": 27,
        "Operating Income": 5,
        "EBIT": 6,
        "Net Income": 2
    },
    "2009-12-31": {
        "Diluted EPS": 0.33,
        "Total Revenue": 24,
        "Gross Profit": 22,
        "Operating Income": 4,
        "EBIT": 4,
        "Net Income": 5
    },
    "2009-09-30": {
        "Diluted EPS": -0.02,
        "Total Revenue": 24,
        "Gross Profit": 22,
        "Operating Income": 2,
        "EBIT": 3,
        "Net Income": 0
    },
    "2009-06-30": {
        "Diluted EPS": -0.01,
        "Total Revenue": 24,
        "Gross Profit": 22,
        "Operating Income": 3,
        "EBIT": 4,
        "Net Income": 0
    },
    "2009-03-31": {
        "Diluted EPS": 0.02,
        "Total Revenue": 23,
        "Gross Profit": 22,
        "Operating Income": 5,
        "EBIT": 5,
        "Net Income": 0
    },
    "2023-09-30": {
        "Tax Effect Of Unusual Items": NaN,
        "Tax Rate For Calcs": NaN,
        "Normalized EBITDA": NaN,
        "Net Income From Continuing Operation Net Minority Interest": NaN,
        "Reconciled Depreciation": NaN,
        "Reconciled Cost Of Revenue": NaN,
        "EBITDA": NaN,
        "EBIT": NaN,
        "Normalized Income": NaN,
        "Net Income From Continuing And Discontinued Operation": NaN,
        "Total Expenses": NaN,
        "Total Operating Income As Reported": NaN,
        "Diluted Average Shares": NaN,
        "Basic Average Shares": NaN,
        "Diluted EPS": NaN,
        "Basic EPS": NaN,
        "Diluted NI Availto Com Stockholders": NaN,
        "Net Income Common Stockholders": NaN,
        "Net Income": NaN,
        "Minority Interests": NaN,
        "Net Income Including Noncontrolling Interests": NaN,
        "Net Income Discontinuous Operations": NaN,
        "Net Income Continuous Operations": NaN,
        "Tax Provision": NaN,
        "Pretax Income": NaN,
        "Other Income Expense": NaN,
        "Other Non Operating Income Expenses": NaN,
        "Operating Income": NaN,
        "Operating Expense": NaN,
        "Other Operating Expenses": 525000.0,
        "Research And Development": NaN,
        "Selling General And Administration": NaN,
        "Selling And Marketing Expense": NaN,
        "General And Administrative Expense": NaN,
        "Other Gand A": NaN,
        "Gross Profit": NaN,
        "Cost Of Revenue": NaN,
        "Total Revenue": NaN,
        "Operating Revenue": NaN
    },
    "2023-12-31": {
        "Tax Effect Of Unusual Items": NaN,
        "Tax Rate For Calcs": NaN,
        "Normalized EBITDA": NaN,
        "Net Income From Continuing Operation Net Minority Interest": NaN,
        "Reconciled Depreciation": NaN,
        "Reconciled Cost Of Revenue": NaN,
        "EBITDA": NaN,
        "EBIT": NaN,
        "Normalized Income": NaN,
        "Net Income From Continuing And Discontinued Operation": NaN,
        "Total Expenses": NaN,
        "Total Operating Income As Reported": NaN,
        "Diluted Average Shares": NaN,
        "Basic Average Shares": NaN,
        "Diluted EPS": NaN,
        "Basic EPS": NaN,
        "Diluted NI Availto Com Stockholders": NaN,
        "Net Income Common Stockholders": NaN,
        "Net Income": NaN,
        "Minority Interests": NaN,
        "Net Income Including Noncontrolling Interests": NaN,
        "Net Income Discontinuous Operations": 465000.0,
        "Net Income Continuous Operations": NaN,
        "Tax Provision": NaN,
        "Pretax Income": NaN,
        "Other Income Expense": NaN,
        "Other Non Operating Income Expenses": NaN,
        "Operating Income": NaN,
        "Operating Expense": NaN,
        "Other Operating Expenses": 580000.0,
        "Research And Development": NaN,
        "Selling General And Administration": NaN,
        "Selling And Marketing Expense": NaN,
        "General And Administrative Expense": NaN,
        "Other Gand A": NaN,
        "Gross Profit": NaN,
        "Cost Of Revenue": NaN,
        "Total Revenue": NaN,
        "Operating Revenue": NaN
    },
    "2024-03-31": {
        "Tax Effect Of Unusual Items": NaN,
        "Tax Rate For Calcs": NaN,
        "Normalized EBITDA": NaN,
        "Net Income From Continuing Operation Net Minority Interest": NaN,
        "Reconciled Depreciation": NaN,
        "Reconciled Cost Of Revenue": NaN,
        "EBITDA": NaN,
        "EBIT": NaN,
        "Normalized Income": NaN,
        "Net Income From Continuing And Discontinued Operation": NaN,
        "Total Expenses": NaN,
        "Total Operating Income As Reported": NaN,
        "Diluted Average Shares": NaN,
        "Basic Average Shares": NaN,
        "Diluted EPS": NaN,
        "Basic EPS": NaN,
        "Diluted NI Availto Com Stockholders": NaN,
        "Net Income Common Stockholders": NaN,
        "Net Income": NaN,
        "Minority Interests": NaN,
        "Net Income Including Noncontrolling Interests": NaN,
        "Net Income Discontinuous Operations": 0.0,
        "Net Income Continuous Operations": NaN,
        "Tax Provision": NaN,
        "Pretax Income": NaN,
        "Other Income Expense": NaN,
        "Other Non Operating Income Expenses": NaN,
        "Operating Income": NaN,
        "Operating Expense": NaN,
        "Research And Development": NaN,
        "Selling General And Administration": NaN,
        "Selling And Marketing Expense": NaN,
        "General And Administrative Expense": NaN,
        "Other Gand A": NaN,
        "Gross Profit": NaN,
        "Cost Of Revenue": NaN,
        "Total Revenue": NaN,
        "Operating Revenue": NaN
    },
    "2024-06-30": {
        "Tax Effect Of Unusual Items": 0.0,
        "Tax Rate For Calcs": 0.302603,
        "Normalized EBITDA": 4186000.0,
        "Net Income From Continuing Operation Net Minority Interest": 2927000.0,
        "Reconciled Depreciation": 175000.0,
        "Reconciled Cost Of Revenue": 2520000.0,
        "EBITDA": 4186000.0,
        "EBIT": 4011000.0,
        "Normalized Income": 2927000.0,
        "Net Income From Continuing And Discontinued Operation": 2927000.0,
        "Total Expenses": 17130000.0,
        "Total Operating Income As Reported": 4011000.0,
        "Diluted Average Shares": 12976000.0,
        "Basic Average Shares": 12895000.0,
        "Diluted EPS": 0.23,
        "Basic EPS": 0.23,
        "Diluted NI Availto Com Stockholders": 2927000.0,
        "Net Income Common Stockholders": 2927000.0,
        "Net Income": 2927000.0,
        "Minority Interests": 7000.0,
        "Net Income Including Noncontrolling Interests": 2920000.0,
        "Net Income Discontinuous Operations": 0.0,
        "Net Income Continuous Operations": 2920000.0,
        "Tax Provision": 1267000.0,
        "Pretax Income": 4187000.0,
        "Other Income Expense": 176000.0,
        "Other Non Operating Income Expenses": 176000.0,
        "Operating Income": 4011000.0,
        "Operating Expense": 14610000.0,
        "Research And Development": 603000.0,
        "Selling General And Administration": 14007000.0,
        "Selling And Marketing Expense": 9386000.0,
        "General And Administrative Expense": 4621000.0,
        "Other Gand A": 4621000.0,
        "Gross Profit": 18621000.0,
        "Cost Of Revenue": 2520000.0,
        "Total Revenue": 21141000.0,
        "Operating Revenue": 21118000.0
    },
    "2024-09-30": {
        "Tax Effect Of Unusual Items": 0.0,
        "Tax Rate For Calcs": 0.26,
        "Normalized EBITDA": 4224000.0,
        "Net Income From Continuing Operation Net Minority Interest": 3184000.0,
        "Reconciled Depreciation": 179000.0,
        "Reconciled Cost Of Revenue": 2548000.0,
        "EBITDA": 4224000.0,
        "EBIT": 4045000.0,
        "Normalized Income": 3184000.0,
        "Net Income From Continuing And Discontinued Operation": 3184000.0,
        "Total Expenses": 16053000.0,
        "Total Operating Income As Reported": 4045000.0,
        "Diluted Average Shares": 12386000.0,
        "Basic Average Shares": 12176000.0,
        "Diluted EPS": 0.26,
        "Basic EPS": 0.26,
        "Diluted NI Availto Com Stockholders": 3184000.0,
        "Net Income Common Stockholders": 3184000.0,
        "Net Income": 3184000.0,
        "Minority Interests": -72000.0,
        "Net Income Including Noncontrolling Interests": 3256000.0,
        "Net Income Discontinuous Operations": 0.0,
        "Net Income Continuous Operations": 3256000.0,
        "Tax Provision": 1148000.0,
        "Pretax Income": 4404000.0,
        "Other Income Expense": 359000.0,
        "Other Non Operating Income Expenses": 359000.0,
        "Operating Income": 4045000.0,
        "Operating Expense": 13505000.0,
        "Research And Development": 594000.0,
        "Selling General And Administration": 12911000.0,
        "Selling And Marketing Expense": 8247000.0,
        "General And Administrative Expense": 4664000.0,
        "Other Gand A": 4664000.0,
        "Gross Profit": 17550000.0,
        "Cost Of Revenue": 2548000.0,
        "Total Revenue": 20098000.0,
        "Operating Revenue": 20098000.0
    },
    "2024-12-31": {
        "Tax Effect Of Unusual Items": 0.0,
        "Tax Rate For Calcs": 0.311438,
        "Normalized EBITDA": 5021000.0,
        "Net Income From Continuing Operation Net Minority Interest": 3217000.0,
        "Reconciled Depreciation": 170000.0,
        "Reconciled Cost Of Revenue": 2761000.0,
        "EBITDA": 5021000.0,
        "EBIT": 4851000.0,
        "Normalized Income": 3217000.0,
        "Net Income From Continuing And Discontinued Operation": 3217000.0,
        "Total Expenses": 15827000.0,
        "Total Operating Income As Reported": 4851000.0,
        "Diluted Average Shares": 12358000.0,
        "Basic Average Shares": 11831000.0,
        "Diluted EPS": 0.26,
        "Basic EPS": 0.27,
        "Diluted NI Availto Com Stockholders": 3217000.0,
        "Net Income Common Stockholders": 3217000.0,
        "Net Income": 3217000.0,
        "Minority Interests": -64000.0,
        "Net Income Including Noncontrolling Interests": 3281000.0,
        "Net Income Discontinuous Operations": 0.0,
        "Net Income Continuous Operations": 3281000.0,
        "Tax Provision": 1484000.0,
        "Pretax Income": 4765000.0,
        "Other Income Expense": -86000.0,
        "Other Non Operating Income Expenses": -86000.0,
        "Operating Income": 4851000.0,
        "Operating Expense": 13066000.0,
        "Research And Development": 644000.0,
        "Selling General And Administration": 12422000.0,
        "Selling And Marketing Expense": 8239000.0,
        "General And Administrative Expense": 4183000.0,
        "Other Gand A": 4183000.0,
        "Gross Profit": 17917000.0,
        "Cost Of Revenue": 2761000.0,
        "Total Revenue": 20678000.0,
        "Operating Revenue": 20678000.0
    },
    "2025-03-31": {
        "Tax Effect Of Unusual Items": 0.0,
        "Tax Rate For Calcs": 0.26,
        "Normalized EBITDA": 3880000.0,
        "Net Income From Continuing Operation Net Minority Interest": 3167000.0,
        "Reconciled Depreciation": 76000.0,
        "Reconciled Cost Of Revenue": 4172000.0,
        "EBITDA": 3880000.0,
        "EBIT": 3804000.0,
        "Normalized Income": 3167000.0,
        "Net Income From Continuing And Discontinued Operation": 3167000.0,
        "Total Expenses": 19336000.0,
        "Total Operating Income As Reported": 3804000.0,
        "Diluted Average Shares": 12249000.0,
        "Basic Average Shares": 11670000.0,
        "Diluted EPS": 0.25,
        "Basic EPS": 0.27,
        "Diluted NI Availto Com Stockholders": 3167000.0,
        "Net Income Common Stockholders": 3167000.0,
        "Net Income": 3167000.0,
        "Minority Interests": -93000.0,
        "Net Income Including Noncontrolling Interests": 3260000.0,
        "Net Income Discontinuous Operations": NaN,
        "Net Income Continuous Operations": 3260000.0,
        "Tax Provision": 1173000.0,
        "Pretax Income": 4433000.0,
        "Other Income Expense": 629000.0,
        "Other Non Operating Income Expenses": 629000.0,
        "Operating Income": 3804000.0,
        "Operating Expense": 15164000.0,
        "Research And Development": 634000.0,
        "Selling General And Administration": 14530000.0,
        "Selling And Marketing Expense": 10225000.0,
        "General And Administrative Expense": 4305000.0,
        "Other Gand A": 4305000.0,
        "Gross Profit": 18968000.0,
        "Cost Of Revenue": 4172000.0,
        "Total Revenue": 23140000.0,
        "Operating Revenue": 23123000.0
    },
    "2025-06-30": {
        "Tax Effect Of Unusual Items": 0.0,
        "Tax Rate For Calcs": 0.333183,
        "Normalized EBITDA": 2166000.0,
        "Net Income From Continuing Operation Net Minority Interest": 1402000.0,
        "Reconciled Depreciation": 106000.0,
        "Reconciled Cost Of Revenue": 5163000.0,
        "EBITDA": 2166000.0,
        "EBIT": 2060000.0,
        "Normalized Income": 1402000.0,
        "Net Income From Continuing And Discontinued Operation": 1402000.0,
        "Total Expenses": 21846000.0,
        "Total Operating Income As Reported": 2060000.0,
        "Diluted Average Shares": 11505000.0,
        "Basic Average Shares": 11139000.0,
        "Diluted EPS": 0.12,
        "Basic EPS": 0.13,
        "Diluted NI Availto Com Stockholders": 1402000.0,
        "Net Income Common Stockholders": 1402000.0,
        "Net Income": 1402000.0,
        "Minority Interests": -79000.0,
        "Net Income Including Noncontrolling Interests": 1481000.0,
        "Net Income Discontinuous Operations": NaN,
        "Net Income Continuous Operations": 1481000.0,
        "Tax Provision": 740000.0,
        "Pretax Income": 2221000.0,
        "Other Income Expense": 161000.0,
        "Other Non Operating Income Expenses": 161000.0,
        "Operating Income": 2060000.0,
        "Operating Expense": 16683000.0,
        "Research And Development": 698000.0,
        "Selling General And Administration": 15985000.0,
        "Selling And Marketing Expense": 11483000.0,
        "General And Administrative Expense": 4502000.0,
        "Other Gand A": 4502000.0,
        "Gross Profit": 18743000.0,
        "Cost Of Revenue": 5163000.0,
        "Total Revenue": 23906000.0,
        "Operating Revenue": 23887000.0
    }
}