{
    "2023-06-30": {
        "Tax Effect Of Unusual Items": NaN,
        "Tax Rate For Calcs": NaN,
        "Total Unusual Items": 0.0,
        "Total Unusual Items Excluding Goodwill": 0.0,
        "Net Income From Continuing Operation Net Minority Interest": NaN,
        "Reconciled Depreciation": NaN,
        "Net Interest Income": NaN,
        "Interest Expense": NaN,
        "Interest Income": NaN,
        "Normalized Income": NaN,
        "Net Income From Continuing And Discontinued Operation": NaN,
        "Diluted Average Shares": NaN,
        "Basic Average Shares": NaN,
        "Diluted EPS": NaN,
        "Basic EPS": NaN,
        "Diluted NI Availto Com Stockholders": NaN,
        "Net Income Common Stockholders": NaN,
        "Net Income": NaN,
        "Net Income Including Noncontrolling Interests": NaN,
        "Net Income Continuous Operations": NaN,
        "Tax Provision": NaN,
        "Pretax Income": NaN,
        "Gain On Sale Of Security": NaN,
        "Selling General And Administration": NaN,
        "General And Administrative Expense": NaN,
        "Salaries And Wages": NaN,
        "Total Revenue": NaN,
        "Operating Revenue": NaN,
        "Occupancy And Equipment": NaN,
        "Professional Expense And Contract Services Expense": NaN,
        "Other Non Interest Expense": NaN
    },
    "2023-03-31": {
        "Tax Effect Of Unusual Items": NaN,
        "Tax Rate For Calcs": NaN,
        "Total Unusual Items": 0.0,
        "Total Unusual Items Excluding Goodwill": 0.0,
        "Net Income From Continuing Operation Net Minority Interest": NaN,
        "Reconciled Depreciation": NaN,
        "Net Interest Income": NaN,
        "Interest Expense": NaN,
        "Interest Income": NaN,
        "Normalized Income": NaN,
        "Net Income From Continuing And Discontinued Operation": NaN,
        "Diluted Average Shares": NaN,
        "Basic Average Shares": NaN,
        "Diluted EPS": NaN,
        "Basic EPS": NaN,
        "Diluted NI Availto Com Stockholders": NaN,
        "Net Income Common Stockholders": NaN,
        "Net Income": NaN,
        "Net Income Including Noncontrolling Interests": NaN,
        "Net Income Continuous Operations": NaN,
        "Tax Provision": NaN,
        "Pretax Income": NaN,
        "Gain On Sale Of Security": NaN,
        "Selling General And Administration": NaN,
        "General And Administrative Expense": NaN,
        "Salaries And Wages": NaN,
        "Total Revenue": NaN,
        "Operating Revenue": NaN,
        "Occupancy And Equipment": NaN,
        "Professional Expense And Contract Services Expense": NaN,
        "Other Non Interest Expense": NaN
    },
    "2022-12-31": {
        "Tax Effect Of Unusual Items": NaN,
        "Tax Rate For Calcs": NaN,
        "Total Unusual Items": -10000.0,
        "Total Unusual Items Excluding Goodwill": -10000.0,
        "Net Income From Continuing Operation Net Minority Interest": NaN,
        "Reconciled Depreciation": NaN,
        "Net Interest Income": NaN,
        "Interest Expense": NaN,
        "Interest Income": NaN,
        "Normalized Income": NaN,
        "Net Income From Continuing And Discontinued Operation": NaN,
        "Diluted Average Shares": NaN,
        "Basic Average Shares": NaN,
        "Diluted EPS": NaN,
        "Basic EPS": NaN,
        "Diluted NI Availto Com Stockholders": NaN,
        "Net Income Common Stockholders": NaN,
        "Net Income": NaN,
        "Net Income Including Noncontrolling Interests": NaN,
        "Net Income Continuous Operations": NaN,
        "Tax Provision": NaN,
        "Pretax Income": NaN,
        "Gain On Sale Of Security": NaN,
        "Selling General And Administration": NaN,
        "General And Administrative Expense": NaN,
        "Other Gand A": -311000.0,
        "Salaries And Wages": NaN,
        "Total Revenue": NaN,
        "Operating Revenue": NaN,
        "Occupancy And Equipment": NaN,
        "Professional Expense And Contract Services Expense": NaN,
        "Other Non Interest Expense": NaN
    },
    "2022-09-30": {
        "Tax Effect Of Unusual Items": NaN,
        "Tax Rate For Calcs": NaN,
        "Total Unusual Items": 0.0,
        "Total Unusual Items Excluding Goodwill": 0.0,
        "Net Income From Continuing Operation Net Minority Interest": NaN,
        "Reconciled Depreciation": NaN,
        "Net Interest Income": NaN,
        "Interest Expense": NaN,
        "Interest Income": NaN,
        "Normalized Income": NaN,
        "Net Income From Continuing And Discontinued Operation": NaN,
        "Diluted Average Shares": NaN,
        "Basic Average Shares": NaN,
        "Diluted EPS": NaN,
        "Basic EPS": NaN,
        "Diluted NI Availto Com Stockholders": NaN,
        "Net Income Common Stockholders": NaN,
        "Net Income": NaN,
        "Net Income Including Noncontrolling Interests": NaN,
        "Net Income Continuous Operations": NaN,
        "Tax Provision": NaN,
        "Pretax Income": NaN,
        "Gain On Sale Of Security": NaN,
        "Selling General And Administration": NaN,
        "General And Administrative Expense": NaN,
        "Other Gand A": 215000.0,
        "Salaries And Wages": NaN,
        "Total Revenue": NaN,
        "Operating Revenue": NaN
    },
    "2022-06-30": {
        "Tax Effect Of Unusual Items": 0.0,
        "Tax Rate For Calcs": 0.289,
        "Total Unusual Items": 0.0,
        "Total Unusual Items Excluding Goodwill": 0.0,
        "Net Income From Continuing Operation Net Minority Interest": 3435000.0,
        "Reconciled Depreciation": 164000.0,
        "Net Interest Income": 10409000.0,
        "Interest Expense": 584000.0,
        "Interest Income": 10993000.0,
        "Normalized Income": 3435000.0,
        "Net Income From Continuing And Discontinued Operation": 3435000.0,
        "Diluted Average Shares": 17057755.0,
        "Basic Average Shares": 17036364.0,
        "Diluted EPS": 0.2,
        "Basic EPS": 0.2,
        "Diluted NI Availto Com Stockholders": 3435000.0,
        "Net Income Common Stockholders": 3435000.0,
        "Net Income": 3435000.0,
        "Net Income Including Noncontrolling Interests": 3435000.0,
        "Net Income Continuous Operations": 3435000.0,
        "Tax Provision": 1394000.0,
        "Pretax Income": 4829000.0,
        "Gain On Sale Of Security": -996000.0,
        "Selling General And Administration": 3225000.0,
        "General And Administrative Expense": 3225000.0,
        "Other Gand A": 332000.0,
        "Salaries And Wages": 2893000.0,
        "Total Revenue": 10987000.0,
        "Operating Revenue": 10987000.0
    },
    "2022-03-31": {
        "Diluted EPS": 0.14,
        "Total Revenue": 10,
        "Gross Profit": 9,
        "Operating Income": 3,
        "EBIT": NaN,
        "Net Income": 2
    },
    "2021-12-31": {
        "Diluted EPS": 0.2,
        "Total Revenue": 11,
        "Gross Profit": 11,
        "Operating Income": 4,
        "EBIT": NaN,
        "Net Income": 3
    },
    "2021-09-30": {
        "Diluted EPS": 0.15,
        "Total Revenue": 11,
        "Gross Profit": 10,
        "Operating Income": 4,
        "EBIT": NaN,
        "Net Income": 3
    },
    "2021-06-30": {
        "Diluted EPS": 0.16,
        "Total Revenue": 11,
        "Gross Profit": 10,
        "Operating Income": 4,
        "EBIT": NaN,
        "Net Income": 3
    },
    "2021-03-31": {
        "Diluted EPS": 0.08,
        "Total Revenue": 8,
        "Gross Profit": 8,
        "Operating Income": 2,
        "EBIT": NaN,
        "Net Income": 1
    },
    "2020-12-31": {
        "Diluted EPS": 0.12,
        "Total Revenue": 9,
        "Gross Profit": 9,
        "Operating Income": 3,
        "EBIT": NaN,
        "Net Income": 2
    },
    "2020-09-30": {
        "Diluted EPS": 0.13,
        "Total Revenue": 9,
        "Gross Profit": 9,
        "Operating Income": 3,
        "EBIT": NaN,
        "Net Income": 2
    },
    "2020-06-30": {
        "Diluted EPS": 0.12,
        "Total Revenue": 9,
        "Gross Profit": 9,
        "Operating Income": 3,
        "EBIT": NaN,
        "Net Income": 2
    },
    "2020-03-31": {
        "Diluted EPS": 0.16,
        "Total Revenue": 12,
        "Gross Profit": 11,
        "Operating Income": 4,
        "EBIT": NaN,
        "Net Income": 3
    },
    "2019-12-31": {
        "Diluted EPS": 0.16,
        "Total Revenue": 11,
        "Gross Profit": 10,
        "Operating Income": 4,
        "EBIT": NaN,
        "Net Income": 3
    },
    "2019-09-30": {
        "Diluted EPS": 0.25,
        "Total Revenue": 12,
        "Gross Profit": 11,
        "Operating Income": 6,
        "EBIT": NaN,
        "Net Income": 4
    },
    "2019-06-30": {
        "Diluted EPS": 0.24,
        "Total Revenue": 12,
        "Gross Profit": 11,
        "Operating Income": 6,
        "EBIT": NaN,
        "Net Income": 4
    },
    "2019-03-31": {
        "Diluted EPS": 0.24,
        "Total Revenue": 12,
        "Gross Profit": 11,
        "Operating Income": 6,
        "EBIT": NaN,
        "Net Income": 4
    },
    "2018-12-31": {
        "Diluted EPS": 0.23,
        "Total Revenue": 11,
        "Gross Profit": 11,
        "Operating Income": 5,
        "EBIT": NaN,
        "Net Income": 4
    },
    "2018-09-30": {
        "Diluted EPS": 0.21,
        "Total Revenue": 10,
        "Gross Profit": 10,
        "Operating Income": 5,
        "EBIT": NaN,
        "Net Income": 4
    },
    "2018-06-30": {
        "Diluted EPS": 0.2,
        "Total Revenue": 10,
        "Gross Profit": 9,
        "Operating Income": 5,
        "EBIT": NaN,
        "Net Income": 3
    },
    "2018-03-31": {
        "Diluted EPS": 0.19,
        "Total Revenue": 10,
        "Gross Profit": 9,
        "Operating Income": 4,
        "EBIT": NaN,
        "Net Income": 3
    },
    "2017-12-31": {
        "Diluted EPS": 0.1,
        "Total Revenue": 10,
        "Gross Profit": 9,
        "Operating Income": 4,
        "EBIT": NaN,
        "Net Income": 2
    },
    "2017-09-30": {
        "Diluted EPS": 0.16,
        "Total Revenue": 10,
        "Gross Profit": 9,
        "Operating Income": 5,
        "EBIT": NaN,
        "Net Income": 3
    },
    "2017-06-30": {
        "Diluted EPS": 0.15,
        "Total Revenue": 9,
        "Gross Profit": 9,
        "Operating Income": 4,
        "EBIT": NaN,
        "Net Income": 2
    },
    "2017-03-31": {
        "Diluted EPS": 0.1,
        "Total Revenue": 9,
        "Gross Profit": 8,
        "Operating Income": 3,
        "EBIT": NaN,
        "Net Income": 2
    },
    "2016-12-31": {
        "Diluted EPS": 0.1,
        "Total Revenue": 9,
        "Gross Profit": 8,
        "Operating Income": 3,
        "EBIT": NaN,
        "Net Income": 2
    },
    "2016-09-30": {
        "Diluted EPS": 0.12,
        "Total Revenue": 9,
        "Gross Profit": 8,
        "Operating Income": 3,
        "EBIT": NaN,
        "Net Income": 2
    },
    "2016-06-30": {
        "Diluted EPS": 0.12,
        "Total Revenue": 8,
        "Gross Profit": 8,
        "Operating Income": 3,
        "EBIT": NaN,
        "Net Income": 2
    },
    "2016-03-31": {
        "Diluted EPS": 0.1,
        "Total Revenue": 9,
        "Gross Profit": 8,
        "Operating Income": 3,
        "EBIT": NaN,
        "Net Income": 2
    },
    "2015-12-31": {
        "Diluted EPS": 0.09,
        "Total Revenue": 8,
        "Gross Profit": 8,
        "Operating Income": 3,
        "EBIT": NaN,
        "Net Income": 2
    },
    "2015-09-30": {
        "Diluted EPS": 0.11,
        "Total Revenue": 8,
        "Gross Profit": 8,
        "Operating Income": 3,
        "EBIT": NaN,
        "Net Income": 2
    },
    "2015-06-30": {
        "Diluted EPS": 0.13,
        "Total Revenue": 8,
        "Gross Profit": 8,
        "Operating Income": 3,
        "EBIT": NaN,
        "Net Income": 2
    },
    "2015-03-31": {
        "Diluted EPS": 0.08,
        "Total Revenue": 7,
        "Gross Profit": 7,
        "Operating Income": 2,
        "EBIT": NaN,
        "Net Income": 1
    },
    "2014-12-31": {
        "Diluted EPS": 0.09,
        "Total Revenue": 7,
        "Gross Profit": 7,
        "Operating Income": 3,
        "EBIT": NaN,
        "Net Income": 2
    },
    "2014-09-30": {
        "Diluted EPS": 0.1,
        "Total Revenue": 8,
        "Gross Profit": 7,
        "Operating Income": 3,
        "EBIT": NaN,
        "Net Income": 2
    },
    "2014-06-30": {
        "Diluted EPS": 0.12,
        "Total Revenue": 8,
        "Gross Profit": 8,
        "Operating Income": 3,
        "EBIT": NaN,
        "Net Income": 2
    },
    "2014-03-31": {
        "Diluted EPS": 0.06,
        "Total Revenue": 7,
        "Gross Profit": 6,
        "Operating Income": 1,
        "EBIT": NaN,
        "Net Income": 1
    },
    "2013-12-31": {
        "Diluted EPS": 0.2,
        "Total Revenue": 7,
        "Gross Profit": 6,
        "Operating Income": 0,
        "EBIT": NaN,
        "Net Income": 3
    },
    "2013-09-30": {
        "Diluted EPS": 0.11,
        "Total Revenue": 7,
        "Gross Profit": 7,
        "Operating Income": 3,
        "EBIT": NaN,
        "Net Income": 2
    },
    "2013-06-30": {
        "Diluted EPS": 0.08,
        "Total Revenue": 7,
        "Gross Profit": 6,
        "Operating Income": 2,
        "EBIT": NaN,
        "Net Income": 1
    },
    "2013-03-31": {
        "Diluted EPS": 0.06,
        "Total Revenue": 6,
        "Gross Profit": 6,
        "Operating Income": 2,
        "EBIT": NaN,
        "Net Income": 1
    },
    "2012-12-31": {
        "Diluted EPS": 0.09,
        "Total Revenue": 6,
        "Gross Profit": 6,
        "Operating Income": -1,
        "EBIT": NaN,
        "Net Income": 1
    },
    "2012-09-30": {
        "Diluted EPS": 0.08,
        "Total Revenue": 7,
        "Gross Profit": 7,
        "Operating Income": 2,
        "EBIT": NaN,
        "Net Income": 1
    },
    "2012-06-30": {
        "Diluted EPS": 0.13,
        "Total Revenue": 10,
        "Gross Profit": 9,
        "Operating Income": 4,
        "EBIT": NaN,
        "Net Income": 2
    },
    "2012-03-31": {
        "Diluted EPS": 0.06,
        "Total Revenue": 8,
        "Gross Profit": 7,
        "Operating Income": 2,
        "EBIT": NaN,
        "Net Income": 1
    },
    "2011-12-31": {
        "Diluted EPS": -0.21,
        "Total Revenue": 8,
        "Gross Profit": 8,
        "Operating Income": 1,
        "EBIT": NaN,
        "Net Income": -3
    },
    "2011-09-30": {
        "Diluted EPS": -0.08,
        "Total Revenue": 10,
        "Gross Profit": 10,
        "Operating Income": 0,
        "EBIT": NaN,
        "Net Income": -1
    },
    "2011-06-30": {
        "Diluted EPS": -0.39,
        "Total Revenue": 8,
        "Gross Profit": 7,
        "Operating Income": -10,
        "EBIT": NaN,
        "Net Income": -6
    },
    "2011-03-31": {
        "Diluted EPS": 0.03,
        "Total Revenue": 8,
        "Gross Profit": 7,
        "Operating Income": 1,
        "EBIT": NaN,
        "Net Income": 0
    },
    "2010-12-31": {
        "Diluted EPS": -0.35,
        "Total Revenue": 8,
        "Gross Profit": 7,
        "Operating Income": -9,
        "EBIT": NaN,
        "Net Income": -6
    },
    "2010-09-30": {
        "Diluted EPS": 0.02,
        "Total Revenue": 9,
        "Gross Profit": 8,
        "Operating Income": 1,
        "EBIT": NaN,
        "Net Income": 0
    },
    "2010-06-30": {
        "Diluted EPS": 0.03,
        "Total Revenue": 11,
        "Gross Profit": 10,
        "Operating Income": 2,
        "EBIT": NaN,
        "Net Income": 1
    },
    "2010-03-31": {
        "Diluted EPS": 0.02,
        "Total Revenue": 10,
        "Gross Profit": 8,
        "Operating Income": 2,
        "EBIT": NaN,
        "Net Income": 0
    },
    "2009-12-31": {
        "Diluted EPS": -0.02,
        "Total Revenue": 12,
        "Gross Profit": 10,
        "Operating Income": 0,
        "EBIT": NaN,
        "Net Income": 0
    },
    "2009-09-30": {
        "Diluted EPS": 0.04,
        "Total Revenue": 10,
        "Gross Profit": 8,
        "Operating Income": 2,
        "EBIT": NaN,
        "Net Income": 1
    },
    "2009-06-30": {
        "Diluted EPS": -0.35,
        "Total Revenue": 10,
        "Gross Profit": 8,
        "Operating Income": -7,
        "EBIT": NaN,
        "Net Income": -6
    },
    "2009-03-31": {
        "Diluted EPS": 0.05,
        "Total Revenue": 10,
        "Gross Profit": 8,
        "Operating Income": 2,
        "EBIT": NaN,
        "Net Income": 1
    },
    "2023-09-30": {
        "Tax Effect Of Unusual Items": NaN,
        "Tax Rate For Calcs": NaN,
        "Total Unusual Items": 0.0,
        "Total Unusual Items Excluding Goodwill": 0.0,
        "Net Income From Continuing Operation Net Minority Interest": NaN,
        "Reconciled Depreciation": NaN,
        "Net Interest Income": NaN,
        "Interest Expense": NaN,
        "Interest Income": NaN,
        "Normalized Income": NaN,
        "Net Income From Continuing And Discontinued Operation": NaN,
        "Diluted Average Shares": 17140204.0,
        "Basic Average Shares": 17132080.0,
        "Diluted EPS": 0.22,
        "Basic EPS": 0.22,
        "Diluted NI Availto Com Stockholders": NaN,
        "Net Income Common Stockholders": NaN,
        "Net Income": NaN,
        "Net Income Including Noncontrolling Interests": NaN,
        "Net Income Continuous Operations": NaN,
        "Tax Provision": NaN,
        "Pretax Income": NaN,
        "Gain On Sale Of Security": NaN,
        "Selling General And Administration": NaN,
        "General And Administrative Expense": NaN,
        "Salaries And Wages": NaN,
        "Total Revenue": NaN,
        "Operating Revenue": NaN,
        "Occupancy And Equipment": NaN,
        "Professional Expense And Contract Services Expense": NaN,
        "Other Non Interest Expense": NaN
    },
    "2023-12-31": {
        "Tax Effect Of Unusual Items": 0.0,
        "Tax Rate For Calcs": 0.250174,
        "Total Unusual Items": NaN,
        "Total Unusual Items Excluding Goodwill": NaN,
        "Net Income From Continuing Operation Net Minority Interest": 5401000.0,
        "Reconciled Depreciation": 998000.0,
        "Net Interest Income": 11953000.0,
        "Interest Expense": 3453000.0,
        "Interest Income": 15406000.0,
        "Normalized Income": 5401000.0,
        "Net Income From Continuing And Discontinued Operation": 5401000.0,
        "Diluted Average Shares": 17154476.0,
        "Basic Average Shares": 17144563.0,
        "Diluted EPS": 0.31,
        "Basic EPS": 0.31,
        "Diluted NI Availto Com Stockholders": 5401000.0,
        "Net Income Common Stockholders": 5401000.0,
        "Net Income": 5401000.0,
        "Net Income Including Noncontrolling Interests": 5401000.0,
        "Net Income Continuous Operations": 5401000.0,
        "Tax Provision": 1802000.0,
        "Pretax Income": 7203000.0,
        "Gain On Sale Of Security": 965000.0,
        "Selling General And Administration": 3337000.0,
        "General And Administrative Expense": 3337000.0,
        "Salaries And Wages": 3337000.0,
        "Total Revenue": 14925000.0,
        "Operating Revenue": 14925000.0,
        "Occupancy And Equipment": 935000.0,
        "Professional Expense And Contract Services Expense": 1397000.0,
        "Other Non Interest Expense": 1180000.0
    },
    "2024-03-31": {
        "Tax Effect Of Unusual Items": 3183.913934,
        "Tax Rate For Calcs": 0.289447,
        "Total Unusual Items": 11000.0,
        "Total Unusual Items Excluding Goodwill": 11000.0,
        "Net Income From Continuing Operation Net Minority Interest": 4161000.0,
        "Reconciled Depreciation": 349000.0,
        "Net Interest Income": 11714000.0,
        "Interest Expense": 3165000.0,
        "Interest Income": 14879000.0,
        "Normalized Income": 4153183.913934,
        "Net Income From Continuing And Discontinued Operation": 4161000.0,
        "Diluted Average Shares": 17171642.0,
        "Basic Average Shares": 17170907.0,
        "Diluted EPS": 0.24,
        "Basic EPS": 0.24,
        "Diluted NI Availto Com Stockholders": 4161000.0,
        "Net Income Common Stockholders": 4161000.0,
        "Net Income": 4161000.0,
        "Net Income Including Noncontrolling Interests": 4161000.0,
        "Net Income Continuous Operations": 4161000.0,
        "Tax Provision": 1695000.0,
        "Pretax Income": 5856000.0,
        "Gain On Sale Of Security": -294000.0,
        "Selling General And Administration": 3626000.0,
        "General And Administrative Expense": 3626000.0,
        "Salaries And Wages": 3626000.0,
        "Total Revenue": 12767000.0,
        "Operating Revenue": 12767000.0,
        "Occupancy And Equipment": 858000.0,
        "Professional Expense And Contract Services Expense": 243000.0,
        "Other Non Interest Expense": 2011000.0
    },
    "2024-06-30": {
        "Tax Effect Of Unusual Items": 0.0,
        "Tax Rate For Calcs": 0.2894,
        "Total Unusual Items": 0.0,
        "Total Unusual Items Excluding Goodwill": 0.0,
        "Net Income From Continuing Operation Net Minority Interest": 4297000.0,
        "Reconciled Depreciation": 363000.0,
        "Net Interest Income": 11522000.0,
        "Interest Expense": 3450000.0,
        "Interest Income": 14972000.0,
        "Normalized Income": 4297000.0,
        "Net Income From Continuing And Discontinued Operation": 4297000.0,
        "Diluted Average Shares": NaN,
        "Basic Average Shares": NaN,
        "Diluted EPS": NaN,
        "Basic EPS": NaN,
        "Diluted NI Availto Com Stockholders": 4297000.0,
        "Net Income Common Stockholders": 4297000.0,
        "Net Income": 4297000.0,
        "Net Income Including Noncontrolling Interests": 4297000.0,
        "Net Income Continuous Operations": 4297000.0,
        "Tax Provision": 1750000.0,
        "Pretax Income": 6047000.0,
        "Gain On Sale Of Security": -225000.0,
        "Selling General And Administration": 3493000.0,
        "General And Administrative Expense": 3493000.0,
        "Salaries And Wages": 3493000.0,
        "Total Revenue": 12822000.0,
        "Operating Revenue": 12822000.0,
        "Occupancy And Equipment": 884000.0,
        "Professional Expense And Contract Services Expense": 642000.0,
        "Other Non Interest Expense": 1737000.0
    },
    "2024-09-30": {
        "Tax Effect Of Unusual Items": 0.0,
        "Tax Rate For Calcs": 0.2543,
        "Total Unusual Items": 0.0,
        "Total Unusual Items Excluding Goodwill": 0.0,
        "Net Income From Continuing Operation Net Minority Interest": 3829000.0,
        "Reconciled Depreciation": 383000.0,
        "Net Interest Income": 11812000.0,
        "Interest Expense": 3943000.0,
        "Interest Income": 15755000.0,
        "Normalized Income": 3829000.0,
        "Net Income From Continuing And Discontinued Operation": 3829000.0,
        "Diluted Average Shares": 17206391.0,
        "Basic Average Shares": 17194024.0,
        "Diluted EPS": 0.22,
        "Basic EPS": 0.22,
        "Diluted NI Availto Com Stockholders": 3829000.0,
        "Net Income Common Stockholders": 3829000.0,
        "Net Income": 3829000.0,
        "Net Income Including Noncontrolling Interests": 3829000.0,
        "Net Income Continuous Operations": 3829000.0,
        "Tax Provision": 1306000.0,
        "Pretax Income": 5135000.0,
        "Gain On Sale Of Security": 885000.0,
        "Selling General And Administration": 3631000.0,
        "General And Administrative Expense": 3631000.0,
        "Salaries And Wages": 3631000.0,
        "Total Revenue": 13823000.0,
        "Operating Revenue": 13823000.0,
        "Occupancy And Equipment": 990000.0,
        "Professional Expense And Contract Services Expense": 1128000.0,
        "Other Non Interest Expense": 1381000.0
    },
    "2024-12-31": {
        "Tax Effect Of Unusual Items": 0.0,
        "Tax Rate For Calcs": 0.239488,
        "Total Unusual Items": 0.0,
        "Total Unusual Items Excluding Goodwill": 0.0,
        "Net Income From Continuing Operation Net Minority Interest": 2496000.0,
        "Reconciled Depreciation": 1020000.0,
        "Net Interest Income": 11804000.0,
        "Interest Expense": 3342000.0,
        "Interest Income": 15146000.0,
        "Normalized Income": 2496000.0,
        "Net Income From Continuing And Discontinued Operation": 2496000.0,
        "Diluted Average Shares": 17237136.0,
        "Basic Average Shares": 17202324.0,
        "Diluted EPS": 0.15,
        "Basic EPS": 0.15,
        "Diluted NI Availto Com Stockholders": 2496000.0,
        "Net Income Common Stockholders": 2496000.0,
        "Net Income": 2496000.0,
        "Net Income Including Noncontrolling Interests": 2496000.0,
        "Net Income Continuous Operations": 2496000.0,
        "Tax Provision": 786000.0,
        "Pretax Income": 3282000.0,
        "Gain On Sale Of Security": -1025000.0,
        "Selling General And Administration": 3570000.0,
        "General And Administrative Expense": 3570000.0,
        "Salaries And Wages": 3570000.0,
        "Total Revenue": 11961000.0,
        "Operating Revenue": 11961000.0,
        "Occupancy And Equipment": 955000.0,
        "Professional Expense And Contract Services Expense": 1401000.0,
        "Other Non Interest Expense": 1540000.0
    },
    "2025-03-31": {
        "Tax Effect Of Unusual Items": 0.0,
        "Tax Rate For Calcs": 0.2852,
        "Total Unusual Items": 0.0,
        "Total Unusual Items Excluding Goodwill": 0.0,
        "Net Income From Continuing Operation Net Minority Interest": 2682000.0,
        "Reconciled Depreciation": 376000.0,
        "Net Interest Income": 12296000.0,
        "Interest Expense": 2987000.0,
        "Interest Income": 15283000.0,
        "Normalized Income": 2682000.0,
        "Net Income From Continuing And Discontinued Operation": 2682000.0,
        "Diluted Average Shares": 17261452.0,
        "Basic Average Shares": 17229743.0,
        "Diluted EPS": 0.16,
        "Basic EPS": 0.16,
        "Diluted NI Availto Com Stockholders": 2682000.0,
        "Net Income Common Stockholders": 2682000.0,
        "Net Income": 2682000.0,
        "Net Income Including Noncontrolling Interests": 2682000.0,
        "Net Income Continuous Operations": 2682000.0,
        "Tax Provision": 1070000.0,
        "Pretax Income": 3752000.0,
        "Gain On Sale Of Security": 270000.0,
        "Selling General And Administration": 4028000.0,
        "General And Administrative Expense": 4028000.0,
        "Salaries And Wages": 4028000.0,
        "Total Revenue": 13656000.0,
        "Operating Revenue": 13656000.0,
        "Occupancy And Equipment": 966000.0,
        "Professional Expense And Contract Services Expense": 646000.0,
        "Other Non Interest Expense": 1964000.0
    },
    "2025-06-30": {
        "Tax Effect Of Unusual Items": -15267.857143,
        "Tax Rate For Calcs": 0.282738,
        "Total Unusual Items": -54000.0,
        "Total Unusual Items Excluding Goodwill": -54000.0,
        "Net Income From Continuing Operation Net Minority Interest": 2169000.0,
        "Reconciled Depreciation": 359000.0,
        "Net Interest Income": 11863000.0,
        "Interest Expense": 3141000.0,
        "Interest Income": 15004000.0,
        "Normalized Income": 2207732.142857,
        "Net Income From Continuing And Discontinued Operation": 2169000.0,
        "Diluted Average Shares": 17260392.0,
        "Basic Average Shares": 17235873.0,
        "Diluted EPS": 0.13,
        "Basic EPS": 0.13,
        "Diluted NI Availto Com Stockholders": 2169000.0,
        "Net Income Common Stockholders": 2169000.0,
        "Net Income": 2169000.0,
        "Net Income Including Noncontrolling Interests": 2169000.0,
        "Net Income Continuous Operations": 2169000.0,
        "Tax Provision": 855000.0,
        "Pretax Income": 3024000.0,
        "Gain On Sale Of Security": -317000.0,
        "Selling General And Administration": 4134000.0,
        "General And Administrative Expense": 4134000.0,
        "Salaries And Wages": 4134000.0,
        "Total Revenue": 12505000.0,
        "Operating Revenue": 12505000.0,
        "Occupancy And Equipment": 930000.0,
        "Professional Expense And Contract Services Expense": 350000.0,
        "Other Non Interest Expense": 2209000.0
    },
    "2025-09-30": {
        "Tax Effect Of Unusual Items": NaN,
        "Tax Rate For Calcs": NaN,
        "Total Unusual Items": NaN,
        "Total Unusual Items Excluding Goodwill": NaN,
        "Net Income From Continuing Operation Net Minority Interest": NaN,
        "Reconciled Depreciation": NaN,
        "Net Interest Income": NaN,
        "Interest Expense": NaN,
        "Interest Income": NaN,
        "Normalized Income": NaN,
        "Net Income From Continuing And Discontinued Operation": NaN,
        "Diluted Average Shares": 17297560.0,
        "Basic Average Shares": 17240659.0,
        "Diluted EPS": 0.23,
        "Basic EPS": 0.23,
        "Diluted NI Availto Com Stockholders": NaN,
        "Net Income Common Stockholders": NaN,
        "Net Income": NaN,
        "Net Income Including Noncontrolling Interests": NaN,
        "Net Income Continuous Operations": NaN,
        "Tax Provision": NaN,
        "Pretax Income": NaN,
        "Gain On Sale Of Security": NaN,
        "Selling General And Administration": NaN,
        "General And Administrative Expense": NaN,
        "Salaries And Wages": NaN,
        "Total Revenue": NaN,
        "Operating Revenue": NaN,
        "Occupancy And Equipment": NaN,
        "Professional Expense And Contract Services Expense": NaN,
        "Other Non Interest Expense": NaN
    }
}