{
    "2023-06-30": {
        "Tax Effect Of Unusual Items": NaN,
        "Tax Rate For Calcs": NaN,
        "Total Unusual Items": NaN,
        "Total Unusual Items Excluding Goodwill": NaN,
        "Net Income From Continuing Operation Net Minority Interest": NaN,
        "Net Interest Income": NaN,
        "Interest Expense": NaN,
        "Interest Income": NaN,
        "Normalized Income": NaN,
        "Net Income From Continuing And Discontinued Operation": NaN,
        "Diluted Average Shares": NaN,
        "Basic Average Shares": NaN,
        "Diluted EPS": NaN,
        "Basic EPS": NaN,
        "Diluted NI Availto Com Stockholders": NaN,
        "Net Income Common Stockholders": NaN,
        "Otherunder Preferred Stock Dividend": 223000.0,
        "Net Income": NaN,
        "Net Income Including Noncontrolling Interests": NaN,
        "Net Income Continuous Operations": NaN,
        "Tax Provision": NaN,
        "Pretax Income": NaN,
        "Gain On Sale Of Security": NaN,
        "Selling General And Administration": NaN,
        "General And Administrative Expense": NaN,
        "Insurance And Claims": NaN,
        "Salaries And Wages": NaN,
        "Total Revenue": NaN,
        "Operating Revenue": NaN,
        "Occupancy And Equipment": NaN,
        "Other Non Interest Expense": NaN
    },
    "2023-03-31": {
        "Tax Effect Of Unusual Items": NaN,
        "Tax Rate For Calcs": NaN,
        "Total Unusual Items": NaN,
        "Total Unusual Items Excluding Goodwill": NaN,
        "Net Income From Continuing Operation Net Minority Interest": NaN,
        "Net Interest Income": NaN,
        "Interest Expense": NaN,
        "Interest Income": NaN,
        "Normalized Income": NaN,
        "Net Income From Continuing And Discontinued Operation": NaN,
        "Diluted Average Shares": NaN,
        "Basic Average Shares": NaN,
        "Diluted EPS": NaN,
        "Basic EPS": NaN,
        "Diluted NI Availto Com Stockholders": NaN,
        "Net Income Common Stockholders": NaN,
        "Otherunder Preferred Stock Dividend": 246000.0,
        "Net Income": NaN,
        "Net Income Including Noncontrolling Interests": NaN,
        "Net Income Continuous Operations": NaN,
        "Tax Provision": NaN,
        "Pretax Income": NaN,
        "Gain On Sale Of Security": NaN,
        "Selling General And Administration": NaN,
        "General And Administrative Expense": NaN,
        "Insurance And Claims": NaN,
        "Salaries And Wages": NaN,
        "Total Revenue": NaN,
        "Operating Revenue": NaN,
        "Occupancy And Equipment": NaN,
        "Other Non Interest Expense": NaN
    },
    "2022-12-31": {
        "Tax Effect Of Unusual Items": -223605.485349,
        "Tax Rate For Calcs": 0.210551,
        "Total Unusual Items": -1062000.0,
        "Total Unusual Items Excluding Goodwill": -1062000.0,
        "Net Income From Continuing Operation Net Minority Interest": 99765000.0,
        "Net Interest Income": 249404000.0,
        "Interest Expense": 58337000.0,
        "Interest Income": 307741000.0,
        "Normalized Income": 100603394.514651,
        "Net Income From Continuing And Discontinued Operation": 99765000.0,
        "Diluted Average Shares": 134799436.0,
        "Basic Average Shares": 134267532.0,
        "Diluted EPS": 0.74,
        "Basic EPS": 0.74,
        "Diluted NI Availto Com Stockholders": 100507000.0,
        "Net Income Common Stockholders": 100507000.0,
        "Otherunder Preferred Stock Dividend": NaN,
        "Net Income": 99765000.0,
        "Net Income Including Noncontrolling Interests": 99765000.0,
        "Net Income Continuous Operations": 99765000.0,
        "Tax Provision": 26608000.0,
        "Pretax Income": 126373000.0,
        "Gain On Sale Of Security": 51000.0,
        "Selling General And Administration": 48547000.0,
        "General And Administrative Expense": 48547000.0,
        "Insurance And Claims": 3248000.0,
        "Salaries And Wages": 67833000.0,
        "Total Revenue": 276878000.0,
        "Operating Revenue": 276878000.0
    },
    "2022-09-30": {
        "Tax Effect Of Unusual Items": NaN,
        "Tax Rate For Calcs": NaN,
        "Total Unusual Items": NaN,
        "Total Unusual Items Excluding Goodwill": NaN,
        "Net Income From Continuing Operation Net Minority Interest": NaN,
        "Net Interest Income": NaN,
        "Interest Expense": NaN,
        "Interest Income": NaN,
        "Normalized Income": NaN,
        "Net Income From Continuing And Discontinued Operation": NaN,
        "Diluted Average Shares": NaN,
        "Basic Average Shares": NaN,
        "Diluted EPS": NaN,
        "Basic EPS": NaN,
        "Diluted NI Availto Com Stockholders": NaN,
        "Net Income Common Stockholders": NaN,
        "Otherunder Preferred Stock Dividend": 273000.0,
        "Net Income": NaN,
        "Net Income Including Noncontrolling Interests": NaN,
        "Net Income Continuous Operations": NaN,
        "Tax Provision": NaN,
        "Pretax Income": NaN,
        "Gain On Sale Of Security": NaN,
        "Selling General And Administration": NaN,
        "General And Administrative Expense": NaN,
        "Other Gand A": 7614000.0,
        "Insurance And Claims": NaN,
        "Salaries And Wages": NaN,
        "Total Revenue": NaN,
        "Operating Revenue": NaN
    },
    "2022-06-30": {
        "Tax Effect Of Unusual Items": 89665.0,
        "Tax Rate For Calcs": 0.1975,
        "Total Unusual Items": 454000.0,
        "Total Unusual Items Excluding Goodwill": 454000.0,
        "Net Income From Continuing Operation Net Minority Interest": 95613000.0,
        "Reconciled Depreciation": 1379000.0,
        "Net Interest Income": 214903000.0,
        "Interest Expense": 12868000.0,
        "Interest Income": 227771000.0,
        "Normalized Income": 95248665.0,
        "Net Income From Continuing And Discontinued Operation": 95613000.0,
        "Diluted Average Shares": 134863650.0,
        "Basic Average Shares": 134623061.0,
        "Diluted EPS": 0.71,
        "Basic EPS": 0.71,
        "Diluted NI Availto Com Stockholders": 95613000.0,
        "Net Income Common Stockholders": 95613000.0,
        "Otherunder Preferred Stock Dividend": NaN,
        "Net Income": 95613000.0,
        "Net Income Including Noncontrolling Interests": 95613000.0,
        "Net Income Continuous Operations": 95613000.0,
        "Tax Provision": 23531000.0,
        "Pretax Income": 119144000.0,
        "Special Income Charges": NaN,
        "Gain On Sale Of Security": 1182000.0,
        "Depreciation Amortization Depletion Income Statement": 1379000.0,
        "Depreciation And Amortization In Income Statement": 1379000.0,
        "Amortization": 1379000.0,
        "Amortization Of Intangibles Income Statement": 1379000.0,
        "Selling General And Administration": 85232000.0,
        "General And Administrative Expense": 85232000.0,
        "Other Gand A": 7549000.0,
        "Insurance And Claims": 3004000.0,
        "Salaries And Wages": 74679000.0,
        "Total Revenue": 251283000.0,
        "Operating Revenue": 251283000.0
    },
    "2022-03-31": {
        "Diluted EPS": 0.6,
        "Total Revenue": 249,
        "Gross Profit": 238,
        "Operating Income": 102,
        "EBIT": NaN,
        "Net Income": 82
    },
    "2021-12-31": {
        "Diluted EPS": 0.56,
        "Total Revenue": 249,
        "Gross Profit": 238,
        "Operating Income": 93,
        "EBIT": NaN,
        "Net Income": 74
    },
    "2021-09-30": {
        "Diluted EPS": 0.71,
        "Total Revenue": 263,
        "Gross Profit": 250,
        "Operating Income": 116,
        "EBIT": NaN,
        "Net Income": 92
    },
    "2021-06-30": {
        "Diluted EPS": 0.73,
        "Total Revenue": 263,
        "Gross Profit": 249,
        "Operating Income": 119,
        "EBIT": NaN,
        "Net Income": 95
    },
    "2021-03-31": {
        "Diluted EPS": 0.83,
        "Total Revenue": 298,
        "Gross Profit": 284,
        "Operating Income": 134,
        "EBIT": NaN,
        "Net Income": 107
    },
    "2020-12-31": {
        "Diluted EPS": 0.76,
        "Total Revenue": 303,
        "Gross Profit": 286,
        "Operating Income": 115,
        "EBIT": NaN,
        "Net Income": 92
    },
    "2020-09-30": {
        "Diluted EPS": 0.8,
        "Total Revenue": 346,
        "Gross Profit": 321,
        "Operating Income": 133,
        "EBIT": NaN,
        "Net Income": 104
    },
    "2020-06-30": {
        "Diluted EPS": 0.44,
        "Total Revenue": 287,
        "Gross Profit": 259,
        "Operating Income": 64,
        "EBIT": NaN,
        "Net Income": 53
    },
    "2020-03-31": {
        "Diluted EPS": 0.4,
        "Total Revenue": 217,
        "Gross Profit": 178,
        "Operating Income": 50,
        "EBIT": NaN,
        "Net Income": 40
    },
    "2019-12-31": {
        "Diluted EPS": 0.62,
        "Total Revenue": 221,
        "Gross Profit": 179,
        "Operating Income": 76,
        "EBIT": NaN,
        "Net Income": 63
    },
    "2019-09-30": {
        "Diluted EPS": 0.65,
        "Total Revenue": 233,
        "Gross Profit": 184,
        "Operating Income": 83,
        "EBIT": NaN,
        "Net Income": 66
    },
    "2019-06-30": {
        "Diluted EPS": 0.66,
        "Total Revenue": 239,
        "Gross Profit": 190,
        "Operating Income": 85,
        "EBIT": NaN,
        "Net Income": 67
    },
    "2019-03-31": {
        "Diluted EPS": 0.62,
        "Total Revenue": 220,
        "Gross Profit": 175,
        "Operating Income": 81,
        "EBIT": NaN,
        "Net Income": 64
    },
    "2018-12-31": {
        "Diluted EPS": 0.61,
        "Total Revenue": 217,
        "Gross Profit": 177,
        "Operating Income": 80,
        "EBIT": NaN,
        "Net Income": 64
    },
    "2018-09-30": {
        "Diluted EPS": 0.62,
        "Total Revenue": 217,
        "Gross Profit": 180,
        "Operating Income": 82,
        "EBIT": NaN,
        "Net Income": 64
    },
    "2018-06-30": {
        "Diluted EPS": 0.63,
        "Total Revenue": 214,
        "Gross Profit": 185,
        "Operating Income": 86,
        "EBIT": NaN,
        "Net Income": 66
    },
    "2018-03-31": {
        "Diluted EPS": 0.59,
        "Total Revenue": 198,
        "Gross Profit": 175,
        "Operating Income": 80,
        "EBIT": NaN,
        "Net Income": 62
    },
    "2017-12-31": {
        "Diluted EPS": 0.15,
        "Total Revenue": 209,
        "Gross Profit": 188,
        "Operating Income": 85,
        "EBIT": NaN,
        "Net Income": 18
    },
    "2017-09-30": {
        "Diluted EPS": 0.54,
        "Total Revenue": 210,
        "Gross Profit": 189,
        "Operating Income": 85,
        "EBIT": NaN,
        "Net Income": 57
    },
    "2017-06-30": {
        "Diluted EPS": 0.37,
        "Total Revenue": 195,
        "Gross Profit": 177,
        "Operating Income": 56,
        "EBIT": NaN,
        "Net Income": 37
    },
    "2017-03-31": {
        "Diluted EPS": 0.48,
        "Total Revenue": 141,
        "Gross Profit": 128,
        "Operating Income": 59,
        "EBIT": NaN,
        "Net Income": 39
    },
    "2016-12-31": {
        "Diluted EPS": 0.51,
        "Total Revenue": 142,
        "Gross Profit": 130,
        "Operating Income": 62,
        "EBIT": NaN,
        "Net Income": 39
    },
    "2016-09-30": {
        "Diluted EPS": 0.54,
        "Total Revenue": 142,
        "Gross Profit": 130,
        "Operating Income": 60,
        "EBIT": NaN,
        "Net Income": 41
    },
    "2016-06-30": {
        "Diluted EPS": 0.44,
        "Total Revenue": 131,
        "Gross Profit": 121,
        "Operating Income": 48,
        "EBIT": NaN,
        "Net Income": 32
    },
    "2016-03-31": {
        "Diluted EPS": 0.5,
        "Total Revenue": 125,
        "Gross Profit": 115,
        "Operating Income": 53,
        "EBIT": NaN,
        "Net Income": 35
    },
    "2015-12-31": {
        "Diluted EPS": 0.48,
        "Total Revenue": 125,
        "Gross Profit": 115,
        "Operating Income": 50,
        "EBIT": NaN,
        "Net Income": 33
    },
    "2015-09-30": {
        "Diluted EPS": 0.5,
        "Total Revenue": 124,
        "Gross Profit": 114,
        "Operating Income": 51,
        "EBIT": NaN,
        "Net Income": 35
    },
    "2015-06-30": {
        "Diluted EPS": 0.5,
        "Total Revenue": 125,
        "Gross Profit": 115,
        "Operating Income": 52,
        "EBIT": NaN,
        "Net Income": 35
    },
    "2015-03-31": {
        "Diluted EPS": 0.5,
        "Total Revenue": 123,
        "Gross Profit": 113,
        "Operating Income": 50,
        "EBIT": NaN,
        "Net Income": 35
    },
    "2014-12-31": {
        "Diluted EPS": 0.48,
        "Total Revenue": 131,
        "Gross Profit": 120,
        "Operating Income": 50,
        "EBIT": NaN,
        "Net Income": 33
    },
    "2014-09-30": {
        "Diluted EPS": 0.48,
        "Total Revenue": 123,
        "Gross Profit": 112,
        "Operating Income": 50,
        "EBIT": NaN,
        "Net Income": 33
    },
    "2014-06-30": {
        "Diluted EPS": 0.48,
        "Total Revenue": 124,
        "Gross Profit": 113,
        "Operating Income": 50,
        "EBIT": NaN,
        "Net Income": 33
    },
    "2014-03-31": {
        "Diluted EPS": 0.48,
        "Total Revenue": 122,
        "Gross Profit": 112,
        "Operating Income": 46,
        "EBIT": NaN,
        "Net Income": 30
    },
    "2013-12-31": {
        "Diluted EPS": 0.39,
        "Total Revenue": 88,
        "Gross Profit": 80,
        "Operating Income": 29,
        "EBIT": NaN,
        "Net Income": 20
    },
    "2013-09-30": {
        "Diluted EPS": 0.44,
        "Total Revenue": 95,
        "Gross Profit": 86,
        "Operating Income": 33,
        "EBIT": NaN,
        "Net Income": 22
    },
    "2013-06-30": {
        "Diluted EPS": 0.44,
        "Total Revenue": 95,
        "Gross Profit": 85,
        "Operating Income": 32,
        "EBIT": NaN,
        "Net Income": 22
    },
    "2013-03-31": {
        "Diluted EPS": 0.43,
        "Total Revenue": 95,
        "Gross Profit": 85,
        "Operating Income": 32,
        "EBIT": NaN,
        "Net Income": 22
    },
    "2012-12-31": {
        "Diluted EPS": 0.42,
        "Total Revenue": 95,
        "Gross Profit": 85,
        "Operating Income": 31,
        "EBIT": NaN,
        "Net Income": 21
    },
    "2012-09-30": {
        "Diluted EPS": 0.38,
        "Total Revenue": 98,
        "Gross Profit": 87,
        "Operating Income": 28,
        "EBIT": NaN,
        "Net Income": 19
    },
    "2012-06-30": {
        "Diluted EPS": 0.42,
        "Total Revenue": 98,
        "Gross Profit": 86,
        "Operating Income": 31,
        "EBIT": NaN,
        "Net Income": 21
    },
    "2012-03-31": {
        "Diluted EPS": 0.42,
        "Total Revenue": 98,
        "Gross Profit": 85,
        "Operating Income": 31,
        "EBIT": NaN,
        "Net Income": 21
    },
    "2011-12-31": {
        "Diluted EPS": 0.4,
        "Total Revenue": 97,
        "Gross Profit": 84,
        "Operating Income": 30,
        "EBIT": NaN,
        "Net Income": 20
    },
    "2011-09-30": {
        "Diluted EPS": 0.4,
        "Total Revenue": 96,
        "Gross Profit": 82,
        "Operating Income": 29,
        "EBIT": NaN,
        "Net Income": 20
    },
    "2011-06-30": {
        "Diluted EPS": 0.4,
        "Total Revenue": 86,
        "Gross Profit": 72,
        "Operating Income": 25,
        "EBIT": NaN,
        "Net Income": 17
    },
    "2011-03-31": {
        "Diluted EPS": 0.41,
        "Total Revenue": 89,
        "Gross Profit": 74,
        "Operating Income": 26,
        "EBIT": NaN,
        "Net Income": 18
    },
    "2010-12-31": {
        "Diluted EPS": 0.44,
        "Total Revenue": 91,
        "Gross Profit": 72,
        "Operating Income": 28,
        "EBIT": NaN,
        "Net Income": 19
    },
    "2010-09-30": {
        "Diluted EPS": 0.4,
        "Total Revenue": 96,
        "Gross Profit": 75,
        "Operating Income": 25,
        "EBIT": NaN,
        "Net Income": 17
    },
    "2010-06-30": {
        "Diluted EPS": 0.41,
        "Total Revenue": 100,
        "Gross Profit": 78,
        "Operating Income": 26,
        "EBIT": NaN,
        "Net Income": 18
    },
    "2010-03-31": {
        "Diluted EPS": 0.4,
        "Total Revenue": 100,
        "Gross Profit": 76,
        "Operating Income": 25,
        "EBIT": NaN,
        "Net Income": 17
    },
    "2009-12-31": {
        "Diluted EPS": 0.4,
        "Total Revenue": 102,
        "Gross Profit": 75,
        "Operating Income": 25,
        "EBIT": NaN,
        "Net Income": 17
    },
    "2009-09-30": {
        "Diluted EPS": 0.28,
        "Total Revenue": 97,
        "Gross Profit": 68,
        "Operating Income": 16,
        "EBIT": NaN,
        "Net Income": 12
    },
    "2009-06-30": {
        "Diluted EPS": 0.19,
        "Total Revenue": 110,
        "Gross Profit": 80,
        "Operating Income": 11,
        "EBIT": NaN,
        "Net Income": 8
    },
    "2009-03-31": {
        "Diluted EPS": 0.68,
        "Total Revenue": 110,
        "Gross Profit": 76,
        "Operating Income": 26,
        "EBIT": NaN,
        "Net Income": 30
    },
    "2023-09-30": {
        "Tax Effect Of Unusual Items": NaN,
        "Tax Rate For Calcs": NaN,
        "Total Unusual Items": NaN,
        "Total Unusual Items Excluding Goodwill": NaN,
        "Net Income From Continuing Operation Net Minority Interest": NaN,
        "Net Interest Income": NaN,
        "Interest Expense": NaN,
        "Interest Income": NaN,
        "Normalized Income": NaN,
        "Net Income From Continuing And Discontinued Operation": NaN,
        "Diluted Average Shares": NaN,
        "Basic Average Shares": NaN,
        "Diluted EPS": NaN,
        "Basic EPS": NaN,
        "Diluted NI Availto Com Stockholders": NaN,
        "Net Income Common Stockholders": NaN,
        "Otherunder Preferred Stock Dividend": 227000.0,
        "Net Income": NaN,
        "Net Income Including Noncontrolling Interests": NaN,
        "Net Income Continuous Operations": NaN,
        "Tax Provision": NaN,
        "Pretax Income": NaN,
        "Gain On Sale Of Security": NaN,
        "Selling General And Administration": NaN,
        "General And Administrative Expense": NaN,
        "Insurance And Claims": NaN,
        "Salaries And Wages": NaN,
        "Total Revenue": NaN,
        "Operating Revenue": NaN,
        "Occupancy And Equipment": NaN,
        "Other Non Interest Expense": NaN
    },
    "2023-12-31": {
        "Tax Effect Of Unusual Items": 30003.339635,
        "Tax Rate For Calcs": 0.238122,
        "Total Unusual Items": 126000.0,
        "Total Unusual Items Excluding Goodwill": 126000.0,
        "Net Income From Continuing Operation Net Minority Interest": 79390000.0,
        "Net Interest Income": 229690000.0,
        "Interest Expense": 139485000.0,
        "Interest Income": 369175000.0,
        "Normalized Income": 79294003.339635,
        "Net Income From Continuing And Discontinued Operation": 79390000.0,
        "Diluted Average Shares": 134984970.0,
        "Basic Average Shares": 134691360.0,
        "Diluted EPS": 0.59,
        "Basic EPS": 0.59,
        "Diluted NI Availto Com Stockholders": 80086000.0,
        "Net Income Common Stockholders": 80086000.0,
        "Otherunder Preferred Stock Dividend": NaN,
        "Net Income": 79390000.0,
        "Net Income Including Noncontrolling Interests": 79390000.0,
        "Net Income Continuous Operations": 79390000.0,
        "Tax Provision": 24813000.0,
        "Pretax Income": 104203000.0,
        "Gain On Sale Of Security": 276000.0,
        "Selling General And Administration": 84221000.0,
        "General And Administrative Expense": 84221000.0,
        "Insurance And Claims": 16621000.0,
        "Salaries And Wages": 67600000.0,
        "Total Revenue": 261954000.0,
        "Operating Revenue": 261954000.0,
        "Occupancy And Equipment": 19229000.0,
        "Other Non Interest Expense": 47426000.0
    },
    "2024-03-31": {
        "Tax Effect Of Unusual Items": NaN,
        "Tax Rate For Calcs": NaN,
        "Total Unusual Items": NaN,
        "Total Unusual Items Excluding Goodwill": NaN,
        "Net Income From Continuing Operation Net Minority Interest": NaN,
        "Net Interest Income": NaN,
        "Interest Expense": NaN,
        "Interest Income": NaN,
        "Normalized Income": NaN,
        "Net Income From Continuing And Discontinued Operation": NaN,
        "Diluted Average Shares": NaN,
        "Basic Average Shares": NaN,
        "Diluted EPS": NaN,
        "Basic EPS": NaN,
        "Diluted NI Availto Com Stockholders": NaN,
        "Net Income Common Stockholders": NaN,
        "Otherunder Preferred Stock Dividend": 198000.0,
        "Net Income": NaN,
        "Net Income Including Noncontrolling Interests": NaN,
        "Net Income Continuous Operations": NaN,
        "Tax Provision": NaN,
        "Pretax Income": NaN,
        "Gain On Sale Of Security": NaN,
        "Selling General And Administration": NaN,
        "General And Administrative Expense": NaN,
        "Insurance And Claims": NaN,
        "Salaries And Wages": NaN,
        "Total Revenue": NaN,
        "Operating Revenue": NaN,
        "Occupancy And Equipment": NaN,
        "Other Non Interest Expense": NaN
    },
    "2024-06-30": {
        "Tax Effect Of Unusual Items": -5235.2,
        "Tax Rate For Calcs": 0.1636,
        "Total Unusual Items": -32000.0,
        "Total Unusual Items Excluding Goodwill": -32000.0,
        "Net Income From Continuing Operation Net Minority Interest": 96507000.0,
        "Net Interest Income": 225715000.0,
        "Interest Expense": 148469000.0,
        "Interest Income": 374184000.0,
        "Normalized Income": 96533764.8,
        "Net Income From Continuing And Discontinued Operation": 96507000.0,
        "Diluted Average Shares": NaN,
        "Basic Average Shares": NaN,
        "Diluted EPS": NaN,
        "Basic EPS": NaN,
        "Diluted NI Availto Com Stockholders": 96290000.0,
        "Net Income Common Stockholders": 96290000.0,
        "Otherunder Preferred Stock Dividend": 217000.0,
        "Net Income": 96507000.0,
        "Net Income Including Noncontrolling Interests": 96507000.0,
        "Net Income Continuous Operations": 96507000.0,
        "Tax Provision": 18878000.0,
        "Pretax Income": 115385000.0,
        "Gain On Sale Of Security": -218000.0,
        "Selling General And Administration": 75706000.0,
        "General And Administrative Expense": 75706000.0,
        "Insurance And Claims": 5058000.0,
        "Salaries And Wages": 70648000.0,
        "Total Revenue": 254293000.0,
        "Operating Revenue": 254293000.0,
        "Occupancy And Equipment": 18948000.0,
        "Other Non Interest Expense": 38475000.0
    },
    "2024-09-30": {
        "Tax Effect Of Unusual Items": 6990.4,
        "Tax Rate For Calcs": 0.2056,
        "Total Unusual Items": 34000.0,
        "Total Unusual Items Excluding Goodwill": 34000.0,
        "Net Income From Continuing Operation Net Minority Interest": 95267000.0,
        "Net Interest Income": 230256000.0,
        "Interest Expense": 152467000.0,
        "Interest Income": 382723000.0,
        "Normalized Income": 95239990.4,
        "Net Income From Continuing And Discontinued Operation": 95267000.0,
        "Diluted Average Shares": 135504911.0,
        "Basic Average Shares": 135158476.0,
        "Diluted EPS": 0.7,
        "Basic EPS": 0.7,
        "Diluted NI Availto Com Stockholders": 95056000.0,
        "Net Income Common Stockholders": 95056000.0,
        "Otherunder Preferred Stock Dividend": 211000.0,
        "Net Income": 95267000.0,
        "Net Income Including Noncontrolling Interests": 95267000.0,
        "Net Income Continuous Operations": 95267000.0,
        "Tax Provision": 24649000.0,
        "Pretax Income": 119916000.0,
        "Gain On Sale Of Security": -6715000.0,
        "Selling General And Administration": 75903000.0,
        "General And Administrative Expense": 75903000.0,
        "Insurance And Claims": 4338000.0,
        "Salaries And Wages": 71565000.0,
        "Total Revenue": 261168000.0,
        "Operating Revenue": 261168000.0,
        "Occupancy And Equipment": 19082000.0,
        "Other Non Interest Expense": 39324000.0
    },
    "2024-12-31": {
        "Tax Effect Of Unusual Items": -2201.48853,
        "Tax Rate For Calcs": 0.220149,
        "Total Unusual Items": -10000.0,
        "Total Unusual Items Excluding Goodwill": -10000.0,
        "Net Income From Continuing Operation Net Minority Interest": 94408000.0,
        "Net Interest Income": 232608000.0,
        "Interest Expense": 143426000.0,
        "Interest Income": 376034000.0,
        "Normalized Income": 94415798.51147,
        "Net Income From Continuing And Discontinued Operation": 94408000.0,
        "Diluted Average Shares": 135732069.0,
        "Basic Average Shares": 135235641.0,
        "Diluted EPS": 0.69,
        "Basic EPS": 0.7,
        "Diluted NI Availto Com Stockholders": 95036000.0,
        "Net Income Common Stockholders": 95036000.0,
        "Otherunder Preferred Stock Dividend": NaN,
        "Net Income": 94408000.0,
        "Net Income Including Noncontrolling Interests": 94408000.0,
        "Net Income Continuous Operations": 94408000.0,
        "Tax Provision": 26651000.0,
        "Pretax Income": 121059000.0,
        "Gain On Sale Of Security": -688000.0,
        "Selling General And Administration": 75946000.0,
        "General And Administrative Expense": 75946000.0,
        "Insurance And Claims": 3884000.0,
        "Salaries And Wages": 72062000.0,
        "Total Revenue": 261040000.0,
        "Operating Revenue": 261040000.0,
        "Occupancy And Equipment": 18544000.0,
        "Other Non Interest Expense": 38800000.0
    },
    "2025-03-31": {
        "Tax Effect Of Unusual Items": 2327.6,
        "Tax Rate For Calcs": 0.2116,
        "Total Unusual Items": 11000.0,
        "Total Unusual Items Excluding Goodwill": 11000.0,
        "Net Income From Continuing Operation Net Minority Interest": 84306000.0,
        "Net Interest Income": 260055000.0,
        "Interest Expense": 143592000.0,
        "Interest Income": 403647000.0,
        "Normalized Income": 84297327.6,
        "Net Income From Continuing And Discontinued Operation": 84306000.0,
        "Diluted Average Shares": 142698118.0,
        "Basic Average Shares": 142330694.0,
        "Diluted EPS": 0.59,
        "Basic EPS": 0.59,
        "Diluted NI Availto Com Stockholders": 84123000.0,
        "Net Income Common Stockholders": 84123000.0,
        "Otherunder Preferred Stock Dividend": 183000.0,
        "Net Income": 84306000.0,
        "Net Income Including Noncontrolling Interests": 84306000.0,
        "Net Income Continuous Operations": 84306000.0,
        "Tax Provision": 22627000.0,
        "Pretax Income": 106933000.0,
        "Gain On Sale Of Security": 521000.0,
        "Selling General And Administration": 78885000.0,
        "General And Administrative Expense": 78885000.0,
        "Insurance And Claims": 4728000.0,
        "Salaries And Wages": 74157000.0,
        "Total Revenue": 289020000.0,
        "Operating Revenue": 289020000.0,
        "Occupancy And Equipment": 21183000.0,
        "Other Non Interest Expense": 52916000.0
    },
    "2025-06-30": {
        "Tax Effect Of Unusual Items": -3299.2,
        "Tax Rate For Calcs": 0.2062,
        "Total Unusual Items": -16000.0,
        "Total Unusual Items Excluding Goodwill": -16000.0,
        "Net Income From Continuing Operation Net Minority Interest": 120721000.0,
        "Net Interest Income": 274537000.0,
        "Interest Expense": 146659000.0,
        "Interest Income": 421196000.0,
        "Normalized Income": 120733700.8,
        "Net Income From Continuing And Discontinued Operation": 120721000.0,
        "Diluted Average Shares": 142444497.0,
        "Basic Average Shares": 142206539.0,
        "Diluted EPS": 0.85,
        "Basic EPS": 0.85,
        "Diluted NI Availto Com Stockholders": 120448000.0,
        "Net Income Common Stockholders": 120448000.0,
        "Otherunder Preferred Stock Dividend": 273000.0,
        "Net Income": 120721000.0,
        "Net Income Including Noncontrolling Interests": 120721000.0,
        "Net Income Continuous Operations": 120721000.0,
        "Tax Provision": 31367000.0,
        "Pretax Income": 152088000.0,
        "Gain On Sale Of Security": 425000.0,
        "Selling General And Administration": 80895000.0,
        "General And Administrative Expense": 80895000.0,
        "Insurance And Claims": 4532000.0,
        "Salaries And Wages": 76363000.0,
        "Total Revenue": 305393000.0,
        "Operating Revenue": 305393000.0,
        "Occupancy And Equipment": 21076000.0,
        "Other Non Interest Expense": 45445000.0
    },
    "2025-09-30": {
        "Tax Effect Of Unusual Items": NaN,
        "Tax Rate For Calcs": NaN,
        "Total Unusual Items": NaN,
        "Total Unusual Items Excluding Goodwill": NaN,
        "Net Income From Continuing Operation Net Minority Interest": NaN,
        "Net Interest Income": NaN,
        "Interest Expense": NaN,
        "Interest Income": NaN,
        "Normalized Income": NaN,
        "Net Income From Continuing And Discontinued Operation": NaN,
        "Diluted Average Shares": 141960608.0,
        "Basic Average Shares": 141547684.0,
        "Diluted EPS": 0.92,
        "Basic EPS": 0.92,
        "Diluted NI Availto Com Stockholders": NaN,
        "Net Income Common Stockholders": NaN,
        "Otherunder Preferred Stock Dividend": NaN,
        "Net Income": NaN,
        "Net Income Including Noncontrolling Interests": NaN,
        "Net Income Continuous Operations": NaN,
        "Tax Provision": NaN,
        "Pretax Income": NaN,
        "Gain On Sale Of Security": NaN,
        "Selling General And Administration": NaN,
        "General And Administrative Expense": NaN,
        "Insurance And Claims": NaN,
        "Salaries And Wages": NaN,
        "Total Revenue": NaN,
        "Operating Revenue": NaN,
        "Occupancy And Equipment": NaN,
        "Other Non Interest Expense": NaN
    }
}