{
    "2023-03-31": {
        "Tax Effect Of Unusual Items": NaN,
        "Tax Rate For Calcs": NaN,
        "Normalized EBITDA": NaN,
        "Net Income From Continuing Operation Net Minority Interest": NaN,
        "Reconciled Cost Of Revenue": NaN,
        "EBITDA": NaN,
        "EBIT": NaN,
        "Net Interest Income": NaN,
        "Interest Expense": NaN,
        "Interest Income": NaN,
        "Normalized Income": NaN,
        "Net Income From Continuing And Discontinued Operation": NaN,
        "Total Expenses": NaN,
        "Total Operating Income As Reported": NaN,
        "Diluted Average Shares": NaN,
        "Basic Average Shares": NaN,
        "Diluted EPS": NaN,
        "Basic EPS": NaN,
        "Diluted NI Availto Com Stockholders": NaN,
        "Net Income Common Stockholders": NaN,
        "Net Income": NaN,
        "Net Income Including Noncontrolling Interests": NaN,
        "Net Income Continuous Operations": NaN,
        "Earnings From Equity Interest Net Of Tax": NaN,
        "Tax Provision": NaN,
        "Pretax Income": NaN,
        "Other Income Expense": NaN,
        "Other Non Operating Income Expenses": NaN,
        "Net Non Operating Interest Income Expense": NaN,
        "Interest Expense Non Operating": NaN,
        "Interest Income Non Operating": NaN,
        "Operating Income": NaN,
        "Operating Expense": NaN,
        "Other Operating Expenses": -1121000.0,
        "Research And Development": NaN,
        "Selling General And Administration": NaN,
        "Selling And Marketing Expense": NaN,
        "General And Administrative Expense": NaN,
        "Other Gand A": NaN,
        "Gross Profit": NaN,
        "Cost Of Revenue": NaN,
        "Total Revenue": NaN,
        "Operating Revenue": NaN
    },
    "2022-12-31": {
        "Tax Effect Of Unusual Items": NaN,
        "Tax Rate For Calcs": NaN,
        "Normalized EBITDA": NaN,
        "Net Income From Continuing Operation Net Minority Interest": NaN,
        "Reconciled Cost Of Revenue": NaN,
        "EBITDA": NaN,
        "EBIT": NaN,
        "Net Interest Income": NaN,
        "Interest Expense": NaN,
        "Interest Income": NaN,
        "Normalized Income": NaN,
        "Net Income From Continuing And Discontinued Operation": NaN,
        "Total Expenses": NaN,
        "Total Operating Income As Reported": NaN,
        "Diluted Average Shares": NaN,
        "Basic Average Shares": NaN,
        "Diluted EPS": NaN,
        "Basic EPS": NaN,
        "Diluted NI Availto Com Stockholders": NaN,
        "Net Income Common Stockholders": NaN,
        "Net Income": NaN,
        "Net Income Including Noncontrolling Interests": NaN,
        "Net Income Continuous Operations": NaN,
        "Earnings From Equity Interest Net Of Tax": NaN,
        "Tax Provision": NaN,
        "Pretax Income": NaN,
        "Other Income Expense": -15113000.0,
        "Other Non Operating Income Expenses": 149000.0,
        "Net Non Operating Interest Income Expense": NaN,
        "Interest Expense Non Operating": NaN,
        "Interest Income Non Operating": NaN,
        "Operating Income": NaN,
        "Operating Expense": NaN,
        "Other Operating Expenses": -15234000.0,
        "Research And Development": NaN,
        "Selling General And Administration": NaN,
        "Selling And Marketing Expense": NaN,
        "General And Administrative Expense": NaN,
        "Other Gand A": NaN,
        "Gross Profit": NaN,
        "Cost Of Revenue": NaN,
        "Total Revenue": NaN,
        "Operating Revenue": NaN
    },
    "2022-09-30": {
        "Tax Effect Of Unusual Items": NaN,
        "Tax Rate For Calcs": NaN,
        "Normalized EBITDA": NaN,
        "Net Income From Continuing Operation Net Minority Interest": NaN,
        "Reconciled Cost Of Revenue": NaN,
        "EBITDA": NaN,
        "EBIT": NaN,
        "Net Interest Income": NaN,
        "Interest Expense": NaN,
        "Interest Income": NaN,
        "Normalized Income": NaN,
        "Net Income From Continuing And Discontinued Operation": NaN,
        "Total Expenses": NaN,
        "Total Operating Income As Reported": NaN,
        "Diluted Average Shares": NaN,
        "Basic Average Shares": NaN,
        "Diluted EPS": NaN,
        "Basic EPS": NaN,
        "Diluted NI Availto Com Stockholders": NaN,
        "Net Income Common Stockholders": NaN,
        "Net Income": NaN,
        "Net Income Including Noncontrolling Interests": NaN,
        "Net Income Continuous Operations": NaN,
        "Earnings From Equity Interest Net Of Tax": NaN,
        "Tax Provision": NaN,
        "Pretax Income": NaN,
        "Other Income Expense": -5303000.0,
        "Other Non Operating Income Expenses": -5303000.0,
        "Net Non Operating Interest Income Expense": NaN,
        "Interest Expense Non Operating": NaN,
        "Interest Income Non Operating": NaN,
        "Operating Income": NaN,
        "Operating Expense": NaN,
        "Other Operating Expenses": 5523000.0,
        "Research And Development": NaN,
        "Selling General And Administration": NaN,
        "Selling And Marketing Expense": NaN,
        "General And Administrative Expense": NaN,
        "Other Gand A": NaN,
        "Gross Profit": NaN,
        "Cost Of Revenue": NaN,
        "Total Revenue": NaN,
        "Operating Revenue": NaN
    },
    "2022-06-30": {
        "Tax Effect Of Unusual Items": 0.0,
        "Tax Rate For Calcs": 0.4,
        "Normalized EBITDA": -6050000.0,
        "Net Income From Continuing Operation Net Minority Interest": -6289000.0,
        "Reconciled Cost Of Revenue": 10069000.0,
        "EBITDA": -6050000.0,
        "EBIT": -6050000.0,
        "Net Interest Income": -182000.0,
        "Interest Expense": 184000.0,
        "Interest Income": 2000.0,
        "Normalized Income": -6289000.0,
        "Net Income From Continuing And Discontinued Operation": -6289000.0,
        "Total Expenses": 14721000.0,
        "Total Operating Income As Reported": -5815000.0,
        "Diluted Average Shares": 28974765.0,
        "Basic Average Shares": 28974765.0,
        "Diluted EPS": -0.2,
        "Basic EPS": -0.2,
        "Diluted NI Availto Com Stockholders": -6289000.0,
        "Net Income Common Stockholders": -6289000.0,
        "Net Income": -6289000.0,
        "Net Income Including Noncontrolling Interests": -6289000.0,
        "Net Income Continuous Operations": -6289000.0,
        "Earnings From Equity Interest Net Of Tax": 63000.0,
        "Tax Provision": 118000.0,
        "Pretax Income": -6234000.0,
        "Other Income Expense": -9355000.0,
        "Other Non Operating Income Expenses": -229000.0,
        "Net Non Operating Interest Income Expense": -182000.0,
        "Interest Expense Non Operating": 184000.0,
        "Interest Income Non Operating": 2000.0,
        "Operating Income": 3303000.0,
        "Operating Expense": 4652000.0,
        "Other Operating Expenses": -3678000.0,
        "Research And Development": 2419000.0,
        "Selling General And Administration": 5911000.0,
        "Selling And Marketing Expense": 2503000.0,
        "General And Administrative Expense": 3408000.0,
        "Other Gand A": 3408000.0,
        "Gross Profit": 7955000.0,
        "Cost Of Revenue": 10069000.0,
        "Total Revenue": 18024000.0,
        "Operating Revenue": 18024000.0
    },
    "2022-03-31": {
        "Diluted EPS": -0.27,
        "Total Revenue": 16,
        "Gross Profit": 6,
        "Operating Income": -8,
        "EBIT": -8,
        "Net Income": -8
    },
    "2021-12-31": {
        "Diluted EPS": -0.52,
        "Total Revenue": 18,
        "Gross Profit": 5,
        "Operating Income": -15,
        "EBIT": -15,
        "Net Income": -15
    },
    "2021-09-30": {
        "Diluted EPS": -0.25,
        "Total Revenue": 19,
        "Gross Profit": 5,
        "Operating Income": -7,
        "EBIT": -7,
        "Net Income": -7
    },
    "2021-06-30": {
        "Diluted EPS": -0.29,
        "Total Revenue": 19,
        "Gross Profit": 5,
        "Operating Income": -8,
        "EBIT": -8,
        "Net Income": -8
    },
    "2021-03-31": {
        "Diluted EPS": -0.54,
        "Total Revenue": 18,
        "Gross Profit": 6,
        "Operating Income": -15,
        "EBIT": -15,
        "Net Income": -15
    },
    "2020-12-31": {
        "Diluted EPS": -0.41,
        "Total Revenue": 17,
        "Gross Profit": 5,
        "Operating Income": -12,
        "EBIT": -12,
        "Net Income": -12
    },
    "2020-09-30": {
        "Diluted EPS": -0.34,
        "Total Revenue": 18,
        "Gross Profit": 6,
        "Operating Income": -10,
        "EBIT": -10,
        "Net Income": -10
    },
    "2020-06-30": {
        "Diluted EPS": -1.73,
        "Total Revenue": 21,
        "Gross Profit": 5,
        "Operating Income": -42,
        "EBIT": -42,
        "Net Income": -42
    },
    "2020-03-31": {
        "Diluted EPS": -0.02,
        "Total Revenue": 34,
        "Gross Profit": 12,
        "Operating Income": 0,
        "EBIT": 0,
        "Net Income": 0
    },
    "2019-12-31": {
        "Diluted EPS": 0.07,
        "Total Revenue": 54,
        "Gross Profit": 10,
        "Operating Income": -7,
        "EBIT": -7,
        "Net Income": 2
    },
    "2019-09-30": {
        "Diluted EPS": 0.13,
        "Total Revenue": 44,
        "Gross Profit": 19,
        "Operating Income": 4,
        "EBIT": 4,
        "Net Income": 3
    },
    "2019-06-30": {
        "Diluted EPS": 0.0,
        "Total Revenue": 36,
        "Gross Profit": 15,
        "Operating Income": 0,
        "EBIT": 0,
        "Net Income": 0
    },
    "2019-03-31": {
        "Diluted EPS": -0.1,
        "Total Revenue": 25,
        "Gross Profit": 21,
        "Operating Income": 8,
        "EBIT": 9,
        "Net Income": -2
    },
    "2018-12-31": {
        "Diluted EPS": 0.0,
        "Total Revenue": NaN,
        "Gross Profit": NaN,
        "Operating Income": NaN,
        "EBIT": NaN,
        "Net Income": NaN
    },
    "2023-06-30": {
        "Tax Effect Of Unusual Items": NaN,
        "Tax Rate For Calcs": NaN,
        "Normalized EBITDA": NaN,
        "Net Income From Continuing Operation Net Minority Interest": NaN,
        "Reconciled Cost Of Revenue": NaN,
        "EBITDA": NaN,
        "EBIT": NaN,
        "Net Interest Income": NaN,
        "Interest Expense": NaN,
        "Interest Income": NaN,
        "Normalized Income": NaN,
        "Net Income From Continuing And Discontinued Operation": NaN,
        "Total Expenses": NaN,
        "Total Operating Income As Reported": NaN,
        "Diluted Average Shares": NaN,
        "Basic Average Shares": NaN,
        "Diluted EPS": NaN,
        "Basic EPS": NaN,
        "Diluted NI Availto Com Stockholders": NaN,
        "Net Income Common Stockholders": NaN,
        "Net Income": NaN,
        "Net Income Including Noncontrolling Interests": NaN,
        "Net Income Continuous Operations": NaN,
        "Earnings From Equity Interest Net Of Tax": NaN,
        "Tax Provision": NaN,
        "Pretax Income": NaN,
        "Other Income Expense": NaN,
        "Other Non Operating Income Expenses": NaN,
        "Net Non Operating Interest Income Expense": NaN,
        "Interest Expense Non Operating": NaN,
        "Interest Income Non Operating": NaN,
        "Operating Income": NaN,
        "Operating Expense": NaN,
        "Other Operating Expenses": 1866000.0,
        "Research And Development": NaN,
        "Selling General And Administration": NaN,
        "Selling And Marketing Expense": NaN,
        "General And Administrative Expense": NaN,
        "Other Gand A": NaN,
        "Gross Profit": NaN,
        "Cost Of Revenue": NaN,
        "Total Revenue": NaN,
        "Operating Revenue": NaN
    },
    "2023-09-30": {
        "Tax Effect Of Unusual Items": NaN,
        "Tax Rate For Calcs": NaN,
        "Normalized EBITDA": NaN,
        "Net Income From Continuing Operation Net Minority Interest": NaN,
        "Reconciled Cost Of Revenue": NaN,
        "EBITDA": NaN,
        "EBIT": NaN,
        "Net Interest Income": NaN,
        "Interest Expense": NaN,
        "Interest Income": NaN,
        "Normalized Income": NaN,
        "Net Income From Continuing And Discontinued Operation": NaN,
        "Total Expenses": NaN,
        "Total Operating Income As Reported": NaN,
        "Diluted Average Shares": 37233411.0,
        "Basic Average Shares": 37233411.0,
        "Diluted EPS": 0.1,
        "Basic EPS": 0.1,
        "Diluted NI Availto Com Stockholders": NaN,
        "Net Income Common Stockholders": NaN,
        "Net Income": NaN,
        "Net Income Including Noncontrolling Interests": NaN,
        "Net Income Continuous Operations": NaN,
        "Earnings From Equity Interest Net Of Tax": NaN,
        "Tax Provision": NaN,
        "Pretax Income": NaN,
        "Other Income Expense": NaN,
        "Other Non Operating Income Expenses": NaN,
        "Net Non Operating Interest Income Expense": NaN,
        "Interest Expense Non Operating": NaN,
        "Interest Income Non Operating": NaN,
        "Operating Income": NaN,
        "Operating Expense": NaN,
        "Other Operating Expenses": NaN,
        "Research And Development": NaN,
        "Selling General And Administration": NaN,
        "Selling And Marketing Expense": NaN,
        "General And Administrative Expense": NaN,
        "Other Gand A": NaN,
        "Gross Profit": NaN,
        "Cost Of Revenue": NaN,
        "Total Revenue": NaN,
        "Operating Revenue": NaN
    },
    "2023-12-31": {
        "Tax Effect Of Unusual Items": 0.0,
        "Tax Rate For Calcs": 0.232,
        "Normalized EBITDA": NaN,
        "Net Income From Continuing Operation Net Minority Interest": -1831000.0,
        "Reconciled Cost Of Revenue": 10438000.0,
        "EBITDA": -1824000.0,
        "EBIT": -1824000.0,
        "Net Interest Income": 6000.0,
        "Interest Expense": 28000.0,
        "Interest Income": 34000.0,
        "Normalized Income": -1831000.0,
        "Net Income From Continuing And Discontinued Operation": -1831000.0,
        "Total Expenses": 21391000.0,
        "Total Operating Income As Reported": -1858000.0,
        "Diluted Average Shares": 37448570.0,
        "Basic Average Shares": 37448570.0,
        "Diluted EPS": -0.048894,
        "Basic EPS": -0.048894,
        "Diluted NI Availto Com Stockholders": -1831000.0,
        "Net Income Common Stockholders": -1831000.0,
        "Net Income": -1831000.0,
        "Net Income Including Noncontrolling Interests": -1831000.0,
        "Net Income Continuous Operations": -1831000.0,
        "Earnings From Equity Interest Net Of Tax": 24000.0,
        "Tax Provision": 3000.0,
        "Pretax Income": -1852000.0,
        "Other Income Expense": -2197000.0,
        "Other Non Operating Income Expenses": 862000.0,
        "Net Non Operating Interest Income Expense": 6000.0,
        "Interest Expense Non Operating": 28000.0,
        "Interest Income Non Operating": 34000.0,
        "Operating Income": 339000.0,
        "Operating Expense": 10953000.0,
        "Other Operating Expenses": NaN,
        "Research And Development": 1999000.0,
        "Selling General And Administration": 10074000.0,
        "Selling And Marketing Expense": 4081000.0,
        "General And Administrative Expense": 5993000.0,
        "Other Gand A": 5993000.0,
        "Gross Profit": 11292000.0,
        "Cost Of Revenue": 10438000.0,
        "Total Revenue": 21730000.0,
        "Operating Revenue": 21730000.0
    },
    "2024-03-31": {
        "Tax Effect Of Unusual Items": NaN,
        "Tax Rate For Calcs": NaN,
        "Normalized EBITDA": NaN,
        "Net Income From Continuing Operation Net Minority Interest": NaN,
        "Reconciled Cost Of Revenue": NaN,
        "EBITDA": NaN,
        "EBIT": NaN,
        "Net Interest Income": NaN,
        "Interest Expense": NaN,
        "Interest Income": NaN,
        "Normalized Income": NaN,
        "Net Income From Continuing And Discontinued Operation": NaN,
        "Total Expenses": NaN,
        "Total Operating Income As Reported": NaN,
        "Diluted Average Shares": NaN,
        "Basic Average Shares": NaN,
        "Diluted EPS": NaN,
        "Basic EPS": NaN,
        "Diluted NI Availto Com Stockholders": NaN,
        "Net Income Common Stockholders": NaN,
        "Net Income": NaN,
        "Net Income Including Noncontrolling Interests": NaN,
        "Net Income Continuous Operations": NaN,
        "Earnings From Equity Interest Net Of Tax": NaN,
        "Tax Provision": NaN,
        "Pretax Income": NaN,
        "Other Income Expense": NaN,
        "Other Non Operating Income Expenses": NaN,
        "Net Non Operating Interest Income Expense": NaN,
        "Interest Expense Non Operating": NaN,
        "Interest Income Non Operating": NaN,
        "Operating Income": NaN,
        "Operating Expense": NaN,
        "Other Operating Expenses": 576000.0,
        "Research And Development": NaN,
        "Selling General And Administration": NaN,
        "Selling And Marketing Expense": NaN,
        "General And Administrative Expense": NaN,
        "Other Gand A": NaN,
        "Gross Profit": NaN,
        "Cost Of Revenue": NaN,
        "Total Revenue": NaN,
        "Operating Revenue": NaN
    },
    "2024-06-30": {
        "Tax Effect Of Unusual Items": NaN,
        "Tax Rate For Calcs": NaN,
        "Normalized EBITDA": NaN,
        "Net Income From Continuing Operation Net Minority Interest": NaN,
        "Reconciled Cost Of Revenue": NaN,
        "EBITDA": NaN,
        "EBIT": NaN,
        "Net Interest Income": NaN,
        "Interest Expense": NaN,
        "Interest Income": NaN,
        "Normalized Income": NaN,
        "Net Income From Continuing And Discontinued Operation": NaN,
        "Total Expenses": NaN,
        "Total Operating Income As Reported": NaN,
        "Diluted Average Shares": NaN,
        "Basic Average Shares": NaN,
        "Diluted EPS": NaN,
        "Basic EPS": NaN,
        "Diluted NI Availto Com Stockholders": NaN,
        "Net Income Common Stockholders": NaN,
        "Net Income": NaN,
        "Net Income Including Noncontrolling Interests": NaN,
        "Net Income Continuous Operations": NaN,
        "Earnings From Equity Interest Net Of Tax": NaN,
        "Tax Provision": NaN,
        "Pretax Income": NaN,
        "Other Income Expense": NaN,
        "Other Non Operating Income Expenses": NaN,
        "Net Non Operating Interest Income Expense": NaN,
        "Interest Expense Non Operating": NaN,
        "Interest Income Non Operating": NaN,
        "Operating Income": NaN,
        "Operating Expense": NaN,
        "Other Operating Expenses": -336000.0,
        "Research And Development": NaN,
        "Selling General And Administration": NaN,
        "Selling And Marketing Expense": NaN,
        "General And Administrative Expense": NaN,
        "Other Gand A": NaN,
        "Gross Profit": NaN,
        "Cost Of Revenue": NaN,
        "Total Revenue": NaN,
        "Operating Revenue": NaN
    },
    "2024-09-30": {
        "Tax Effect Of Unusual Items": 0.0,
        "Tax Rate For Calcs": 0.232,
        "Normalized EBITDA": 3351000.0,
        "Net Income From Continuing Operation Net Minority Interest": 3391000.0,
        "Reconciled Cost Of Revenue": 13002000.0,
        "EBITDA": 3351000.0,
        "EBIT": 3351000.0,
        "Net Interest Income": -31000.0,
        "Interest Expense": 42000.0,
        "Interest Income": 11000.0,
        "Normalized Income": 3391000.0,
        "Net Income From Continuing And Discontinued Operation": 3391000.0,
        "Total Expenses": 23000000.0,
        "Total Operating Income As Reported": 3340000.0,
        "Diluted Average Shares": 37711782.0,
        "Basic Average Shares": 37711782.0,
        "Diluted EPS": 0.1,
        "Basic EPS": 0.1,
        "Diluted NI Availto Com Stockholders": 3391000.0,
        "Net Income Common Stockholders": 3391000.0,
        "Net Income": 3391000.0,
        "Net Income Including Noncontrolling Interests": 3391000.0,
        "Net Income Continuous Operations": 3391000.0,
        "Earnings From Equity Interest Net Of Tax": 80000.0,
        "Tax Provision": -2000.0,
        "Pretax Income": 3309000.0,
        "Other Income Expense": 1148000.0,
        "Other Non Operating Income Expenses": 1148000.0,
        "Net Non Operating Interest Income Expense": -31000.0,
        "Interest Expense Non Operating": 42000.0,
        "Interest Income Non Operating": 11000.0,
        "Operating Income": 2192000.0,
        "Operating Expense": 9998000.0,
        "Other Operating Expenses": NaN,
        "Research And Development": 1436000.0,
        "Selling General And Administration": 8562000.0,
        "Selling And Marketing Expense": 5356000.0,
        "General And Administrative Expense": 3206000.0,
        "Other Gand A": 3206000.0,
        "Gross Profit": 12190000.0,
        "Cost Of Revenue": 13002000.0,
        "Total Revenue": 25192000.0,
        "Operating Revenue": 25192000.0
    },
    "2024-12-31": {
        "Tax Effect Of Unusual Items": 0.0,
        "Tax Rate For Calcs": 0.232,
        "Normalized EBITDA": -1542000.0,
        "Net Income From Continuing Operation Net Minority Interest": -1502000.0,
        "Reconciled Cost Of Revenue": 14786000.0,
        "EBITDA": -1542000.0,
        "EBIT": -1542000.0,
        "Net Interest Income": 125000.0,
        "Interest Expense": 51000.0,
        "Interest Income": 176000.0,
        "Normalized Income": -1502000.0,
        "Net Income From Continuing And Discontinued Operation": -1502000.0,
        "Total Expenses": 27917000.0,
        "Total Operating Income As Reported": -1718000.0,
        "Diluted Average Shares": 37797159.0,
        "Basic Average Shares": 37797159.0,
        "Diluted EPS": 0.0,
        "Basic EPS": 0.0,
        "Diluted NI Availto Com Stockholders": -1502000.0,
        "Net Income Common Stockholders": -1502000.0,
        "Net Income": -1502000.0,
        "Net Income Including Noncontrolling Interests": -1502000.0,
        "Net Income Continuous Operations": -1502000.0,
        "Earnings From Equity Interest Net Of Tax": 93000.0,
        "Tax Provision": 2000.0,
        "Pretax Income": -1593000.0,
        "Other Income Expense": 239000.0,
        "Other Non Operating Income Expenses": -462000.0,
        "Net Non Operating Interest Income Expense": 125000.0,
        "Interest Expense Non Operating": 51000.0,
        "Interest Income Non Operating": 176000.0,
        "Operating Income": -1957000.0,
        "Operating Expense": 13131000.0,
        "Other Operating Expenses": NaN,
        "Research And Development": 1794000.0,
        "Selling General And Administration": 12285000.0,
        "Selling And Marketing Expense": 6228000.0,
        "General And Administrative Expense": 6057000.0,
        "Other Gand A": 6057000.0,
        "Gross Profit": 11174000.0,
        "Cost Of Revenue": 14786000.0,
        "Total Revenue": 25960000.0,
        "Operating Revenue": 25960000.0
    },
    "2025-03-31": {
        "Tax Effect Of Unusual Items": 0.0,
        "Tax Rate For Calcs": 0.232,
        "Normalized EBITDA": -467000.0,
        "Net Income From Continuing Operation Net Minority Interest": -614000.0,
        "Reconciled Cost Of Revenue": 9059000.0,
        "EBITDA": -467000.0,
        "EBIT": -467000.0,
        "Net Interest Income": -52000.0,
        "Interest Expense": 57000.0,
        "Interest Income": 5000.0,
        "Normalized Income": -614000.0,
        "Net Income From Continuing And Discontinued Operation": -614000.0,
        "Total Expenses": 19291000.0,
        "Total Operating Income As Reported": -472000.0,
        "Diluted Average Shares": 37622854.0,
        "Basic Average Shares": 37622854.0,
        "Diluted EPS": -0.2,
        "Basic EPS": -0.2,
        "Diluted NI Availto Com Stockholders": -614000.0,
        "Net Income Common Stockholders": -614000.0,
        "Net Income": -614000.0,
        "Net Income Including Noncontrolling Interests": -614000.0,
        "Net Income Continuous Operations": -614000.0,
        "Earnings From Equity Interest Net Of Tax": -3000.0,
        "Tax Provision": 87000.0,
        "Pretax Income": -524000.0,
        "Other Income Expense": 70000.0,
        "Other Non Operating Income Expenses": 70000.0,
        "Net Non Operating Interest Income Expense": -52000.0,
        "Interest Expense Non Operating": 57000.0,
        "Interest Income Non Operating": 5000.0,
        "Operating Income": -542000.0,
        "Operating Expense": 10232000.0,
        "Other Operating Expenses": NaN,
        "Research And Development": 1399000.0,
        "Selling General And Administration": 8833000.0,
        "Selling And Marketing Expense": 5693000.0,
        "General And Administrative Expense": 3140000.0,
        "Other Gand A": 3140000.0,
        "Gross Profit": 9690000.0,
        "Cost Of Revenue": 9059000.0,
        "Total Revenue": 18749000.0,
        "Operating Revenue": 18749000.0
    },
    "2025-06-30": {
        "Tax Effect Of Unusual Items": 0.0,
        "Tax Rate For Calcs": 0.121795,
        "Normalized EBITDA": 839000.0,
        "Net Income From Continuing Operation Net Minority Interest": 678000.0,
        "Reconciled Cost Of Revenue": 9147000.0,
        "EBITDA": 839000.0,
        "EBIT": 839000.0,
        "Net Interest Income": -28000.0,
        "Interest Expense": 59000.0,
        "Interest Income": 31000.0,
        "Normalized Income": 678000.0,
        "Net Income From Continuing And Discontinued Operation": 678000.0,
        "Total Expenses": 19579000.0,
        "Total Operating Income As Reported": 808000.0,
        "Diluted Average Shares": 37717524.0,
        "Basic Average Shares": 37717524.0,
        "Diluted EPS": 0.0,
        "Basic EPS": 0.017976,
        "Diluted NI Availto Com Stockholders": 678000.0,
        "Net Income Common Stockholders": 678000.0,
        "Net Income": 678000.0,
        "Net Income Including Noncontrolling Interests": 678000.0,
        "Net Income Continuous Operations": 678000.0,
        "Earnings From Equity Interest Net Of Tax": -7000.0,
        "Tax Provision": 95000.0,
        "Pretax Income": 780000.0,
        "Other Income Expense": 1011000.0,
        "Other Non Operating Income Expenses": 1011000.0,
        "Net Non Operating Interest Income Expense": -28000.0,
        "Interest Expense Non Operating": 59000.0,
        "Interest Income Non Operating": 31000.0,
        "Operating Income": -203000.0,
        "Operating Expense": 10432000.0,
        "Other Operating Expenses": NaN,
        "Research And Development": 1566000.0,
        "Selling General And Administration": 8866000.0,
        "Selling And Marketing Expense": 5503000.0,
        "General And Administrative Expense": 3363000.0,
        "Other Gand A": 3363000.0,
        "Gross Profit": 10229000.0,
        "Cost Of Revenue": 9147000.0,
        "Total Revenue": 19376000.0,
        "Operating Revenue": 19376000.0
    },
    "2025-09-30": {
        "Tax Effect Of Unusual Items": 0.0,
        "Tax Rate For Calcs": 0.232,
        "Normalized EBITDA": 9254000.0,
        "Net Income From Continuing Operation Net Minority Interest": 9306000.0,
        "Reconciled Cost Of Revenue": 9826000.0,
        "EBITDA": 9254000.0,
        "EBIT": 9254000.0,
        "Net Interest Income": -10000.0,
        "Interest Expense": 21000.0,
        "Interest Income": 11000.0,
        "Normalized Income": 9306000.0,
        "Net Income From Continuing And Discontinued Operation": 9306000.0,
        "Total Expenses": 21034000.0,
        "Total Operating Income As Reported": 9243000.0,
        "Diluted Average Shares": 38014562.0,
        "Basic Average Shares": 38014562.0,
        "Diluted EPS": 0.2,
        "Basic EPS": 0.2,
        "Diluted NI Availto Com Stockholders": 9306000.0,
        "Net Income Common Stockholders": 9306000.0,
        "Net Income": 9306000.0,
        "Net Income Including Noncontrolling Interests": 9306000.0,
        "Net Income Continuous Operations": 9306000.0,
        "Earnings From Equity Interest Net Of Tax": 1000.0,
        "Tax Provision": -72000.0,
        "Pretax Income": 9233000.0,
        "Other Income Expense": 9123000.0,
        "Other Non Operating Income Expenses": 9123000.0,
        "Net Non Operating Interest Income Expense": -10000.0,
        "Interest Expense Non Operating": 21000.0,
        "Interest Income Non Operating": 11000.0,
        "Operating Income": 120000.0,
        "Operating Expense": 11208000.0,
        "Other Operating Expenses": NaN,
        "Research And Development": 1478000.0,
        "Selling General And Administration": 9730000.0,
        "Selling And Marketing Expense": 6692000.0,
        "General And Administrative Expense": 3038000.0,
        "Other Gand A": 3038000.0,
        "Gross Profit": 11328000.0,
        "Cost Of Revenue": 9826000.0,
        "Total Revenue": 21154000.0,
        "Operating Revenue": 21154000.0
    }
}