{
    "2023-06-30": {
        "Tax Effect Of Unusual Items": NaN,
        "Tax Rate For Calcs": NaN,
        "Normalized EBITDA": NaN,
        "Total Unusual Items": 0.0,
        "Total Unusual Items Excluding Goodwill": 0.0,
        "Net Income From Continuing Operation Net Minority Interest": NaN,
        "Reconciled Depreciation": NaN,
        "Reconciled Cost Of Revenue": NaN,
        "EBITDA": NaN,
        "EBIT": NaN,
        "Net Interest Income": NaN,
        "Interest Expense": NaN,
        "Interest Income": NaN,
        "Normalized Income": NaN,
        "Net Income From Continuing And Discontinued Operation": NaN,
        "Total Expenses": NaN,
        "Total Operating Income As Reported": NaN,
        "Diluted Average Shares": NaN,
        "Basic Average Shares": NaN,
        "Diluted EPS": NaN,
        "Basic EPS": NaN,
        "Diluted NI Availto Com Stockholders": NaN,
        "Net Income Common Stockholders": NaN,
        "Net Income": NaN,
        "Minority Interests": NaN,
        "Net Income Including Noncontrolling Interests": NaN,
        "Net Income Continuous Operations": NaN,
        "Tax Provision": NaN,
        "Pretax Income": NaN,
        "Other Income Expense": NaN,
        "Other Non Operating Income Expenses": NaN,
        "Special Income Charges": 0.0,
        "Gain On Sale Of Business": 0.0,
        "Net Non Operating Interest Income Expense": NaN,
        "Interest Expense Non Operating": NaN,
        "Interest Income Non Operating": NaN,
        "Operating Income": NaN,
        "Operating Expense": NaN,
        "Research And Development": NaN,
        "Selling General And Administration": NaN,
        "Selling And Marketing Expense": NaN,
        "General And Administrative Expense": NaN,
        "Other Gand A": NaN,
        "Gross Profit": NaN,
        "Cost Of Revenue": NaN,
        "Total Revenue": NaN,
        "Operating Revenue": NaN
    },
    "2023-03-31": {
        "Tax Effect Of Unusual Items": 0.0,
        "Tax Rate For Calcs": 0.21,
        "Normalized EBITDA": 30400000.0,
        "Total Unusual Items": NaN,
        "Total Unusual Items Excluding Goodwill": NaN,
        "Net Income From Continuing Operation Net Minority Interest": -3400000.0,
        "Reconciled Depreciation": 14700000.0,
        "Reconciled Cost Of Revenue": 360300000.0,
        "EBITDA": 30400000.0,
        "EBIT": 15700000.0,
        "Net Interest Income": -11300000.0,
        "Interest Expense": 11800000.0,
        "Interest Income": 500000.0,
        "Normalized Income": -3400000.0,
        "Net Income From Continuing And Discontinued Operation": -3400000.0,
        "Total Expenses": 420900000.0,
        "Total Operating Income As Reported": 12400000.0,
        "Diluted Average Shares": 44800000.0,
        "Basic Average Shares": 44800000.0,
        "Diluted EPS": -0.08,
        "Basic EPS": -0.08,
        "Diluted NI Availto Com Stockholders": -3400000.0,
        "Net Income Common Stockholders": -3400000.0,
        "Net Income": -3400000.0,
        "Minority Interests": -3800000.0,
        "Net Income Including Noncontrolling Interests": 400000.0,
        "Net Income Continuous Operations": 400000.0,
        "Tax Provision": 3500000.0,
        "Pretax Income": 3900000.0,
        "Other Income Expense": 2800000.0,
        "Other Non Operating Income Expenses": 2800000.0,
        "Special Income Charges": NaN,
        "Gain On Sale Of Business": NaN,
        "Net Non Operating Interest Income Expense": -11300000.0,
        "Interest Expense Non Operating": 11800000.0,
        "Interest Income Non Operating": 500000.0,
        "Operating Income": 12400000.0,
        "Operating Expense": 60600000.0,
        "Research And Development": 7100000.0,
        "Selling General And Administration": 53500000.0,
        "Selling And Marketing Expense": 13100000.0,
        "General And Administrative Expense": 40400000.0,
        "Other Gand A": 40400000.0,
        "Gross Profit": 73000000.0,
        "Cost Of Revenue": 360300000.0,
        "Total Revenue": 433300000.0,
        "Operating Revenue": 433300000.0
    },
    "2022-12-31": {
        "Tax Effect Of Unusual Items": NaN,
        "Tax Rate For Calcs": NaN,
        "Normalized EBITDA": NaN,
        "Total Unusual Items": 0.0,
        "Total Unusual Items Excluding Goodwill": 0.0,
        "Net Income From Continuing Operation Net Minority Interest": NaN,
        "Reconciled Depreciation": NaN,
        "Reconciled Cost Of Revenue": NaN,
        "EBITDA": NaN,
        "EBIT": NaN,
        "Net Interest Income": NaN,
        "Interest Expense": NaN,
        "Interest Income": NaN,
        "Normalized Income": NaN,
        "Net Income From Continuing And Discontinued Operation": NaN,
        "Total Expenses": NaN,
        "Total Operating Income As Reported": NaN,
        "Diluted Average Shares": NaN,
        "Basic Average Shares": NaN,
        "Diluted EPS": NaN,
        "Basic EPS": NaN,
        "Diluted NI Availto Com Stockholders": NaN,
        "Net Income Common Stockholders": NaN,
        "Net Income": NaN,
        "Minority Interests": NaN,
        "Net Income Including Noncontrolling Interests": NaN,
        "Net Income Continuous Operations": NaN,
        "Tax Provision": NaN,
        "Pretax Income": NaN,
        "Other Income Expense": NaN,
        "Other Non Operating Income Expenses": NaN,
        "Special Income Charges": 0.0,
        "Gain On Sale Of Business": 0.0,
        "Net Non Operating Interest Income Expense": NaN,
        "Interest Expense Non Operating": NaN,
        "Interest Income Non Operating": NaN,
        "Operating Income": NaN,
        "Operating Expense": NaN,
        "Research And Development": NaN,
        "Selling General And Administration": NaN,
        "Selling And Marketing Expense": NaN,
        "General And Administrative Expense": NaN,
        "Other Gand A": NaN,
        "Gross Profit": NaN,
        "Cost Of Revenue": NaN,
        "Total Revenue": NaN,
        "Operating Revenue": NaN
    },
    "2022-09-30": {
        "Tax Effect Of Unusual Items": NaN,
        "Tax Rate For Calcs": NaN,
        "Normalized EBITDA": NaN,
        "Total Unusual Items": -20800000.0,
        "Total Unusual Items Excluding Goodwill": -20800000.0,
        "Net Income From Continuing Operation Net Minority Interest": NaN,
        "Reconciled Depreciation": NaN,
        "Reconciled Cost Of Revenue": NaN,
        "EBITDA": NaN,
        "EBIT": NaN,
        "Net Interest Income": NaN,
        "Interest Expense": NaN,
        "Interest Income": NaN,
        "Normalized Income": NaN,
        "Net Income From Continuing And Discontinued Operation": NaN,
        "Total Expenses": NaN,
        "Total Operating Income As Reported": NaN,
        "Diluted Average Shares": NaN,
        "Basic Average Shares": NaN,
        "Diluted EPS": NaN,
        "Basic EPS": NaN,
        "Diluted NI Availto Com Stockholders": NaN,
        "Net Income Common Stockholders": NaN,
        "Net Income": NaN,
        "Minority Interests": NaN,
        "Net Income Including Noncontrolling Interests": NaN,
        "Net Income Continuous Operations": NaN,
        "Tax Provision": NaN,
        "Pretax Income": NaN,
        "Other Income Expense": NaN,
        "Other Non Operating Income Expenses": NaN,
        "Special Income Charges": -20800000.0,
        "Gain On Sale Of Business": -20800000.0,
        "Net Non Operating Interest Income Expense": NaN,
        "Interest Expense Non Operating": NaN,
        "Interest Income Non Operating": NaN,
        "Operating Income": NaN,
        "Operating Expense": NaN,
        "Research And Development": NaN,
        "Selling General And Administration": NaN,
        "Selling And Marketing Expense": NaN,
        "General And Administrative Expense": NaN,
        "Other Gand A": NaN,
        "Gross Profit": NaN,
        "Cost Of Revenue": NaN,
        "Total Revenue": NaN,
        "Operating Revenue": NaN
    },
    "2022-06-30": {
        "Tax Effect Of Unusual Items": -22656800.0,
        "Tax Rate For Calcs": 0.4,
        "Normalized EBITDA": 69659000.0,
        "Total Unusual Items": -56642000.0,
        "Total Unusual Items Excluding Goodwill": -56642000.0,
        "Net Income From Continuing Operation Net Minority Interest": -25093000.0,
        "Reconciled Depreciation": 18768000.0,
        "Reconciled Cost Of Revenue": 490330000.0,
        "EBITDA": 13017000.0,
        "EBIT": -5751000.0,
        "Net Interest Income": -7152000.0,
        "Interest Expense": 7277000.0,
        "Interest Income": 125000.0,
        "Normalized Income": 8892200.0,
        "Net Income From Continuing And Discontinued Operation": -25093000.0,
        "Total Expenses": 557566000.0,
        "Total Operating Income As Reported": -5511000.0,
        "Diluted Average Shares": 45200000.0,
        "Basic Average Shares": 45200000.0,
        "Diluted EPS": -0.56,
        "Basic EPS": -0.56,
        "Diluted NI Availto Com Stockholders": -25093000.0,
        "Net Income Common Stockholders": -25093000.0,
        "Net Income": -25093000.0,
        "Minority Interests": -3357000.0,
        "Net Income Including Noncontrolling Interests": -21736000.0,
        "Net Income Continuous Operations": -21736000.0,
        "Tax Provision": 8708000.0,
        "Pretax Income": -13028000.0,
        "Other Income Expense": -57007000.0,
        "Other Non Operating Income Expenses": -365000.0,
        "Special Income Charges": -56642000.0,
        "Gain On Sale Of Business": -56642000.0,
        "Net Non Operating Interest Income Expense": -7152000.0,
        "Interest Expense Non Operating": 7277000.0,
        "Interest Income Non Operating": 125000.0,
        "Operating Income": 51131000.0,
        "Operating Expense": 67236000.0,
        "Research And Development": 7239000.0,
        "Selling General And Administration": 59997000.0,
        "Selling And Marketing Expense": 13854000.0,
        "General And Administrative Expense": 46143000.0,
        "Other Gand A": 46143000.0,
        "Gross Profit": 118367000.0,
        "Cost Of Revenue": 490330000.0,
        "Total Revenue": 608697000.0,
        "Operating Revenue": 608697000.0
    },
    "2022-03-31": {
        "Diluted EPS": 0.61,
        "Total Revenue": 564,
        "Gross Profit": 114,
        "Operating Income": 46,
        "EBIT": 65,
        "Net Income": 28
    },
    "2021-12-31": {
        "Diluted EPS": 1.0,
        "Total Revenue": 615,
        "Gross Profit": 129,
        "Operating Income": 63,
        "EBIT": 83,
        "Net Income": 46
    },
    "2021-09-30": {
        "Diluted EPS": 0.7,
        "Total Revenue": 554,
        "Gross Profit": 114,
        "Operating Income": 51,
        "EBIT": 70,
        "Net Income": 32
    },
    "2021-06-30": {
        "Diluted EPS": 0.39,
        "Total Revenue": 515,
        "Gross Profit": 100,
        "Operating Income": 32,
        "EBIT": 51,
        "Net Income": 17
    },
    "2021-03-31": {
        "Diluted EPS": 0.6,
        "Total Revenue": 418,
        "Gross Profit": 87,
        "Operating Income": 40,
        "EBIT": 52,
        "Net Income": 25
    },
    "2020-12-31": {
        "Diluted EPS": 0.55,
        "Total Revenue": 370,
        "Gross Profit": 78,
        "Operating Income": 33,
        "EBIT": 45,
        "Net Income": 23
    },
    "2020-09-30": {
        "Diluted EPS": 0.59,
        "Total Revenue": 363,
        "Gross Profit": 75,
        "Operating Income": 35,
        "EBIT": 47,
        "Net Income": 24
    },
    "2020-06-30": {
        "Diluted EPS": 0.52,
        "Total Revenue": 345,
        "Gross Profit": 74,
        "Operating Income": 31,
        "EBIT": 43,
        "Net Income": 21
    },
    "2020-03-31": {
        "Diluted EPS": 0.23,
        "Total Revenue": 321,
        "Gross Profit": 66,
        "Operating Income": 23,
        "EBIT": 34,
        "Net Income": 9
    },
    "2019-12-31": {
        "Diluted EPS": -0.26,
        "Total Revenue": 286,
        "Gross Profit": 56,
        "Operating Income": 4,
        "EBIT": 16,
        "Net Income": -10
    },
    "2019-09-30": {
        "Diluted EPS": 0.01,
        "Total Revenue": 254,
        "Gross Profit": 48,
        "Operating Income": 8,
        "EBIT": 19,
        "Net Income": 1
    },
    "2019-06-30": {
        "Diluted EPS": -0.01,
        "Total Revenue": 265,
        "Gross Profit": 48,
        "Operating Income": 9,
        "EBIT": 18,
        "Net Income": 0
    },
    "2019-03-31": {
        "Diluted EPS": 0.02,
        "Total Revenue": 260,
        "Gross Profit": 45,
        "Operating Income": 8,
        "EBIT": 20,
        "Net Income": 1
    },
    "2018-12-31": {
        "Diluted EPS": -0.05,
        "Total Revenue": 257,
        "Gross Profit": 46,
        "Operating Income": 10,
        "EBIT": 21,
        "Net Income": -1
    },
    "2018-09-30": {
        "Diluted EPS": -0.15,
        "Total Revenue": 234,
        "Gross Profit": 35,
        "Operating Income": 1,
        "EBIT": 6,
        "Net Income": -6
    },
    "2018-06-30": {
        "Diluted EPS": 0.48,
        "Total Revenue": 290,
        "Gross Profit": 46,
        "Operating Income": 23,
        "EBIT": 25,
        "Net Income": 19
    },
    "2018-03-31": {
        "Diluted EPS": 0.66,
        "Total Revenue": 315,
        "Gross Profit": 49,
        "Operating Income": 27,
        "EBIT": 29,
        "Net Income": 25
    },
    "2017-12-31": {
        "Diluted EPS": 0.61,
        "Total Revenue": 249,
        "Gross Profit": 44,
        "Operating Income": 22,
        "EBIT": 25,
        "Net Income": 21
    },
    "2017-09-30": {
        "Diluted EPS": 0.57,
        "Total Revenue": 243,
        "Gross Profit": 43,
        "Operating Income": 23,
        "EBIT": 26,
        "Net Income": 20
    },
    "2017-06-30": {
        "Diluted EPS": 0.59,
        "Total Revenue": 228,
        "Gross Profit": 43,
        "Operating Income": 24,
        "EBIT": 27,
        "Net Income": 20
    },
    "2017-03-31": {
        "Diluted EPS": 0.42,
        "Total Revenue": 205,
        "Gross Profit": 37,
        "Operating Income": 20,
        "EBIT": 22,
        "Net Income": 14
    },
    "2016-12-31": {
        "Diluted EPS": 0.3,
        "Total Revenue": 175,
        "Gross Profit": 30,
        "Operating Income": 13,
        "EBIT": 16,
        "Net Income": 10
    },
    "2016-09-30": {
        "Diluted EPS": 0.08,
        "Total Revenue": 146,
        "Gross Profit": 23,
        "Operating Income": 7,
        "EBIT": 10,
        "Net Income": 3
    },
    "2016-06-30": {
        "Diluted EPS": 0.02,
        "Total Revenue": 130,
        "Gross Profit": 19,
        "Operating Income": 4,
        "EBIT": 7,
        "Net Income": 1
    },
    "2016-03-31": {
        "Diluted EPS": -0.1,
        "Total Revenue": 112,
        "Gross Profit": 15,
        "Operating Income": -1,
        "EBIT": 2,
        "Net Income": -3
    },
    "2015-12-31": {
        "Diluted EPS": -0.5,
        "Total Revenue": 103,
        "Gross Profit": 13,
        "Operating Income": -3,
        "EBIT": 0,
        "Net Income": -16
    },
    "2015-09-30": {
        "Diluted EPS": 0.05,
        "Total Revenue": 123,
        "Gross Profit": 19,
        "Operating Income": 3,
        "EBIT": 6,
        "Net Income": 2
    },
    "2015-06-30": {
        "Diluted EPS": 0.07,
        "Total Revenue": 118,
        "Gross Profit": 19,
        "Operating Income": 3,
        "EBIT": 6,
        "Net Income": 2
    },
    "2015-03-31": {
        "Diluted EPS": 0.04,
        "Total Revenue": 125,
        "Gross Profit": 20,
        "Operating Income": 3,
        "EBIT": 5,
        "Net Income": 1
    },
    "2014-12-31": {
        "Diluted EPS": 0.12,
        "Total Revenue": 120,
        "Gross Profit": 18,
        "Operating Income": 5,
        "EBIT": 7,
        "Net Income": 4
    },
    "2014-09-30": {
        "Diluted EPS": -0.18,
        "Total Revenue": 117,
        "Gross Profit": 10,
        "Operating Income": -4,
        "EBIT": -2,
        "Net Income": -5
    },
    "2014-06-30": {
        "Diluted EPS": 0.2,
        "Total Revenue": 133,
        "Gross Profit": 21,
        "Operating Income": 8,
        "EBIT": 10,
        "Net Income": 6
    },
    "2014-03-31": {
        "Diluted EPS": 0.24,
        "Total Revenue": 144,
        "Gross Profit": 23,
        "Operating Income": 9,
        "EBIT": 11,
        "Net Income": 7
    },
    "2013-12-31": {
        "Diluted EPS": 0.22,
        "Total Revenue": 126,
        "Gross Profit": 22,
        "Operating Income": 8,
        "EBIT": 11,
        "Net Income": 6
    },
    "2013-09-30": {
        "Diluted EPS": 0.07,
        "Total Revenue": 107,
        "Gross Profit": 16,
        "Operating Income": 3,
        "EBIT": 6,
        "Net Income": 2
    },
    "2013-06-30": {
        "Diluted EPS": 0.08,
        "Total Revenue": 110,
        "Gross Profit": 16,
        "Operating Income": 4,
        "EBIT": 6,
        "Net Income": 2
    },
    "2013-03-31": {
        "Diluted EPS": -0.01,
        "Total Revenue": 100,
        "Gross Profit": 14,
        "Operating Income": 1,
        "EBIT": 3,
        "Net Income": 0
    },
    "2012-12-31": {
        "Diluted EPS": -0.08,
        "Total Revenue": 90,
        "Gross Profit": 12,
        "Operating Income": -2,
        "EBIT": 1,
        "Net Income": -1
    },
    "2012-09-30": {
        "Diluted EPS": -0.04,
        "Total Revenue": 101,
        "Gross Profit": 14,
        "Operating Income": -1,
        "EBIT": 2,
        "Net Income": -1
    },
    "2012-06-30": {
        "Diluted EPS": 0.12,
        "Total Revenue": 102,
        "Gross Profit": 14,
        "Operating Income": 4,
        "EBIT": 5,
        "Net Income": 3
    },
    "2012-03-31": {
        "Diluted EPS": 0.2,
        "Total Revenue": 111,
        "Gross Profit": 16,
        "Operating Income": 6,
        "EBIT": 7,
        "Net Income": 5
    },
    "2011-12-31": {
        "Diluted EPS": 0.32,
        "Total Revenue": 87,
        "Gross Profit": 10,
        "Operating Income": 2,
        "EBIT": 2,
        "Net Income": 8
    },
    "2011-09-30": {
        "Diluted EPS": 0.14,
        "Total Revenue": 105,
        "Gross Profit": 13,
        "Operating Income": 4,
        "EBIT": 5,
        "Net Income": 3
    },
    "2011-06-30": {
        "Diluted EPS": 0.3,
        "Total Revenue": 134,
        "Gross Profit": 19,
        "Operating Income": 9,
        "EBIT": 10,
        "Net Income": 7
    },
    "2011-03-31": {
        "Diluted EPS": 0.25,
        "Total Revenue": 127,
        "Gross Profit": 18,
        "Operating Income": 8,
        "EBIT": 9,
        "Net Income": 6
    },
    "2010-12-31": {
        "Diluted EPS": 0.16,
        "Total Revenue": 120,
        "Gross Profit": 15,
        "Operating Income": 6,
        "EBIT": 6,
        "Net Income": 4
    },
    "2010-09-30": {
        "Diluted EPS": 0.29,
        "Total Revenue": 118,
        "Gross Profit": 17,
        "Operating Income": 9,
        "EBIT": 9,
        "Net Income": 7
    },
    "2010-06-30": {
        "Diluted EPS": 0.25,
        "Total Revenue": 106,
        "Gross Profit": 15,
        "Operating Income": 7,
        "EBIT": 7,
        "Net Income": 6
    },
    "2010-03-31": {
        "Diluted EPS": 0.17,
        "Total Revenue": 98,
        "Gross Profit": 12,
        "Operating Income": 5,
        "EBIT": 5,
        "Net Income": 4
    },
    "2009-12-31": {
        "Diluted EPS": 0.12,
        "Total Revenue": 73,
        "Gross Profit": 8,
        "Operating Income": 2,
        "EBIT": 3,
        "Net Income": 2
    },
    "2009-09-30": {
        "Diluted EPS": -0.07,
        "Total Revenue": 41,
        "Gross Profit": 3,
        "Operating Income": -2,
        "EBIT": -1,
        "Net Income": -1
    },
    "2009-06-30": {
        "Diluted EPS": -0.66,
        "Total Revenue": 23,
        "Gross Profit": -1,
        "Operating Income": -6,
        "EBIT": -6,
        "Net Income": -14
    },
    "2009-03-31": {
        "Diluted EPS": -0.33,
        "Total Revenue": 22,
        "Gross Profit": -3,
        "Operating Income": -10,
        "EBIT": -9,
        "Net Income": -7
    },
    "2023-09-30": {
        "Tax Effect Of Unusual Items": NaN,
        "Tax Rate For Calcs": NaN,
        "Normalized EBITDA": NaN,
        "Total Unusual Items": 0.0,
        "Total Unusual Items Excluding Goodwill": 0.0,
        "Net Income From Continuing Operation Net Minority Interest": NaN,
        "Reconciled Depreciation": NaN,
        "Reconciled Cost Of Revenue": NaN,
        "EBITDA": NaN,
        "EBIT": NaN,
        "Net Interest Income": NaN,
        "Interest Expense": NaN,
        "Interest Income": NaN,
        "Normalized Income": NaN,
        "Net Income From Continuing And Discontinued Operation": NaN,
        "Total Expenses": NaN,
        "Total Operating Income As Reported": NaN,
        "Diluted Average Shares": NaN,
        "Basic Average Shares": NaN,
        "Diluted EPS": NaN,
        "Basic EPS": NaN,
        "Diluted NI Availto Com Stockholders": NaN,
        "Net Income Common Stockholders": NaN,
        "Net Income": NaN,
        "Minority Interests": NaN,
        "Net Income Including Noncontrolling Interests": NaN,
        "Net Income Continuous Operations": NaN,
        "Tax Provision": NaN,
        "Pretax Income": NaN,
        "Other Income Expense": NaN,
        "Other Non Operating Income Expenses": NaN,
        "Special Income Charges": 0.0,
        "Gain On Sale Of Business": 0.0,
        "Net Non Operating Interest Income Expense": NaN,
        "Interest Expense Non Operating": NaN,
        "Interest Income Non Operating": NaN,
        "Operating Income": NaN,
        "Operating Expense": NaN,
        "Research And Development": NaN,
        "Selling General And Administration": NaN,
        "Selling And Marketing Expense": NaN,
        "General And Administrative Expense": NaN,
        "Other Gand A": NaN,
        "Gross Profit": NaN,
        "Cost Of Revenue": NaN,
        "Total Revenue": NaN,
        "Operating Revenue": NaN
    },
    "2023-12-31": {
        "Tax Effect Of Unusual Items": NaN,
        "Tax Rate For Calcs": NaN,
        "Normalized EBITDA": NaN,
        "Total Unusual Items": 0.0,
        "Total Unusual Items Excluding Goodwill": 0.0,
        "Net Income From Continuing Operation Net Minority Interest": NaN,
        "Reconciled Depreciation": NaN,
        "Reconciled Cost Of Revenue": NaN,
        "EBITDA": NaN,
        "EBIT": NaN,
        "Net Interest Income": NaN,
        "Interest Expense": NaN,
        "Interest Income": NaN,
        "Normalized Income": NaN,
        "Net Income From Continuing And Discontinued Operation": NaN,
        "Total Expenses": NaN,
        "Total Operating Income As Reported": NaN,
        "Diluted Average Shares": NaN,
        "Basic Average Shares": NaN,
        "Diluted EPS": NaN,
        "Basic EPS": NaN,
        "Diluted NI Availto Com Stockholders": NaN,
        "Net Income Common Stockholders": NaN,
        "Net Income": NaN,
        "Minority Interests": NaN,
        "Net Income Including Noncontrolling Interests": NaN,
        "Net Income Continuous Operations": NaN,
        "Tax Provision": NaN,
        "Pretax Income": NaN,
        "Other Income Expense": NaN,
        "Other Non Operating Income Expenses": NaN,
        "Special Income Charges": 0.0,
        "Gain On Sale Of Business": 0.0,
        "Impairment Of Capital Assets": NaN,
        "Net Non Operating Interest Income Expense": NaN,
        "Interest Expense Non Operating": NaN,
        "Interest Income Non Operating": NaN,
        "Operating Income": NaN,
        "Operating Expense": NaN,
        "Research And Development": NaN,
        "Selling General And Administration": NaN,
        "Selling And Marketing Expense": NaN,
        "General And Administrative Expense": NaN,
        "Other Gand A": NaN,
        "Gross Profit": NaN,
        "Cost Of Revenue": NaN,
        "Total Revenue": NaN,
        "Operating Revenue": NaN
    },
    "2024-03-31": {
        "Tax Effect Of Unusual Items": 0.0,
        "Tax Rate For Calcs": 0.21,
        "Normalized EBITDA": 34100000.0,
        "Total Unusual Items": NaN,
        "Total Unusual Items Excluding Goodwill": NaN,
        "Net Income From Continuing Operation Net Minority Interest": -9400000.0,
        "Reconciled Depreciation": 19200000.0,
        "Reconciled Cost Of Revenue": 395100000.0,
        "EBITDA": 34100000.0,
        "EBIT": 14900000.0,
        "Net Interest Income": -10800000.0,
        "Interest Expense": 12200000.0,
        "Interest Income": 1400000.0,
        "Normalized Income": -9400000.0,
        "Net Income From Continuing And Discontinued Operation": -9400000.0,
        "Total Expenses": 460400000.0,
        "Total Operating Income As Reported": 17300000.0,
        "Diluted Average Shares": 44600000.0,
        "Basic Average Shares": 44600000.0,
        "Diluted EPS": -0.21,
        "Basic EPS": -0.21,
        "Diluted NI Availto Com Stockholders": -9400000.0,
        "Net Income Common Stockholders": -9400000.0,
        "Net Income": -9400000.0,
        "Minority Interests": -2200000.0,
        "Net Income Including Noncontrolling Interests": -7200000.0,
        "Net Income Continuous Operations": -7200000.0,
        "Tax Provision": 9900000.0,
        "Pretax Income": 2700000.0,
        "Other Income Expense": -3800000.0,
        "Other Non Operating Income Expenses": -3800000.0,
        "Special Income Charges": NaN,
        "Gain On Sale Of Business": NaN,
        "Net Non Operating Interest Income Expense": -10800000.0,
        "Interest Expense Non Operating": 12200000.0,
        "Interest Income Non Operating": 1400000.0,
        "Operating Income": 17300000.0,
        "Operating Expense": 65300000.0,
        "Research And Development": 7000000.0,
        "Selling General And Administration": 58300000.0,
        "Selling And Marketing Expense": 13700000.0,
        "General And Administrative Expense": 44600000.0,
        "Other Gand A": 44600000.0,
        "Gross Profit": 82600000.0,
        "Cost Of Revenue": 395100000.0,
        "Total Revenue": 477700000.0,
        "Operating Revenue": 477700000.0
    },
    "2024-06-30": {
        "Tax Effect Of Unusual Items": 0.0,
        "Tax Rate For Calcs": 0.283333,
        "Normalized EBITDA": 60500000.0,
        "Total Unusual Items": 0.0,
        "Total Unusual Items Excluding Goodwill": 0.0,
        "Net Income From Continuing Operation Net Minority Interest": 19100000.0,
        "Reconciled Depreciation": 18800000.0,
        "Reconciled Cost Of Revenue": 427600000.0,
        "EBITDA": 60500000.0,
        "EBIT": 41700000.0,
        "Net Interest Income": -10300000.0,
        "Interest Expense": 11700000.0,
        "Interest Income": 1400000.0,
        "Normalized Income": 19100000.0,
        "Net Income From Continuing And Discontinued Operation": 19100000.0,
        "Total Expenses": 493200000.0,
        "Total Operating Income As Reported": 22900000.0,
        "Diluted Average Shares": 45400000.0,
        "Basic Average Shares": 44900000.0,
        "Diluted EPS": 0.42,
        "Basic EPS": 0.43,
        "Diluted NI Availto Com Stockholders": 19100000.0,
        "Net Income Common Stockholders": 19100000.0,
        "Net Income": 19100000.0,
        "Minority Interests": -2400000.0,
        "Net Income Including Noncontrolling Interests": 21500000.0,
        "Net Income Continuous Operations": 21500000.0,
        "Tax Provision": 8500000.0,
        "Pretax Income": 30000000.0,
        "Other Income Expense": 17400000.0,
        "Other Non Operating Income Expenses": 17400000.0,
        "Special Income Charges": 0.0,
        "Gain On Sale Of Business": NaN,
        "Impairment Of Capital Assets": 0.0,
        "Net Non Operating Interest Income Expense": -10300000.0,
        "Interest Expense Non Operating": 11700000.0,
        "Interest Income Non Operating": 1400000.0,
        "Operating Income": 22900000.0,
        "Operating Expense": 65600000.0,
        "Research And Development": 7100000.0,
        "Selling General And Administration": 58500000.0,
        "Selling And Marketing Expense": 14800000.0,
        "General And Administrative Expense": 43700000.0,
        "Other Gand A": 43700000.0,
        "Gross Profit": 88500000.0,
        "Cost Of Revenue": 427600000.0,
        "Total Revenue": 516100000.0,
        "Operating Revenue": 516100000.0
    },
    "2024-09-30": {
        "Tax Effect Of Unusual Items": 0.0,
        "Tax Rate For Calcs": 0.21,
        "Normalized EBITDA": 41200000.0,
        "Total Unusual Items": NaN,
        "Total Unusual Items Excluding Goodwill": NaN,
        "Net Income From Continuing Operation Net Minority Interest": -2300000.0,
        "Reconciled Depreciation": 19000000.0,
        "Reconciled Cost Of Revenue": 447000000.0,
        "EBITDA": 41200000.0,
        "EBIT": 22200000.0,
        "Net Interest Income": -10900000.0,
        "Interest Expense": 12000000.0,
        "Interest Income": 1100000.0,
        "Normalized Income": -2300000.0,
        "Net Income From Continuing And Discontinued Operation": -2300000.0,
        "Total Expenses": 515200000.0,
        "Total Operating Income As Reported": 25200000.0,
        "Diluted Average Shares": 45000000.0,
        "Basic Average Shares": 45000000.0,
        "Diluted EPS": -0.05,
        "Basic EPS": -0.05,
        "Diluted NI Availto Com Stockholders": -2300000.0,
        "Net Income Common Stockholders": -2300000.0,
        "Net Income": -2300000.0,
        "Minority Interests": -2600000.0,
        "Net Income Including Noncontrolling Interests": 300000.0,
        "Net Income Continuous Operations": 300000.0,
        "Tax Provision": 9900000.0,
        "Pretax Income": 10200000.0,
        "Other Income Expense": -4100000.0,
        "Other Non Operating Income Expenses": -4100000.0,
        "Special Income Charges": NaN,
        "Gain On Sale Of Business": NaN,
        "Impairment Of Capital Assets": NaN,
        "Net Non Operating Interest Income Expense": -10900000.0,
        "Interest Expense Non Operating": 12000000.0,
        "Interest Income Non Operating": 1100000.0,
        "Operating Income": 25200000.0,
        "Operating Expense": 68200000.0,
        "Research And Development": 7100000.0,
        "Selling General And Administration": 61100000.0,
        "Selling And Marketing Expense": 14400000.0,
        "General And Administrative Expense": 46700000.0,
        "Other Gand A": 46700000.0,
        "Gross Profit": 93400000.0,
        "Cost Of Revenue": 447000000.0,
        "Total Revenue": 540400000.0,
        "Operating Revenue": 540400000.0
    },
    "2024-12-31": {
        "Tax Effect Of Unusual Items": 0.0,
        "Tax Rate For Calcs": 0.183673,
        "Normalized EBITDA": 54300000.0,
        "Total Unusual Items": NaN,
        "Total Unusual Items Excluding Goodwill": NaN,
        "Net Income From Continuing Operation Net Minority Interest": 16300000.0,
        "Reconciled Depreciation": 19100000.0,
        "Reconciled Cost Of Revenue": 471500000.0,
        "EBITDA": 54300000.0,
        "EBIT": 35200000.0,
        "Net Interest Income": -9800000.0,
        "Interest Expense": 10700000.0,
        "Interest Income": 900000.0,
        "Normalized Income": 16300000.0,
        "Net Income From Continuing And Discontinued Operation": 16300000.0,
        "Total Expenses": 537400000.0,
        "Total Operating Income As Reported": 25900000.0,
        "Diluted Average Shares": 45400000.0,
        "Basic Average Shares": 45100000.0,
        "Diluted EPS": 0.36,
        "Basic EPS": 0.36,
        "Diluted NI Availto Com Stockholders": 16300000.0,
        "Net Income Common Stockholders": 16300000.0,
        "Net Income": 16300000.0,
        "Minority Interests": -3700000.0,
        "Net Income Including Noncontrolling Interests": 20000000.0,
        "Net Income Continuous Operations": 20000000.0,
        "Tax Provision": 4500000.0,
        "Pretax Income": 24500000.0,
        "Other Income Expense": 8400000.0,
        "Other Non Operating Income Expenses": 8400000.0,
        "Special Income Charges": NaN,
        "Gain On Sale Of Business": NaN,
        "Impairment Of Capital Assets": NaN,
        "Net Non Operating Interest Income Expense": -9800000.0,
        "Interest Expense Non Operating": 10700000.0,
        "Interest Income Non Operating": 900000.0,
        "Operating Income": 25900000.0,
        "Operating Expense": 65900000.0,
        "Research And Development": 7100000.0,
        "Selling General And Administration": 58800000.0,
        "Selling And Marketing Expense": 14400000.0,
        "General And Administrative Expense": 44400000.0,
        "Other Gand A": 44400000.0,
        "Gross Profit": 91800000.0,
        "Cost Of Revenue": 471500000.0,
        "Total Revenue": 563300000.0,
        "Operating Revenue": 563300000.0
    },
    "2025-03-31": {
        "Tax Effect Of Unusual Items": 0.0,
        "Tax Rate For Calcs": 0.21,
        "Normalized EBITDA": 33800000.0,
        "Total Unusual Items": NaN,
        "Total Unusual Items Excluding Goodwill": NaN,
        "Net Income From Continuing Operation Net Minority Interest": -5000000.0,
        "Reconciled Depreciation": 19000000.0,
        "Reconciled Cost Of Revenue": 434600000.0,
        "EBITDA": 33800000.0,
        "EBIT": 14800000.0,
        "Net Interest Income": -8800000.0,
        "Interest Expense": 9900000.0,
        "Interest Income": 1100000.0,
        "Normalized Income": -5000000.0,
        "Net Income From Continuing And Discontinued Operation": -5000000.0,
        "Total Expenses": 505700000.0,
        "Total Operating Income As Reported": 12900000.0,
        "Diluted Average Shares": 45100000.0,
        "Basic Average Shares": 45100000.0,
        "Diluted EPS": -0.11,
        "Basic EPS": -0.11,
        "Diluted NI Availto Com Stockholders": -5000000.0,
        "Net Income Common Stockholders": -5000000.0,
        "Net Income": -5000000.0,
        "Minority Interests": -2500000.0,
        "Net Income Including Noncontrolling Interests": -2500000.0,
        "Net Income Continuous Operations": -2500000.0,
        "Tax Provision": 7400000.0,
        "Pretax Income": 4900000.0,
        "Other Income Expense": 800000.0,
        "Other Non Operating Income Expenses": 800000.0,
        "Special Income Charges": NaN,
        "Gain On Sale Of Business": NaN,
        "Impairment Of Capital Assets": NaN,
        "Net Non Operating Interest Income Expense": -8800000.0,
        "Interest Expense Non Operating": 9900000.0,
        "Interest Income Non Operating": 1100000.0,
        "Operating Income": 12900000.0,
        "Operating Expense": 71100000.0,
        "Research And Development": 7600000.0,
        "Selling General And Administration": 63500000.0,
        "Selling And Marketing Expense": 14900000.0,
        "General And Administrative Expense": 48600000.0,
        "Other Gand A": 48600000.0,
        "Gross Profit": 84000000.0,
        "Cost Of Revenue": 434600000.0,
        "Total Revenue": 518600000.0,
        "Operating Revenue": 518600000.0
    },
    "2025-06-30": {
        "Tax Effect Of Unusual Items": -31731000.0,
        "Tax Rate For Calcs": 0.21,
        "Normalized EBITDA": 26600000.0,
        "Total Unusual Items": -151100000.0,
        "Total Unusual Items Excluding Goodwill": -151100000.0,
        "Net Income From Continuing Operation Net Minority Interest": -162000000.0,
        "Reconciled Depreciation": 18700000.0,
        "Reconciled Cost Of Revenue": 439300000.0,
        "EBITDA": -124500000.0,
        "EBIT": -143200000.0,
        "Net Interest Income": -9300000.0,
        "Interest Expense": 10100000.0,
        "Interest Income": 800000.0,
        "Normalized Income": -42631000.0,
        "Net Income From Continuing And Discontinued Operation": -162000000.0,
        "Total Expenses": 509500000.0,
        "Total Operating Income As Reported": -141800000.0,
        "Diluted Average Shares": 45200000.0,
        "Basic Average Shares": 45200000.0,
        "Diluted EPS": -3.58,
        "Basic EPS": -3.58,
        "Diluted NI Availto Com Stockholders": -162000000.0,
        "Net Income Common Stockholders": -162000000.0,
        "Net Income": -162000000.0,
        "Minority Interests": -1500000.0,
        "Net Income Including Noncontrolling Interests": -160500000.0,
        "Net Income Continuous Operations": -160500000.0,
        "Tax Provision": 7200000.0,
        "Pretax Income": -153300000.0,
        "Other Income Expense": -153300000.0,
        "Other Non Operating Income Expenses": -2200000.0,
        "Special Income Charges": -151100000.0,
        "Gain On Sale Of Business": NaN,
        "Impairment Of Capital Assets": 151100000.0,
        "Net Non Operating Interest Income Expense": -9300000.0,
        "Interest Expense Non Operating": 10100000.0,
        "Interest Income Non Operating": 800000.0,
        "Operating Income": 9300000.0,
        "Operating Expense": 70200000.0,
        "Research And Development": 7800000.0,
        "Selling General And Administration": 62400000.0,
        "Selling And Marketing Expense": 15500000.0,
        "General And Administrative Expense": 46900000.0,
        "Other Gand A": 46900000.0,
        "Gross Profit": 79500000.0,
        "Cost Of Revenue": 439300000.0,
        "Total Revenue": 518800000.0,
        "Operating Revenue": 518800000.0
    }
}