{
    "2023-03-31": {
        "Tax Effect Of Unusual Items": NaN,
        "Tax Rate For Calcs": NaN,
        "Normalized EBITDA": NaN,
        "Total Unusual Items": NaN,
        "Total Unusual Items Excluding Goodwill": NaN,
        "Net Income From Continuing Operation Net Minority Interest": NaN,
        "Reconciled Depreciation": NaN,
        "Reconciled Cost Of Revenue": NaN,
        "EBITDA": NaN,
        "EBIT": NaN,
        "Net Interest Income": NaN,
        "Interest Expense": 390000.0,
        "Interest Income": NaN,
        "Normalized Income": NaN,
        "Net Income From Continuing And Discontinued Operation": NaN,
        "Total Expenses": NaN,
        "Total Operating Income As Reported": NaN,
        "Diluted Average Shares": NaN,
        "Basic Average Shares": NaN,
        "Diluted EPS": NaN,
        "Basic EPS": NaN,
        "Diluted NI Availto Com Stockholders": NaN,
        "Net Income Common Stockholders": NaN,
        "Net Income": NaN,
        "Net Income Including Noncontrolling Interests": NaN,
        "Net Income Continuous Operations": NaN,
        "Tax Provision": NaN,
        "Pretax Income": NaN,
        "Other Income Expense": NaN,
        "Other Non Operating Income Expenses": NaN,
        "Special Income Charges": NaN,
        "Restructuring And Mergern Acquisition": NaN,
        "Net Non Operating Interest Income Expense": NaN,
        "Total Other Finance Cost": -3932000.0,
        "Interest Expense Non Operating": 390000.0,
        "Interest Income Non Operating": NaN,
        "Operating Income": NaN,
        "Operating Expense": NaN,
        "Research And Development": NaN,
        "Selling General And Administration": NaN,
        "Selling And Marketing Expense": NaN,
        "General And Administrative Expense": NaN,
        "Other Gand A": NaN,
        "Gross Profit": NaN,
        "Cost Of Revenue": NaN,
        "Total Revenue": NaN,
        "Operating Revenue": NaN
    },
    "2022-12-31": {
        "Tax Effect Of Unusual Items": NaN,
        "Tax Rate For Calcs": NaN,
        "Normalized EBITDA": NaN,
        "Total Unusual Items": NaN,
        "Total Unusual Items Excluding Goodwill": NaN,
        "Net Income From Continuing Operation Net Minority Interest": NaN,
        "Reconciled Depreciation": NaN,
        "Reconciled Cost Of Revenue": NaN,
        "EBITDA": NaN,
        "EBIT": NaN,
        "Net Interest Income": NaN,
        "Interest Expense": NaN,
        "Interest Income": NaN,
        "Normalized Income": NaN,
        "Net Income From Continuing And Discontinued Operation": NaN,
        "Total Expenses": NaN,
        "Total Operating Income As Reported": NaN,
        "Diluted Average Shares": NaN,
        "Basic Average Shares": NaN,
        "Diluted EPS": NaN,
        "Basic EPS": NaN,
        "Diluted NI Availto Com Stockholders": NaN,
        "Net Income Common Stockholders": NaN,
        "Net Income": NaN,
        "Net Income Including Noncontrolling Interests": NaN,
        "Net Income Continuous Operations": NaN,
        "Tax Provision": NaN,
        "Pretax Income": NaN,
        "Other Income Expense": NaN,
        "Other Non Operating Income Expenses": NaN,
        "Special Income Charges": NaN,
        "Restructuring And Mergern Acquisition": NaN,
        "Net Non Operating Interest Income Expense": NaN,
        "Total Other Finance Cost": -3335000.0,
        "Interest Expense Non Operating": NaN,
        "Interest Income Non Operating": NaN,
        "Operating Income": NaN,
        "Operating Expense": NaN,
        "Research And Development": NaN,
        "Selling General And Administration": NaN,
        "Selling And Marketing Expense": NaN,
        "General And Administrative Expense": NaN,
        "Other Gand A": NaN,
        "Gross Profit": NaN,
        "Cost Of Revenue": NaN,
        "Total Revenue": NaN,
        "Operating Revenue": NaN
    },
    "2022-09-30": {
        "Tax Effect Of Unusual Items": NaN,
        "Tax Rate For Calcs": NaN,
        "Normalized EBITDA": NaN,
        "Total Unusual Items": NaN,
        "Total Unusual Items Excluding Goodwill": NaN,
        "Net Income From Continuing Operation Net Minority Interest": NaN,
        "Reconciled Depreciation": NaN,
        "Reconciled Cost Of Revenue": NaN,
        "EBITDA": NaN,
        "EBIT": NaN,
        "Net Interest Income": NaN,
        "Interest Expense": 1018000.0,
        "Interest Income": 1610000.0,
        "Normalized Income": NaN,
        "Net Income From Continuing And Discontinued Operation": NaN,
        "Total Expenses": NaN,
        "Total Operating Income As Reported": NaN,
        "Diluted Average Shares": NaN,
        "Basic Average Shares": NaN,
        "Diluted EPS": NaN,
        "Basic EPS": NaN,
        "Diluted NI Availto Com Stockholders": NaN,
        "Net Income Common Stockholders": NaN,
        "Net Income": NaN,
        "Net Income Including Noncontrolling Interests": NaN,
        "Net Income Continuous Operations": NaN,
        "Tax Provision": NaN,
        "Pretax Income": NaN,
        "Other Income Expense": NaN,
        "Other Non Operating Income Expenses": NaN,
        "Special Income Charges": NaN,
        "Restructuring And Mergern Acquisition": NaN,
        "Net Non Operating Interest Income Expense": NaN,
        "Total Other Finance Cost": -592000.0,
        "Interest Expense Non Operating": 1018000.0,
        "Interest Income Non Operating": 1610000.0,
        "Operating Income": NaN,
        "Operating Expense": NaN,
        "Research And Development": NaN,
        "Selling General And Administration": NaN,
        "Selling And Marketing Expense": NaN,
        "General And Administrative Expense": NaN,
        "Other Gand A": NaN,
        "Gross Profit": NaN,
        "Cost Of Revenue": NaN,
        "Total Revenue": NaN,
        "Operating Revenue": NaN
    },
    "2022-06-30": {
        "Tax Effect Of Unusual Items": 0.0,
        "Tax Rate For Calcs": 0.4,
        "Normalized EBITDA": -23294000.0,
        "Total Unusual Items": NaN,
        "Total Unusual Items Excluding Goodwill": NaN,
        "Net Income From Continuing Operation Net Minority Interest": -29380000.0,
        "Reconciled Depreciation": 5233000.0,
        "Reconciled Cost Of Revenue": 65812000.0,
        "EBITDA": -23294000.0,
        "EBIT": -28527000.0,
        "Net Interest Income": 127000.0,
        "Normalized Income": -29380000.0,
        "Net Income From Continuing And Discontinued Operation": -29380000.0,
        "Total Expenses": 181639000.0,
        "Total Operating Income As Reported": -28527000.0,
        "Diluted Average Shares": 140035203.0,
        "Basic Average Shares": 140035203.0,
        "Diluted EPS": -0.21,
        "Basic EPS": -0.21,
        "Diluted NI Availto Com Stockholders": -29380000.0,
        "Net Income Common Stockholders": -29380000.0,
        "Net Income": -29380000.0,
        "Net Income Including Noncontrolling Interests": -29380000.0,
        "Net Income Continuous Operations": -29380000.0,
        "Tax Provision": 308000.0,
        "Pretax Income": -29072000.0,
        "Other Income Expense": -672000.0,
        "Other Non Operating Income Expenses": -672000.0,
        "Special Income Charges": NaN,
        "Restructuring And Mergern Acquisition": NaN,
        "Net Non Operating Interest Income Expense": 127000.0,
        "Total Other Finance Cost": -127000.0,
        "Operating Income": -28527000.0,
        "Operating Expense": 115827000.0,
        "Research And Development": 23963000.0,
        "Selling General And Administration": 91864000.0,
        "Selling And Marketing Expense": 68421000.0,
        "General And Administrative Expense": 23443000.0,
        "Other Gand A": 23443000.0,
        "Gross Profit": 87300000.0,
        "Cost Of Revenue": 65812000.0,
        "Total Revenue": 153112000.0,
        "Operating Revenue": 153112000.0
    },
    "2022-03-31": {
        "Diluted EPS": -0.18,
        "Total Revenue": 152,
        "Gross Profit": 86,
        "Operating Income": -25,
        "EBIT": -14,
        "Net Income": -26
    },
    "2021-12-31": {
        "Diluted EPS": -0.4,
        "Total Revenue": 135,
        "Gross Profit": 71,
        "Operating Income": -41,
        "EBIT": -30,
        "Net Income": -41
    },
    "2021-09-30": {
        "Diluted EPS": -0.25,
        "Total Revenue": 130,
        "Gross Profit": 72,
        "Operating Income": -10,
        "EBIT": -1,
        "Net Income": -9
    },
    "2021-06-30": {
        "Diluted EPS": -0.31,
        "Total Revenue": 126,
        "Gross Profit": 70,
        "Operating Income": -11,
        "EBIT": -4,
        "Net Income": -11
    },
    "2021-03-31": {
        "Diluted EPS": -0.5,
        "Total Revenue": 125,
        "Gross Profit": 67,
        "Operating Income": -16,
        "EBIT": -10,
        "Net Income": -18
    },
    "2020-12-31": {
        "Diluted EPS": 0.0,
        "Total Revenue": NaN,
        "Gross Profit": NaN,
        "Operating Income": NaN,
        "EBIT": NaN,
        "Net Income": NaN
    },
    "2020-09-30": {
        "Diluted EPS": 0.02,
        "Total Revenue": 118,
        "Gross Profit": 70,
        "Operating Income": 3,
        "EBIT": 3,
        "Net Income": 2
    },
    "2019-12-31": {
        "Diluted EPS": 0.0,
        "Total Revenue": NaN,
        "Gross Profit": NaN,
        "Operating Income": NaN,
        "EBIT": NaN,
        "Net Income": NaN
    },
    "2023-06-30": {
        "Tax Effect Of Unusual Items": NaN,
        "Tax Rate For Calcs": NaN,
        "Normalized EBITDA": NaN,
        "Total Unusual Items": NaN,
        "Total Unusual Items Excluding Goodwill": NaN,
        "Net Income From Continuing Operation Net Minority Interest": NaN,
        "Reconciled Depreciation": NaN,
        "Reconciled Cost Of Revenue": NaN,
        "EBITDA": NaN,
        "EBIT": NaN,
        "Net Interest Income": NaN,
        "Interest Expense": NaN,
        "Interest Income": NaN,
        "Normalized Income": NaN,
        "Net Income From Continuing And Discontinued Operation": NaN,
        "Total Expenses": NaN,
        "Total Operating Income As Reported": NaN,
        "Diluted Average Shares": NaN,
        "Basic Average Shares": NaN,
        "Diluted EPS": NaN,
        "Basic EPS": NaN,
        "Diluted NI Availto Com Stockholders": NaN,
        "Net Income Common Stockholders": NaN,
        "Net Income": NaN,
        "Net Income Including Noncontrolling Interests": NaN,
        "Net Income Continuous Operations": NaN,
        "Tax Provision": NaN,
        "Pretax Income": NaN,
        "Other Income Expense": NaN,
        "Other Non Operating Income Expenses": NaN,
        "Special Income Charges": NaN,
        "Restructuring And Mergern Acquisition": NaN,
        "Net Non Operating Interest Income Expense": NaN,
        "Total Other Finance Cost": -4944000.0,
        "Interest Expense Non Operating": NaN,
        "Interest Income Non Operating": NaN,
        "Operating Income": NaN,
        "Operating Expense": NaN,
        "Research And Development": NaN,
        "Selling General And Administration": NaN,
        "Selling And Marketing Expense": NaN,
        "General And Administrative Expense": NaN,
        "Other Gand A": NaN,
        "Gross Profit": NaN,
        "Cost Of Revenue": NaN,
        "Total Revenue": NaN,
        "Operating Revenue": NaN
    },
    "2023-09-30": {
        "Tax Effect Of Unusual Items": NaN,
        "Tax Rate For Calcs": NaN,
        "Normalized EBITDA": NaN,
        "Total Unusual Items": NaN,
        "Total Unusual Items Excluding Goodwill": NaN,
        "Net Income From Continuing Operation Net Minority Interest": NaN,
        "Reconciled Depreciation": NaN,
        "Reconciled Cost Of Revenue": NaN,
        "EBITDA": NaN,
        "EBIT": NaN,
        "Net Interest Income": NaN,
        "Interest Expense": 124000.0,
        "Interest Income": NaN,
        "Normalized Income": NaN,
        "Net Income From Continuing And Discontinued Operation": NaN,
        "Total Expenses": NaN,
        "Total Operating Income As Reported": NaN,
        "Diluted Average Shares": 151307963.0,
        "Basic Average Shares": 151307963.0,
        "Diluted EPS": -0.11,
        "Basic EPS": -0.11,
        "Diluted NI Availto Com Stockholders": NaN,
        "Net Income Common Stockholders": NaN,
        "Net Income": NaN,
        "Net Income Including Noncontrolling Interests": NaN,
        "Net Income Continuous Operations": NaN,
        "Tax Provision": NaN,
        "Pretax Income": NaN,
        "Other Income Expense": NaN,
        "Other Non Operating Income Expenses": NaN,
        "Special Income Charges": NaN,
        "Restructuring And Mergern Acquisition": NaN,
        "Net Non Operating Interest Income Expense": NaN,
        "Interest Expense Non Operating": 124000.0,
        "Interest Income Non Operating": NaN,
        "Operating Income": NaN,
        "Operating Expense": NaN,
        "Research And Development": NaN,
        "Selling General And Administration": NaN,
        "Selling And Marketing Expense": NaN,
        "General And Administrative Expense": NaN,
        "Other Gand A": NaN,
        "Gross Profit": NaN,
        "Cost Of Revenue": NaN,
        "Total Revenue": NaN,
        "Operating Revenue": NaN
    },
    "2023-12-31": {
        "Tax Effect Of Unusual Items": 0.0,
        "Tax Rate For Calcs": 0.21,
        "Normalized EBITDA": -12946000.0,
        "Total Unusual Items": 0.0,
        "Total Unusual Items Excluding Goodwill": 0.0,
        "Net Income From Continuing Operation Net Minority Interest": -20248000.0,
        "Reconciled Depreciation": 6519000.0,
        "Reconciled Cost Of Revenue": 79695000.0,
        "EBITDA": -12946000.0,
        "EBIT": -19465000.0,
        "Net Interest Income": 5858000.0,
        "Interest Expense": 54000.0,
        "Interest Income": 5912000.0,
        "Normalized Income": -20248000.0,
        "Net Income From Continuing And Discontinued Operation": -20248000.0,
        "Total Expenses": 215205000.0,
        "Total Operating Income As Reported": -25660000.0,
        "Diluted Average Shares": 155161554.0,
        "Basic Average Shares": 155161554.0,
        "Diluted EPS": -0.13,
        "Basic EPS": -0.13,
        "Diluted NI Availto Com Stockholders": -20248000.0,
        "Net Income Common Stockholders": -20248000.0,
        "Net Income": -20248000.0,
        "Net Income Including Noncontrolling Interests": -20248000.0,
        "Net Income Continuous Operations": -20248000.0,
        "Tax Provision": 729000.0,
        "Pretax Income": -19519000.0,
        "Other Income Expense": 283000.0,
        "Other Non Operating Income Expenses": 283000.0,
        "Special Income Charges": 0.0,
        "Restructuring And Mergern Acquisition": 0.0,
        "Net Non Operating Interest Income Expense": 5858000.0,
        "Interest Expense Non Operating": 54000.0,
        "Interest Income Non Operating": 5912000.0,
        "Operating Income": -25660000.0,
        "Operating Expense": 135510000.0,
        "Research And Development": 29506000.0,
        "Selling General And Administration": 106004000.0,
        "Selling And Marketing Expense": 83218000.0,
        "General And Administrative Expense": 22786000.0,
        "Other Gand A": 22786000.0,
        "Gross Profit": 109850000.0,
        "Cost Of Revenue": 79695000.0,
        "Total Revenue": 189545000.0,
        "Operating Revenue": 189545000.0
    },
    "2024-03-31": {
        "Tax Effect Of Unusual Items": 0.0,
        "Tax Rate For Calcs": 0.0593,
        "Normalized EBITDA": -10826000.0,
        "Total Unusual Items": 0.0,
        "Total Unusual Items Excluding Goodwill": 0.0,
        "Net Income From Continuing Operation Net Minority Interest": -18339000.0,
        "Reconciled Depreciation": 6483000.0,
        "Reconciled Cost Of Revenue": 76282000.0,
        "EBITDA": -10826000.0,
        "EBIT": -17309000.0,
        "Net Interest Income": 5725000.0,
        "Interest Expense": 3000.0,
        "Interest Income": 5728000.0,
        "Normalized Income": -18339000.0,
        "Net Income From Continuing And Discontinued Operation": -18339000.0,
        "Total Expenses": 219575000.0,
        "Total Operating Income As Reported": -22729000.0,
        "Diluted Average Shares": 156570426.0,
        "Basic Average Shares": 156570426.0,
        "Diluted EPS": -0.12,
        "Basic EPS": -0.12,
        "Diluted NI Availto Com Stockholders": -18339000.0,
        "Net Income Common Stockholders": -18339000.0,
        "Net Income": -18339000.0,
        "Net Income Including Noncontrolling Interests": -18339000.0,
        "Net Income Continuous Operations": -18339000.0,
        "Tax Provision": 1027000.0,
        "Pretax Income": -17312000.0,
        "Other Income Expense": -308000.0,
        "Other Non Operating Income Expenses": -308000.0,
        "Special Income Charges": 0.0,
        "Restructuring And Mergern Acquisition": 0.0,
        "Net Non Operating Interest Income Expense": 5725000.0,
        "Interest Expense Non Operating": 3000.0,
        "Interest Income Non Operating": 5728000.0,
        "Operating Income": -22729000.0,
        "Operating Expense": 143293000.0,
        "Research And Development": 31223000.0,
        "Selling General And Administration": 112070000.0,
        "Selling And Marketing Expense": 87301000.0,
        "General And Administrative Expense": 24769000.0,
        "Other Gand A": 24769000.0,
        "Gross Profit": 120564000.0,
        "Cost Of Revenue": 76282000.0,
        "Total Revenue": 196846000.0,
        "Operating Revenue": 196846000.0
    },
    "2024-06-30": {
        "Tax Effect Of Unusual Items": 0.0,
        "Tax Rate For Calcs": 0.21,
        "Normalized EBITDA": -24243000.0,
        "Total Unusual Items": 0.0,
        "Total Unusual Items Excluding Goodwill": 0.0,
        "Net Income From Continuing Operation Net Minority Interest": -31814000.0,
        "Reconciled Depreciation": 6692000.0,
        "Reconciled Cost Of Revenue": 73244000.0,
        "EBITDA": -24243000.0,
        "EBIT": -30935000.0,
        "Net Interest Income": 5118000.0,
        "Interest Expense": 77000.0,
        "Interest Income": 5195000.0,
        "Normalized Income": -31814000.0,
        "Net Income From Continuing And Discontinued Operation": -31814000.0,
        "Total Expenses": 219906000.0,
        "Total Operating Income As Reported": -25546000.0,
        "Diluted Average Shares": 152987927.0,
        "Basic Average Shares": 152987927.0,
        "Diluted EPS": -0.21,
        "Basic EPS": -0.21,
        "Diluted NI Availto Com Stockholders": -31814000.0,
        "Net Income Common Stockholders": -31814000.0,
        "Net Income": -31814000.0,
        "Net Income Including Noncontrolling Interests": -31814000.0,
        "Net Income Continuous Operations": -31814000.0,
        "Tax Provision": 802000.0,
        "Pretax Income": -31012000.0,
        "Other Income Expense": -10584000.0,
        "Other Non Operating Income Expenses": -10584000.0,
        "Special Income Charges": 0.0,
        "Restructuring And Mergern Acquisition": 0.0,
        "Net Non Operating Interest Income Expense": 5118000.0,
        "Interest Expense Non Operating": 77000.0,
        "Interest Income Non Operating": 5195000.0,
        "Operating Income": -25546000.0,
        "Operating Expense": 146662000.0,
        "Research And Development": 32408000.0,
        "Selling General And Administration": 114254000.0,
        "Selling And Marketing Expense": 86990000.0,
        "General And Administrative Expense": 27264000.0,
        "Other Gand A": 27264000.0,
        "Gross Profit": 121116000.0,
        "Cost Of Revenue": 73244000.0,
        "Total Revenue": 194360000.0,
        "Operating Revenue": 194360000.0
    },
    "2024-09-30": {
        "Tax Effect Of Unusual Items": -2367750.0,
        "Tax Rate For Calcs": 0.21,
        "Normalized EBITDA": -569000.0,
        "Total Unusual Items": -11275000.0,
        "Total Unusual Items Excluding Goodwill": -11275000.0,
        "Net Income From Continuing Operation Net Minority Interest": -25271000.0,
        "Reconciled Depreciation": 6340000.0,
        "Reconciled Cost Of Revenue": 72362000.0,
        "EBITDA": -11844000.0,
        "EBIT": -18184000.0,
        "Net Interest Income": 5236000.0,
        "Interest Expense": NaN,
        "Interest Income": 5236000.0,
        "Normalized Income": -16363750.0,
        "Net Income From Continuing And Discontinued Operation": -25271000.0,
        "Total Expenses": 213601000.0,
        "Total Operating Income As Reported": -29459000.0,
        "Diluted Average Shares": 149179826.0,
        "Basic Average Shares": 149179826.0,
        "Diluted EPS": -0.17,
        "Basic EPS": -0.17,
        "Diluted NI Availto Com Stockholders": -25271000.0,
        "Net Income Common Stockholders": -25271000.0,
        "Net Income": -25271000.0,
        "Net Income Including Noncontrolling Interests": -25271000.0,
        "Net Income Continuous Operations": -25271000.0,
        "Tax Provision": 863000.0,
        "Pretax Income": -24408000.0,
        "Other Income Expense": -11460000.0,
        "Other Non Operating Income Expenses": -185000.0,
        "Special Income Charges": -11275000.0,
        "Restructuring And Mergern Acquisition": 11275000.0,
        "Net Non Operating Interest Income Expense": 5236000.0,
        "Interest Expense Non Operating": NaN,
        "Interest Income Non Operating": 5236000.0,
        "Operating Income": -18184000.0,
        "Operating Expense": 141239000.0,
        "Research And Development": 32976000.0,
        "Selling General And Administration": 108263000.0,
        "Selling And Marketing Expense": 85997000.0,
        "General And Administrative Expense": 22266000.0,
        "Other Gand A": 22266000.0,
        "Gross Profit": 123055000.0,
        "Cost Of Revenue": 72362000.0,
        "Total Revenue": 195417000.0,
        "Operating Revenue": 195417000.0
    },
    "2024-12-31": {
        "Tax Effect Of Unusual Items": -1136100.0,
        "Tax Rate For Calcs": 0.21,
        "Normalized EBITDA": 5132000.0,
        "Total Unusual Items": -5410000.0,
        "Total Unusual Items Excluding Goodwill": -5410000.0,
        "Net Income From Continuing Operation Net Minority Interest": -9864000.0,
        "Reconciled Depreciation": 5906000.0,
        "Reconciled Cost Of Revenue": 72737000.0,
        "EBITDA": -278000.0,
        "EBIT": -6184000.0,
        "Net Interest Income": 3966000.0,
        "Interest Expense": NaN,
        "Interest Income": 3966000.0,
        "Normalized Income": -5590100.0,
        "Net Income From Continuing And Discontinued Operation": -9864000.0,
        "Total Expenses": 206126000.0,
        "Total Operating Income As Reported": -11594000.0,
        "Diluted Average Shares": NaN,
        "Basic Average Shares": NaN,
        "Diluted EPS": NaN,
        "Basic EPS": NaN,
        "Diluted NI Availto Com Stockholders": -9864000.0,
        "Net Income Common Stockholders": -9864000.0,
        "Net Income": -9864000.0,
        "Net Income Including Noncontrolling Interests": -9864000.0,
        "Net Income Continuous Operations": -9864000.0,
        "Tax Provision": 1658000.0,
        "Pretax Income": -8206000.0,
        "Other Income Expense": -5988000.0,
        "Other Non Operating Income Expenses": -578000.0,
        "Special Income Charges": -5410000.0,
        "Restructuring And Mergern Acquisition": 5410000.0,
        "Net Non Operating Interest Income Expense": 3966000.0,
        "Interest Expense Non Operating": NaN,
        "Interest Income Non Operating": 3966000.0,
        "Operating Income": -6184000.0,
        "Operating Expense": 133389000.0,
        "Research And Development": 28831000.0,
        "Selling General And Administration": 104558000.0,
        "Selling And Marketing Expense": 82658000.0,
        "General And Administrative Expense": 21900000.0,
        "Other Gand A": 21900000.0,
        "Gross Profit": 127205000.0,
        "Cost Of Revenue": 72737000.0,
        "Total Revenue": 199942000.0,
        "Operating Revenue": 199942000.0
    }
}