{
    "2023-03-31": {
        "Tax Effect Of Unusual Items": -10396470.0,
        "Tax Rate For Calcs": 0.21,
        "Normalized EBITDA": 44750000.0,
        "Total Unusual Items": -49507000.0,
        "Total Unusual Items Excluding Goodwill": -49507000.0,
        "Net Income From Continuing Operation Net Minority Interest": -61363000.0,
        "Reconciled Depreciation": 5692000.0,
        "Reconciled Cost Of Revenue": 83684000.0,
        "EBITDA": -4757000.0,
        "EBIT": -10449000.0,
        "Net Interest Income": -975000.0,
        "Normalized Income": -22252470.0,
        "Net Income From Continuing And Discontinued Operation": -61363000.0,
        "Total Expenses": 118826000.0,
        "Total Operating Income As Reported": -59524000.0,
        "Diluted Average Shares": 12749000.0,
        "Basic Average Shares": 12749000.0,
        "Diluted EPS": -4.81,
        "Basic EPS": -4.81,
        "Diluted NI Availto Com Stockholders": -61363000.0,
        "Net Income Common Stockholders": -61363000.0,
        "Net Income": -61363000.0,
        "Net Income Including Noncontrolling Interests": -61363000.0,
        "Net Income Continuous Operations": -61363000.0,
        "Tax Provision": 650000.0,
        "Pretax Income": -60713000.0,
        "Other Income Expense": -49289000.0,
        "Other Non Operating Income Expenses": 218000.0,
        "Special Income Charges": -49075000.0,
        "Gain On Sale Of Business": NaN,
        "Impairment Of Capital Assets": 49075000.0,
        "Restructuring And Mergern Acquisition": 0.0,
        "Gain On Sale Of Security": -432000.0,
        "Net Non Operating Interest Income Expense": -975000.0,
        "Total Other Finance Cost": 975000.0,
        "Operating Income": -10449000.0,
        "Operating Expense": 35142000.0,
        "Research And Development": 8360000.0,
        "Selling General And Administration": 26782000.0,
        "Gross Profit": 24693000.0,
        "Cost Of Revenue": 83684000.0,
        "Total Revenue": 108377000.0,
        "Operating Revenue": 108377000.0
    },
    "2022-12-31": {
        "Tax Effect Of Unusual Items": NaN,
        "Tax Rate For Calcs": NaN,
        "Normalized EBITDA": NaN,
        "Total Unusual Items": NaN,
        "Total Unusual Items Excluding Goodwill": NaN,
        "Net Income From Continuing Operation Net Minority Interest": NaN,
        "Reconciled Depreciation": NaN,
        "Reconciled Cost Of Revenue": NaN,
        "EBITDA": NaN,
        "EBIT": NaN,
        "Net Interest Income": NaN,
        "Normalized Income": NaN,
        "Net Income From Continuing And Discontinued Operation": NaN,
        "Total Expenses": NaN,
        "Total Operating Income As Reported": NaN,
        "Diluted Average Shares": NaN,
        "Basic Average Shares": NaN,
        "Diluted EPS": NaN,
        "Basic EPS": NaN,
        "Diluted NI Availto Com Stockholders": NaN,
        "Net Income Common Stockholders": NaN,
        "Net Income": NaN,
        "Net Income Including Noncontrolling Interests": NaN,
        "Net Income Continuous Operations": NaN,
        "Tax Provision": NaN,
        "Pretax Income": NaN,
        "Other Income Expense": NaN,
        "Other Non Operating Income Expenses": NaN,
        "Special Income Charges": NaN,
        "Gain On Sale Of Business": 0.0,
        "Impairment Of Capital Assets": NaN,
        "Restructuring And Mergern Acquisition": NaN,
        "Gain On Sale Of Security": NaN,
        "Net Non Operating Interest Income Expense": NaN,
        "Total Other Finance Cost": NaN,
        "Operating Income": NaN,
        "Operating Expense": NaN,
        "Research And Development": NaN,
        "Selling General And Administration": NaN,
        "Gross Profit": NaN,
        "Cost Of Revenue": NaN,
        "Total Revenue": NaN,
        "Operating Revenue": NaN
    },
    "2022-09-30": {
        "Tax Effect Of Unusual Items": NaN,
        "Tax Rate For Calcs": NaN,
        "Normalized EBITDA": NaN,
        "Total Unusual Items": NaN,
        "Total Unusual Items Excluding Goodwill": NaN,
        "Net Income From Continuing Operation Net Minority Interest": NaN,
        "Reconciled Depreciation": NaN,
        "Reconciled Cost Of Revenue": NaN,
        "EBITDA": NaN,
        "EBIT": NaN,
        "Net Interest Income": NaN,
        "Normalized Income": NaN,
        "Net Income From Continuing And Discontinued Operation": NaN,
        "Total Expenses": NaN,
        "Total Operating Income As Reported": NaN,
        "Diluted Average Shares": NaN,
        "Basic Average Shares": NaN,
        "Diluted EPS": NaN,
        "Basic EPS": NaN,
        "Diluted NI Availto Com Stockholders": NaN,
        "Net Income Common Stockholders": NaN,
        "Net Income": NaN,
        "Net Income Including Noncontrolling Interests": NaN,
        "Net Income Continuous Operations": NaN,
        "Tax Provision": NaN,
        "Pretax Income": NaN,
        "Other Income Expense": NaN,
        "Other Non Operating Income Expenses": NaN,
        "Special Income Charges": NaN,
        "Gain On Sale Of Business": 0.0,
        "Impairment Of Capital Assets": NaN,
        "Restructuring And Mergern Acquisition": 0.0,
        "Gain On Sale Of Security": NaN,
        "Net Non Operating Interest Income Expense": NaN,
        "Total Other Finance Cost": NaN,
        "Operating Income": NaN,
        "Operating Expense": NaN,
        "Research And Development": NaN,
        "Selling General And Administration": NaN,
        "Gross Profit": NaN,
        "Cost Of Revenue": NaN,
        "Total Revenue": NaN,
        "Operating Revenue": NaN
    },
    "2022-06-30": {
        "Tax Effect Of Unusual Items": -98487.0,
        "Tax Rate For Calcs": 0.353,
        "Normalized EBITDA": 11886000.0,
        "Total Unusual Items": -279000.0,
        "Total Unusual Items Excluding Goodwill": -279000.0,
        "Net Income From Continuing Operation Net Minority Interest": 2988000.0,
        "Reconciled Depreciation": 6110000.0,
        "Reconciled Cost Of Revenue": 99730000.0,
        "EBITDA": 11607000.0,
        "EBIT": 5497000.0,
        "Net Interest Income": -183000.0,
        "Normalized Income": 3168513.0,
        "Net Income From Continuing And Discontinued Operation": 2988000.0,
        "Total Expenses": 133604000.0,
        "Total Operating Income As Reported": 5497000.0,
        "Diluted Average Shares": 12804000.0,
        "Basic Average Shares": 12804000.0,
        "Diluted EPS": 0.23,
        "Basic EPS": 0.24,
        "Diluted NI Availto Com Stockholders": 2988000.0,
        "Net Income Common Stockholders": 2988000.0,
        "Net Income": 2988000.0,
        "Net Income Including Noncontrolling Interests": 2988000.0,
        "Net Income Continuous Operations": 2988000.0,
        "Tax Provision": 1632000.0,
        "Pretax Income": 4620000.0,
        "Other Income Expense": -694000.0,
        "Other Non Operating Income Expenses": -415000.0,
        "Special Income Charges": NaN,
        "Gain On Sale Of Business": NaN,
        "Impairment Of Capital Assets": NaN,
        "Gain On Sale Of Security": -279000.0,
        "Net Non Operating Interest Income Expense": -183000.0,
        "Total Other Finance Cost": 183000.0,
        "Operating Income": 5497000.0,
        "Operating Expense": 33874000.0,
        "Research And Development": 8637000.0,
        "Selling General And Administration": 25237000.0,
        "Gross Profit": 39371000.0,
        "Cost Of Revenue": 99730000.0,
        "Total Revenue": 139101000.0,
        "Operating Revenue": 139101000.0
    },
    "2022-03-31": {
        "Diluted EPS": -0.23,
        "Total Revenue": 132,
        "Gross Profit": 36,
        "Operating Income": -1,
        "EBIT": 5,
        "Net Income": -3
    },
    "2021-12-31": {
        "Diluted EPS": -0.43,
        "Total Revenue": 145,
        "Gross Profit": 36,
        "Operating Income": -3,
        "EBIT": 4,
        "Net Income": -6
    },
    "2021-09-30": {
        "Diluted EPS": -0.07,
        "Total Revenue": 156,
        "Gross Profit": 46,
        "Operating Income": 9,
        "EBIT": 15,
        "Net Income": -1
    },
    "2021-06-30": {
        "Diluted EPS": 0.4,
        "Total Revenue": 150,
        "Gross Profit": 45,
        "Operating Income": 9,
        "EBIT": 16,
        "Net Income": 6
    },
    "2021-03-31": {
        "Diluted EPS": 0.49,
        "Total Revenue": 151,
        "Gross Profit": 46,
        "Operating Income": 9,
        "EBIT": 15,
        "Net Income": 7
    },
    "2020-12-31": {
        "Diluted EPS": 0.86,
        "Total Revenue": 156,
        "Gross Profit": 51,
        "Operating Income": 13,
        "EBIT": 19,
        "Net Income": 12
    },
    "2020-09-30": {
        "Diluted EPS": 0.43,
        "Total Revenue": 154,
        "Gross Profit": 44,
        "Operating Income": 10,
        "EBIT": 17,
        "Net Income": 6
    },
    "2020-06-30": {
        "Diluted EPS": 1.02,
        "Total Revenue": 153,
        "Gross Profit": 38,
        "Operating Income": 6,
        "EBIT": 15,
        "Net Income": 14
    },
    "2020-03-31": {
        "Diluted EPS": 0.41,
        "Total Revenue": 152,
        "Gross Profit": 43,
        "Operating Income": 8,
        "EBIT": 16,
        "Net Income": 6
    },
    "2019-12-31": {
        "Diluted EPS": 0.51,
        "Total Revenue": 175,
        "Gross Profit": 50,
        "Operating Income": 11,
        "EBIT": 20,
        "Net Income": 7
    },
    "2019-09-30": {
        "Diluted EPS": 0.19,
        "Total Revenue": 201,
        "Gross Profit": 46,
        "Operating Income": 6,
        "EBIT": 14,
        "Net Income": 3
    },
    "2019-06-30": {
        "Diluted EPS": -0.37,
        "Total Revenue": 194,
        "Gross Profit": 34,
        "Operating Income": -4,
        "EBIT": 4,
        "Net Income": -5
    },
    "2019-03-31": {
        "Diluted EPS": -0.07,
        "Total Revenue": 184,
        "Gross Profit": 40,
        "Operating Income": 2,
        "EBIT": 10,
        "Net Income": -1
    },
    "2018-12-31": {
        "Diluted EPS": -0.78,
        "Total Revenue": 170,
        "Gross Profit": 38,
        "Operating Income": 3,
        "EBIT": 11,
        "Net Income": -11
    },
    "2018-09-30": {
        "Diluted EPS": 0.07,
        "Total Revenue": 183,
        "Gross Profit": 40,
        "Operating Income": 5,
        "EBIT": 13,
        "Net Income": 1
    },
    "2018-06-30": {
        "Diluted EPS": 1.6,
        "Total Revenue": 163,
        "Gross Profit": 27,
        "Operating Income": -10,
        "EBIT": -1,
        "Net Income": 23
    },
    "2018-03-31": {
        "Diluted EPS": -0.04,
        "Total Revenue": 165,
        "Gross Profit": 37,
        "Operating Income": 1,
        "EBIT": 9,
        "Net Income": -1
    },
    "2017-12-31": {
        "Diluted EPS": -1.17,
        "Total Revenue": 181,
        "Gross Profit": 38,
        "Operating Income": 0,
        "EBIT": 8,
        "Net Income": -17
    },
    "2017-09-30": {
        "Diluted EPS": 0.12,
        "Total Revenue": 176,
        "Gross Profit": 43,
        "Operating Income": 4,
        "EBIT": 11,
        "Net Income": 2
    },
    "2017-06-30": {
        "Diluted EPS": 0.32,
        "Total Revenue": 178,
        "Gross Profit": 44,
        "Operating Income": 7,
        "EBIT": 16,
        "Net Income": 5
    },
    "2017-03-31": {
        "Diluted EPS": 0.01,
        "Total Revenue": 161,
        "Gross Profit": 41,
        "Operating Income": 0,
        "EBIT": 7,
        "Net Income": 0
    },
    "2016-12-31": {
        "Diluted EPS": 0.21,
        "Total Revenue": 161,
        "Gross Profit": 41,
        "Operating Income": 6,
        "EBIT": 14,
        "Net Income": 3
    },
    "2016-09-30": {
        "Diluted EPS": 0.53,
        "Total Revenue": 169,
        "Gross Profit": 42,
        "Operating Income": 8,
        "EBIT": 15,
        "Net Income": 8
    },
    "2016-06-30": {
        "Diluted EPS": 0.45,
        "Total Revenue": 171,
        "Gross Profit": 43,
        "Operating Income": 8,
        "EBIT": 14,
        "Net Income": 7
    },
    "2016-03-31": {
        "Diluted EPS": 0.19,
        "Total Revenue": 151,
        "Gross Profit": 38,
        "Operating Income": 3,
        "EBIT": 9,
        "Net Income": 3
    },
    "2015-12-31": {
        "Diluted EPS": 0.63,
        "Total Revenue": 162,
        "Gross Profit": 46,
        "Operating Income": 10,
        "EBIT": 16,
        "Net Income": 9
    },
    "2015-09-30": {
        "Diluted EPS": 0.41,
        "Total Revenue": 160,
        "Gross Profit": 43,
        "Operating Income": 9,
        "EBIT": 14,
        "Net Income": 6
    },
    "2015-06-30": {
        "Diluted EPS": 0.52,
        "Total Revenue": 148,
        "Gross Profit": 40,
        "Operating Income": 10,
        "EBIT": 15,
        "Net Income": 8
    },
    "2015-03-31": {
        "Diluted EPS": 0.32,
        "Total Revenue": 133,
        "Gross Profit": 37,
        "Operating Income": 6,
        "EBIT": 11,
        "Net Income": 5
    },
    "2014-12-31": {
        "Diluted EPS": 0.54,
        "Total Revenue": 138,
        "Gross Profit": 42,
        "Operating Income": 10,
        "EBIT": 15,
        "Net Income": 9
    },
    "2014-09-30": {
        "Diluted EPS": 0.68,
        "Total Revenue": 148,
        "Gross Profit": 45,
        "Operating Income": 14,
        "EBIT": 18,
        "Net Income": 11
    },
    "2014-06-30": {
        "Diluted EPS": 0.53,
        "Total Revenue": 146,
        "Gross Profit": 44,
        "Operating Income": 12,
        "EBIT": 16,
        "Net Income": 8
    },
    "2014-03-31": {
        "Diluted EPS": 0.26,
        "Total Revenue": 130,
        "Gross Profit": 37,
        "Operating Income": 6,
        "EBIT": 10,
        "Net Income": 4
    },
    "2013-12-31": {
        "Diluted EPS": 0.35,
        "Total Revenue": 136,
        "Gross Profit": 41,
        "Operating Income": 8,
        "EBIT": 13,
        "Net Income": 6
    },
    "2013-09-30": {
        "Diluted EPS": 0.55,
        "Total Revenue": 142,
        "Gross Profit": 40,
        "Operating Income": 10,
        "EBIT": 15,
        "Net Income": 9
    },
    "2013-06-30": {
        "Diluted EPS": 0.38,
        "Total Revenue": 136,
        "Gross Profit": 38,
        "Operating Income": 10,
        "EBIT": 14,
        "Net Income": 6
    },
    "2013-03-31": {
        "Diluted EPS": 0.19,
        "Total Revenue": 115,
        "Gross Profit": 33,
        "Operating Income": 4,
        "EBIT": 8,
        "Net Income": 3
    },
    "2012-12-31": {
        "Diluted EPS": 0.2,
        "Total Revenue": 118,
        "Gross Profit": 36,
        "Operating Income": 8,
        "EBIT": 13,
        "Net Income": 3
    },
    "2012-09-30": {
        "Diluted EPS": 0.45,
        "Total Revenue": 125,
        "Gross Profit": 36,
        "Operating Income": 10,
        "EBIT": 14,
        "Net Income": 7
    },
    "2012-06-30": {
        "Diluted EPS": 0.34,
        "Total Revenue": 117,
        "Gross Profit": 33,
        "Operating Income": 6,
        "EBIT": 11,
        "Net Income": 5
    },
    "2012-03-31": {
        "Diluted EPS": 0.11,
        "Total Revenue": 104,
        "Gross Profit": 28,
        "Operating Income": 2,
        "EBIT": 7,
        "Net Income": 2
    },
    "2011-12-31": {
        "Diluted EPS": 0.32,
        "Total Revenue": 118,
        "Gross Profit": 33,
        "Operating Income": 6,
        "EBIT": 11,
        "Net Income": 5
    },
    "2011-09-30": {
        "Diluted EPS": 0.47,
        "Total Revenue": 124,
        "Gross Profit": 34,
        "Operating Income": 9,
        "EBIT": 14,
        "Net Income": 7
    },
    "2011-06-30": {
        "Diluted EPS": 0.4,
        "Total Revenue": 122,
        "Gross Profit": 35,
        "Operating Income": 8,
        "EBIT": 13,
        "Net Income": 6
    },
    "2011-03-31": {
        "Diluted EPS": 0.12,
        "Total Revenue": 106,
        "Gross Profit": 28,
        "Operating Income": 3,
        "EBIT": 7,
        "Net Income": 2
    },
    "2010-12-31": {
        "Diluted EPS": 0.26,
        "Total Revenue": 103,
        "Gross Profit": 29,
        "Operating Income": 5,
        "EBIT": 8,
        "Net Income": 4
    },
    "2010-09-30": {
        "Diluted EPS": 0.34,
        "Total Revenue": 79,
        "Gross Profit": 26,
        "Operating Income": 7,
        "EBIT": 8,
        "Net Income": 5
    },
    "2010-06-30": {
        "Diluted EPS": 0.34,
        "Total Revenue": 79,
        "Gross Profit": 27,
        "Operating Income": 7,
        "EBIT": 9,
        "Net Income": 5
    },
    "2010-03-31": {
        "Diluted EPS": 0.13,
        "Total Revenue": 71,
        "Gross Profit": 22,
        "Operating Income": 3,
        "EBIT": 4,
        "Net Income": 2
    },
    "2009-12-31": {
        "Diluted EPS": 0.42,
        "Total Revenue": 85,
        "Gross Profit": 29,
        "Operating Income": 8,
        "EBIT": 10,
        "Net Income": 6
    },
    "2009-09-30": {
        "Diluted EPS": 0.3,
        "Total Revenue": 83,
        "Gross Profit": 26,
        "Operating Income": 7,
        "EBIT": 8,
        "Net Income": 4
    },
    "2009-06-30": {
        "Diluted EPS": 0.27,
        "Total Revenue": 78,
        "Gross Profit": 25,
        "Operating Income": 6,
        "EBIT": 7,
        "Net Income": 4
    },
    "2009-03-31": {
        "Diluted EPS": 0.06,
        "Total Revenue": 71,
        "Gross Profit": 21,
        "Operating Income": 2,
        "EBIT": 3,
        "Net Income": 1
    },
    "2023-06-30": {
        "Tax Effect Of Unusual Items": -35440.490349,
        "Tax Rate For Calcs": 0.047571,
        "Normalized EBITDA": -2372000.0,
        "Total Unusual Items": -745000.0,
        "Total Unusual Items Excluding Goodwill": -745000.0,
        "Net Income From Continuing Operation Net Minority Interest": -10411000.0,
        "Reconciled Depreciation": 6015000.0,
        "Reconciled Cost Of Revenue": 82774000.0,
        "EBITDA": -3117000.0,
        "EBIT": -9132000.0,
        "Net Interest Income": -1097000.0,
        "Normalized Income": -9701440.490349,
        "Net Income From Continuing And Discontinued Operation": -10411000.0,
        "Total Expenses": 116523000.0,
        "Total Operating Income As Reported": -9132000.0,
        "Diluted Average Shares": 12860000.0,
        "Basic Average Shares": 12860000.0,
        "Diluted EPS": -0.81,
        "Basic EPS": -0.81,
        "Diluted NI Availto Com Stockholders": -10411000.0,
        "Net Income Common Stockholders": -10411000.0,
        "Net Income": -10411000.0,
        "Net Income Including Noncontrolling Interests": -10411000.0,
        "Net Income Continuous Operations": -10411000.0,
        "Tax Provision": -520000.0,
        "Pretax Income": -10931000.0,
        "Other Income Expense": -702000.0,
        "Other Non Operating Income Expenses": 43000.0,
        "Special Income Charges": 0.0,
        "Impairment Of Capital Assets": 0.0,
        "Restructuring And Mergern Acquisition": 0.0,
        "Gain On Sale Of Security": -745000.0,
        "Net Non Operating Interest Income Expense": -1097000.0,
        "Total Other Finance Cost": 1097000.0,
        "Operating Income": -9132000.0,
        "Operating Expense": 33749000.0,
        "Research And Development": 8484000.0,
        "Selling General And Administration": 25265000.0,
        "Gross Profit": 24617000.0,
        "Cost Of Revenue": 82774000.0,
        "Total Revenue": 107391000.0,
        "Operating Revenue": 107391000.0
    },
    "2023-09-30": {
        "Tax Effect Of Unusual Items": NaN,
        "Tax Rate For Calcs": NaN,
        "Normalized EBITDA": NaN,
        "Total Unusual Items": NaN,
        "Total Unusual Items Excluding Goodwill": NaN,
        "Net Income From Continuing Operation Net Minority Interest": NaN,
        "Reconciled Depreciation": NaN,
        "Reconciled Cost Of Revenue": NaN,
        "EBITDA": NaN,
        "EBIT": NaN,
        "Net Interest Income": NaN,
        "Normalized Income": NaN,
        "Net Income From Continuing And Discontinued Operation": NaN,
        "Total Expenses": NaN,
        "Total Operating Income As Reported": NaN,
        "Diluted Average Shares": 12911000.0,
        "Basic Average Shares": 12911000.0,
        "Diluted EPS": -1.5,
        "Basic EPS": -1.5,
        "Diluted NI Availto Com Stockholders": NaN,
        "Net Income Common Stockholders": NaN,
        "Net Income": NaN,
        "Net Income Including Noncontrolling Interests": NaN,
        "Net Income Continuous Operations": NaN,
        "Tax Provision": NaN,
        "Pretax Income": NaN,
        "Other Income Expense": NaN,
        "Other Non Operating Income Expenses": NaN,
        "Special Income Charges": NaN,
        "Impairment Of Capital Assets": NaN,
        "Restructuring And Mergern Acquisition": NaN,
        "Gain On Sale Of Security": NaN,
        "Net Non Operating Interest Income Expense": NaN,
        "Total Other Finance Cost": NaN,
        "Operating Income": NaN,
        "Operating Expense": NaN,
        "Research And Development": NaN,
        "Selling General And Administration": NaN,
        "Gross Profit": NaN,
        "Cost Of Revenue": NaN,
        "Total Revenue": NaN,
        "Operating Revenue": NaN
    },
    "2023-12-31": {
        "Tax Effect Of Unusual Items": -332220.0,
        "Tax Rate For Calcs": 0.21,
        "Normalized EBITDA": 4673000.0,
        "Total Unusual Items": -1582000.0,
        "Total Unusual Items Excluding Goodwill": -1582000.0,
        "Net Income From Continuing Operation Net Minority Interest": -7102000.0,
        "Reconciled Depreciation": 5378000.0,
        "Reconciled Cost Of Revenue": 69756000.0,
        "EBITDA": 3091000.0,
        "EBIT": -2287000.0,
        "Net Interest Income": -1044000.0,
        "Normalized Income": -5852220.0,
        "Net Income From Continuing And Discontinued Operation": -7102000.0,
        "Total Expenses": 99881000.0,
        "Total Operating Income As Reported": -2612000.0,
        "Diluted Average Shares": 12902000.0,
        "Basic Average Shares": 12902000.0,
        "Diluted EPS": -0.55,
        "Basic EPS": -0.55,
        "Diluted NI Availto Com Stockholders": -7102000.0,
        "Net Income Common Stockholders": -7102000.0,
        "Net Income": -7102000.0,
        "Net Income Including Noncontrolling Interests": -7102000.0,
        "Net Income Continuous Operations": -7102000.0,
        "Tax Provision": 2592000.0,
        "Pretax Income": -4510000.0,
        "Other Income Expense": -1179000.0,
        "Other Non Operating Income Expenses": 403000.0,
        "Special Income Charges": -325000.0,
        "Impairment Of Capital Assets": 0.0,
        "Restructuring And Mergern Acquisition": 325000.0,
        "Gain On Sale Of Security": -1257000.0,
        "Net Non Operating Interest Income Expense": -1044000.0,
        "Total Other Finance Cost": 1044000.0,
        "Operating Income": -2287000.0,
        "Operating Expense": 30125000.0,
        "Research And Development": 6779000.0,
        "Selling General And Administration": 23346000.0,
        "Gross Profit": 27838000.0,
        "Cost Of Revenue": 69756000.0,
        "Total Revenue": 97594000.0,
        "Operating Revenue": 97594000.0
    },
    "2024-03-31": {
        "Tax Effect Of Unusual Items": -245280.0,
        "Tax Rate For Calcs": 0.21,
        "Normalized EBITDA": -8000.0,
        "Total Unusual Items": -1168000.0,
        "Total Unusual Items Excluding Goodwill": -1168000.0,
        "Net Income From Continuing Operation Net Minority Interest": -8649000.0,
        "Reconciled Depreciation": 4668000.0,
        "Reconciled Cost Of Revenue": 65912000.0,
        "EBITDA": -1176000.0,
        "EBIT": -5844000.0,
        "Net Interest Income": -922000.0,
        "Normalized Income": -7726280.0,
        "Net Income From Continuing And Discontinued Operation": -8649000.0,
        "Total Expenses": 97744000.0,
        "Total Operating Income As Reported": -6908000.0,
        "Diluted Average Shares": 12902000.0,
        "Basic Average Shares": 12902000.0,
        "Diluted EPS": -0.67,
        "Basic EPS": -0.67,
        "Diluted NI Availto Com Stockholders": -8649000.0,
        "Net Income Common Stockholders": -8649000.0,
        "Net Income": -8649000.0,
        "Net Income Including Noncontrolling Interests": -8649000.0,
        "Net Income Continuous Operations": -8649000.0,
        "Tax Provision": 739000.0,
        "Pretax Income": -7910000.0,
        "Other Income Expense": -1144000.0,
        "Other Non Operating Income Expenses": 24000.0,
        "Special Income Charges": -1064000.0,
        "Impairment Of Capital Assets": 0.0,
        "Restructuring And Mergern Acquisition": 1064000.0,
        "Gain On Sale Of Security": -104000.0,
        "Net Non Operating Interest Income Expense": -922000.0,
        "Total Other Finance Cost": 922000.0,
        "Operating Income": -5844000.0,
        "Operating Expense": 31832000.0,
        "Research And Development": 7821000.0,
        "Selling General And Administration": 24011000.0,
        "Gross Profit": 25988000.0,
        "Cost Of Revenue": 65912000.0,
        "Total Revenue": 91900000.0,
        "Operating Revenue": 91900000.0
    },
    "2024-06-30": {
        "Tax Effect Of Unusual Items": -400890.0,
        "Tax Rate For Calcs": 0.21,
        "Normalized EBITDA": 3486000.0,
        "Total Unusual Items": -1909000.0,
        "Total Unusual Items Excluding Goodwill": -1909000.0,
        "Net Income From Continuing Operation Net Minority Interest": -8193000.0,
        "Reconciled Depreciation": 4475000.0,
        "Reconciled Cost Of Revenue": 64500000.0,
        "EBITDA": 1577000.0,
        "EBIT": -2898000.0,
        "Net Interest Income": -843000.0,
        "Normalized Income": -6684890.0,
        "Net Income From Continuing And Discontinued Operation": -8193000.0,
        "Total Expenses": 93350000.0,
        "Total Operating Income As Reported": -4453000.0,
        "Diluted Average Shares": 12917000.0,
        "Basic Average Shares": 12917000.0,
        "Diluted EPS": -0.63,
        "Basic EPS": -0.63,
        "Diluted NI Availto Com Stockholders": -8193000.0,
        "Net Income Common Stockholders": -8193000.0,
        "Net Income": -8193000.0,
        "Net Income Including Noncontrolling Interests": -8193000.0,
        "Net Income Continuous Operations": -8193000.0,
        "Tax Provision": 2808000.0,
        "Pretax Income": -5385000.0,
        "Other Income Expense": -1644000.0,
        "Other Non Operating Income Expenses": 265000.0,
        "Special Income Charges": -1555000.0,
        "Impairment Of Capital Assets": 0.0,
        "Restructuring And Mergern Acquisition": 1555000.0,
        "Gain On Sale Of Security": -354000.0,
        "Net Non Operating Interest Income Expense": -843000.0,
        "Total Other Finance Cost": 843000.0,
        "Operating Income": -2898000.0,
        "Operating Expense": 28850000.0,
        "Research And Development": 7520000.0,
        "Selling General And Administration": 21330000.0,
        "Gross Profit": 25952000.0,
        "Cost Of Revenue": 64500000.0,
        "Total Revenue": 90452000.0,
        "Operating Revenue": 90452000.0
    },
    "2024-09-30": {
        "Tax Effect Of Unusual Items": 34020.0,
        "Tax Rate For Calcs": 0.21,
        "Normalized EBITDA": 4745000.0,
        "Total Unusual Items": 162000.0,
        "Total Unusual Items Excluding Goodwill": 162000.0,
        "Net Income From Continuing Operation Net Minority Interest": -2658000.0,
        "Reconciled Depreciation": 4385000.0,
        "Reconciled Cost Of Revenue": 71341000.0,
        "EBITDA": 4907000.0,
        "EBIT": 522000.0,
        "Net Interest Income": -891000.0,
        "Normalized Income": -2785980.0,
        "Net Income From Continuing And Discontinued Operation": -2658000.0,
        "Total Expenses": 101551000.0,
        "Total Operating Income As Reported": 418000.0,
        "Diluted Average Shares": 12985000.0,
        "Basic Average Shares": 12985000.0,
        "Diluted EPS": -0.2,
        "Basic EPS": -0.2,
        "Diluted NI Availto Com Stockholders": -2658000.0,
        "Net Income Common Stockholders": -2658000.0,
        "Net Income": -2658000.0,
        "Net Income Including Noncontrolling Interests": -2658000.0,
        "Net Income Continuous Operations": -2658000.0,
        "Tax Provision": 2459000.0,
        "Pretax Income": -199000.0,
        "Other Income Expense": 170000.0,
        "Other Non Operating Income Expenses": 8000.0,
        "Special Income Charges": -104000.0,
        "Impairment Of Capital Assets": 0.0,
        "Restructuring And Mergern Acquisition": 104000.0,
        "Gain On Sale Of Security": 266000.0,
        "Net Non Operating Interest Income Expense": -891000.0,
        "Total Other Finance Cost": 891000.0,
        "Operating Income": 522000.0,
        "Operating Expense": 30210000.0,
        "Research And Development": 7338000.0,
        "Selling General And Administration": 22872000.0,
        "Gross Profit": 30732000.0,
        "Cost Of Revenue": 71341000.0,
        "Total Revenue": 102073000.0,
        "Operating Revenue": 102073000.0
    },
    "2024-12-31": {
        "Tax Effect Of Unusual Items": -581984.717868,
        "Tax Rate For Calcs": 0.112657,
        "Normalized EBITDA": 10376000.0,
        "Total Unusual Items": -5166000.0,
        "Total Unusual Items Excluding Goodwill": -5166000.0,
        "Net Income From Continuing Operation Net Minority Interest": -4529000.0,
        "Reconciled Depreciation": 4530000.0,
        "Reconciled Cost Of Revenue": 79132000.0,
        "EBITDA": 5210000.0,
        "EBIT": 680000.0,
        "Net Interest Income": -705000.0,
        "Normalized Income": 55015.282132,
        "Net Income From Continuing And Discontinued Operation": -4529000.0,
        "Total Expenses": 109774000.0,
        "Total Operating Income As Reported": -4354000.0,
        "Diluted Average Shares": NaN,
        "Basic Average Shares": NaN,
        "Diluted EPS": NaN,
        "Basic EPS": NaN,
        "Diluted NI Availto Com Stockholders": -4529000.0,
        "Net Income Common Stockholders": -4529000.0,
        "Net Income": -4529000.0,
        "Net Income Including Noncontrolling Interests": -4529000.0,
        "Net Income Continuous Operations": -4529000.0,
        "Tax Provision": -575000.0,
        "Pretax Income": -5104000.0,
        "Other Income Expense": -5079000.0,
        "Other Non Operating Income Expenses": 87000.0,
        "Special Income Charges": -5034000.0,
        "Impairment Of Capital Assets": 0.0,
        "Restructuring And Mergern Acquisition": 862000.0,
        "Gain On Sale Of Security": -132000.0,
        "Net Non Operating Interest Income Expense": -705000.0,
        "Total Other Finance Cost": 705000.0,
        "Operating Income": 680000.0,
        "Operating Expense": 30642000.0,
        "Research And Development": 7044000.0,
        "Selling General And Administration": 23598000.0,
        "Gross Profit": 31322000.0,
        "Cost Of Revenue": 79132000.0,
        "Total Revenue": 110454000.0,
        "Operating Revenue": 110454000.0
    }
}