{
    "2023-03-31": {
        "Tax Effect Of Unusual Items": NaN,
        "Tax Rate For Calcs": NaN,
        "Normalized EBITDA": NaN,
        "Net Income From Continuing Operation Net Minority Interest": NaN,
        "Reconciled Depreciation": NaN,
        "Reconciled Cost Of Revenue": NaN,
        "EBITDA": NaN,
        "EBIT": NaN,
        "Net Interest Income": NaN,
        "Interest Expense": NaN,
        "Interest Income": NaN,
        "Normalized Income": NaN,
        "Net Income From Continuing And Discontinued Operation": NaN,
        "Total Expenses": NaN,
        "Total Operating Income As Reported": NaN,
        "Diluted Average Shares": NaN,
        "Basic Average Shares": NaN,
        "Diluted EPS": NaN,
        "Basic EPS": NaN,
        "Diluted NI Availto Com Stockholders": NaN,
        "Net Income Common Stockholders": NaN,
        "Otherunder Preferred Stock Dividend": NaN,
        "Net Income": NaN,
        "Minority Interests": NaN,
        "Net Income Including Noncontrolling Interests": NaN,
        "Net Income Continuous Operations": NaN,
        "Tax Provision": NaN,
        "Pretax Income": NaN,
        "Other Income Expense": NaN,
        "Other Non Operating Income Expenses": -1938000.0,
        "Earnings From Equity Interest": NaN,
        "Net Non Operating Interest Income Expense": NaN,
        "Interest Expense Non Operating": NaN,
        "Interest Income Non Operating": NaN,
        "Operating Income": NaN,
        "Operating Expense": NaN,
        "Selling General And Administration": NaN,
        "Gross Profit": NaN,
        "Cost Of Revenue": NaN,
        "Total Revenue": NaN,
        "Operating Revenue": NaN
    },
    "2022-12-31": {
        "Tax Effect Of Unusual Items": NaN,
        "Tax Rate For Calcs": NaN,
        "Normalized EBITDA": NaN,
        "Net Income From Continuing Operation Net Minority Interest": NaN,
        "Reconciled Depreciation": NaN,
        "Reconciled Cost Of Revenue": NaN,
        "EBITDA": NaN,
        "EBIT": NaN,
        "Net Interest Income": NaN,
        "Interest Expense": NaN,
        "Interest Income": NaN,
        "Normalized Income": NaN,
        "Net Income From Continuing And Discontinued Operation": NaN,
        "Total Expenses": NaN,
        "Total Operating Income As Reported": NaN,
        "Diluted Average Shares": NaN,
        "Basic Average Shares": NaN,
        "Diluted EPS": NaN,
        "Basic EPS": NaN,
        "Diluted NI Availto Com Stockholders": NaN,
        "Net Income Common Stockholders": NaN,
        "Otherunder Preferred Stock Dividend": NaN,
        "Net Income": NaN,
        "Minority Interests": NaN,
        "Net Income Including Noncontrolling Interests": NaN,
        "Net Income Continuous Operations": NaN,
        "Tax Provision": NaN,
        "Pretax Income": NaN,
        "Other Income Expense": NaN,
        "Other Non Operating Income Expenses": NaN,
        "Earnings From Equity Interest": NaN,
        "Net Non Operating Interest Income Expense": NaN,
        "Interest Expense Non Operating": NaN,
        "Interest Income Non Operating": NaN,
        "Operating Income": NaN,
        "Operating Expense": NaN,
        "Other Operating Expenses": 5857000.0,
        "Selling General And Administration": NaN,
        "Gross Profit": NaN,
        "Cost Of Revenue": NaN,
        "Total Revenue": NaN,
        "Operating Revenue": NaN
    },
    "2022-09-30": {
        "Tax Effect Of Unusual Items": NaN,
        "Tax Rate For Calcs": NaN,
        "Normalized EBITDA": NaN,
        "Net Income From Continuing Operation Net Minority Interest": NaN,
        "Reconciled Depreciation": NaN,
        "Reconciled Cost Of Revenue": NaN,
        "EBITDA": NaN,
        "EBIT": NaN,
        "Net Interest Income": NaN,
        "Interest Expense": NaN,
        "Interest Income": NaN,
        "Normalized Income": NaN,
        "Net Income From Continuing And Discontinued Operation": NaN,
        "Total Expenses": NaN,
        "Total Operating Income As Reported": NaN,
        "Diluted Average Shares": NaN,
        "Basic Average Shares": NaN,
        "Diluted EPS": NaN,
        "Basic EPS": NaN,
        "Diluted NI Availto Com Stockholders": NaN,
        "Net Income Common Stockholders": NaN,
        "Otherunder Preferred Stock Dividend": NaN,
        "Net Income": NaN,
        "Minority Interests": NaN,
        "Net Income Including Noncontrolling Interests": NaN,
        "Net Income Continuous Operations": NaN,
        "Tax Provision": NaN,
        "Pretax Income": NaN,
        "Other Income Expense": NaN,
        "Other Non Operating Income Expenses": 1195000.0,
        "Earnings From Equity Interest": NaN,
        "Net Non Operating Interest Income Expense": NaN,
        "Interest Expense Non Operating": NaN,
        "Interest Income Non Operating": NaN,
        "Operating Income": NaN,
        "Operating Expense": NaN,
        "Other Operating Expenses": -1195000.0,
        "Selling General And Administration": NaN,
        "Gross Profit": NaN,
        "Cost Of Revenue": NaN,
        "Total Revenue": NaN,
        "Operating Revenue": NaN
    },
    "2022-06-30": {
        "Tax Effect Of Unusual Items": 0.0,
        "Tax Rate For Calcs": 0.249628,
        "Normalized EBITDA": 311826000.0,
        "Net Income From Continuing Operation Net Minority Interest": 203118000.0,
        "Reconciled Depreciation": 26260000.0,
        "Reconciled Cost Of Revenue": 2397422000.0,
        "EBITDA": 311826000.0,
        "EBIT": 285566000.0,
        "Net Interest Income": -8566000.0,
        "Interest Expense": 8566000.0,
        "Interest Income": NaN,
        "Normalized Income": 203118000.0,
        "Net Income From Continuing And Discontinued Operation": 203118000.0,
        "Total Expenses": 2615308000.0,
        "Total Operating Income As Reported": 285566000.0,
        "Diluted Average Shares": 60416000.0,
        "Basic Average Shares": 60211000.0,
        "Diluted EPS": 3.23,
        "Basic EPS": 3.24,
        "Diluted NI Availto Com Stockholders": 203118000.0,
        "Net Income Common Stockholders": 203118000.0,
        "Otherunder Preferred Stock Dividend": 8270000.0,
        "Net Income": 203118000.0,
        "Minority Interests": -4735000.0,
        "Net Income Including Noncontrolling Interests": 207853000.0,
        "Net Income Continuous Operations": 207853000.0,
        "Tax Provision": 69147000.0,
        "Pretax Income": 277000000.0,
        "Other Income Expense": -1017000.0,
        "Other Non Operating Income Expenses": NaN,
        "Earnings From Equity Interest": -1017000.0,
        "Net Non Operating Interest Income Expense": -8566000.0,
        "Interest Expense Non Operating": 8566000.0,
        "Interest Income Non Operating": NaN,
        "Operating Income": 285566000.0,
        "Operating Expense": 217886000.0,
        "Other Operating Expenses": 3348000.0,
        "Selling General And Administration": 214538000.0,
        "Gross Profit": 503452000.0,
        "Cost Of Revenue": 2397422000.0,
        "Total Revenue": 2900874000.0,
        "Operating Revenue": 2900874000.0
    },
    "2023-06-30": {
        "Tax Effect Of Unusual Items": NaN,
        "Tax Rate For Calcs": NaN,
        "Normalized EBITDA": NaN,
        "Net Income From Continuing Operation Net Minority Interest": NaN,
        "Reconciled Depreciation": NaN,
        "Reconciled Cost Of Revenue": NaN,
        "EBITDA": NaN,
        "EBIT": NaN,
        "Net Interest Income": NaN,
        "Interest Expense": NaN,
        "Interest Income": NaN,
        "Normalized Income": NaN,
        "Net Income From Continuing And Discontinued Operation": NaN,
        "Total Expenses": NaN,
        "Total Operating Income As Reported": NaN,
        "Diluted Average Shares": NaN,
        "Basic Average Shares": NaN,
        "Diluted EPS": NaN,
        "Basic EPS": NaN,
        "Diluted NI Availto Com Stockholders": NaN,
        "Net Income Common Stockholders": NaN,
        "Otherunder Preferred Stock Dividend": NaN,
        "Net Income": NaN,
        "Minority Interests": NaN,
        "Net Income Including Noncontrolling Interests": NaN,
        "Net Income Continuous Operations": NaN,
        "Tax Provision": NaN,
        "Pretax Income": NaN,
        "Other Income Expense": NaN,
        "Other Non Operating Income Expenses": -1867000.0,
        "Earnings From Equity Interest": NaN,
        "Net Non Operating Interest Income Expense": NaN,
        "Interest Expense Non Operating": NaN,
        "Interest Income Non Operating": NaN,
        "Operating Income": NaN,
        "Operating Expense": NaN,
        "Selling General And Administration": NaN,
        "Gross Profit": NaN,
        "Cost Of Revenue": NaN,
        "Total Revenue": NaN,
        "Operating Revenue": NaN
    },
    "2022-03-31": {
        "Diluted EPS": 3.0,
        "Total Revenue": NaN,
        "Gross Profit": 478,
        "Operating Income": 259,
        "EBIT": 286,
        "Net Income": 183
    },
    "2021-12-31": {
        "Diluted EPS": 2.2,
        "Total Revenue": NaN,
        "Gross Profit": 372,
        "Operating Income": 195,
        "EBIT": 222,
        "Net Income": 133
    },
    "2021-09-30": {
        "Diluted EPS": 1.94,
        "Total Revenue": NaN,
        "Gross Profit": 328,
        "Operating Income": 168,
        "EBIT": 194,
        "Net Income": 117
    },
    "2021-06-30": {
        "Diluted EPS": 2.78,
        "Total Revenue": NaN,
        "Gross Profit": 421,
        "Operating Income": 237,
        "EBIT": 260,
        "Net Income": 168
    },
    "2021-03-31": {
        "Diluted EPS": 1.67,
        "Total Revenue": NaN,
        "Gross Profit": 287,
        "Operating Income": 137,
        "EBIT": 160,
        "Net Income": 100
    },
    "2020-12-31": {
        "Diluted EPS": 1.02,
        "Total Revenue": NaN,
        "Gross Profit": 187,
        "Operating Income": 88,
        "EBIT": 108,
        "Net Income": 61
    },
    "2020-09-30": {
        "Diluted EPS": 1.25,
        "Total Revenue": NaN,
        "Gross Profit": 241,
        "Operating Income": 107,
        "EBIT": 125,
        "Net Income": 75
    },
    "2020-06-30": {
        "Diluted EPS": 1.08,
        "Total Revenue": NaN,
        "Gross Profit": 205,
        "Operating Income": 92,
        "EBIT": 110,
        "Net Income": 65
    },
    "2020-03-31": {
        "Diluted EPS": 0.65,
        "Total Revenue": NaN,
        "Gross Profit": 167,
        "Operating Income": 59,
        "EBIT": 76,
        "Net Income": 39
    },
    "2019-12-31": {
        "Diluted EPS": 0.61,
        "Total Revenue": 998,
        "Gross Profit": 157,
        "Operating Income": 52,
        "EBIT": 69,
        "Net Income": 33
    },
    "2019-09-30": {
        "Diluted EPS": 0.84,
        "Total Revenue": NaN,
        "Gross Profit": 187,
        "Operating Income": 70,
        "EBIT": 88,
        "Net Income": 52
    },
    "2019-06-30": {
        "Diluted EPS": 0.88,
        "Total Revenue": NaN,
        "Gross Profit": 187,
        "Operating Income": 74,
        "EBIT": 90,
        "Net Income": 55
    },
    "2019-03-31": {
        "Diluted EPS": 0.58,
        "Total Revenue": NaN,
        "Gross Profit": 154,
        "Operating Income": 48,
        "EBIT": 65,
        "Net Income": 36
    },
    "2018-12-31": {
        "Diluted EPS": 0.5,
        "Total Revenue": 988,
        "Gross Profit": 138,
        "Operating Income": 45,
        "EBIT": 62,
        "Net Income": 27
    },
    "2018-09-30": {
        "Diluted EPS": 0.66,
        "Total Revenue": NaN,
        "Gross Profit": 159,
        "Operating Income": 57,
        "EBIT": 73,
        "Net Income": 41
    },
    "2018-06-30": {
        "Diluted EPS": 0.71,
        "Total Revenue": NaN,
        "Gross Profit": 166,
        "Operating Income": 61,
        "EBIT": 76,
        "Net Income": 44
    },
    "2018-03-31": {
        "Diluted EPS": 0.53,
        "Total Revenue": 994,
        "Gross Profit": 131,
        "Operating Income": 44,
        "EBIT": 58,
        "Net Income": 33
    },
    "2017-12-31": {
        "Diluted EPS": 0.5,
        "Total Revenue": 966,
        "Gross Profit": 129,
        "Operating Income": 41,
        "EBIT": 55,
        "Net Income": 33
    },
    "2017-09-30": {
        "Diluted EPS": 0.55,
        "Total Revenue": NaN,
        "Gross Profit": 145,
        "Operating Income": 52,
        "EBIT": 66,
        "Net Income": 33
    },
    "2017-06-30": {
        "Diluted EPS": 0.55,
        "Total Revenue": NaN,
        "Gross Profit": 148,
        "Operating Income": 54,
        "EBIT": 67,
        "Net Income": 33
    },
    "2017-03-31": {
        "Diluted EPS": 0.34,
        "Total Revenue": 846,
        "Gross Profit": 121,
        "Operating Income": 34,
        "EBIT": 46,
        "Net Income": 21
    },
    "2016-12-31": {
        "Diluted EPS": 0.33,
        "Total Revenue": 860,
        "Gross Profit": 122,
        "Operating Income": 35,
        "EBIT": 48,
        "Net Income": 22
    },
    "2016-09-30": {
        "Diluted EPS": 0.45,
        "Total Revenue": 827,
        "Gross Profit": 118,
        "Operating Income": 44,
        "EBIT": 54,
        "Net Income": 27
    },
    "2016-06-30": {
        "Diluted EPS": 0.55,
        "Total Revenue": 872,
        "Gross Profit": 131,
        "Operating Income": 54,
        "EBIT": 64,
        "Net Income": 33
    },
    "2016-03-31": {
        "Diluted EPS": 0.32,
        "Total Revenue": 682,
        "Gross Profit": 103,
        "Operating Income": 32,
        "EBIT": 42,
        "Net Income": 19
    },
    "2015-12-31": {
        "Diluted EPS": 0.31,
        "Total Revenue": 654,
        "Gross Profit": 97,
        "Operating Income": 31,
        "EBIT": 41,
        "Net Income": 19
    },
    "2015-09-30": {
        "Diluted EPS": 0.42,
        "Total Revenue": 762,
        "Gross Profit": 111,
        "Operating Income": 43,
        "EBIT": 53,
        "Net Income": 25
    },
    "2015-06-30": {
        "Diluted EPS": 0.43,
        "Total Revenue": 838,
        "Gross Profit": 112,
        "Operating Income": 44,
        "EBIT": 55,
        "Net Income": 26
    },
    "2015-03-31": {
        "Diluted EPS": 0.17,
        "Total Revenue": 633,
        "Gross Profit": 80,
        "Operating Income": 18,
        "EBIT": 28,
        "Net Income": 10
    },
    "2014-12-31": {
        "Diluted EPS": 0.15,
        "Total Revenue": 620,
        "Gross Profit": 73,
        "Operating Income": 16,
        "EBIT": 26,
        "Net Income": 9
    },
    "2014-09-30": {
        "Diluted EPS": 0.32,
        "Total Revenue": 713,
        "Gross Profit": 90,
        "Operating Income": 32,
        "EBIT": 41,
        "Net Income": 19
    },
    "2014-06-30": {
        "Diluted EPS": 0.36,
        "Total Revenue": 773,
        "Gross Profit": 97,
        "Operating Income": 37,
        "EBIT": 45,
        "Net Income": 22
    },
    "2014-03-31": {
        "Diluted EPS": 0.12,
        "Total Revenue": 554,
        "Gross Profit": 66,
        "Operating Income": 13,
        "EBIT": 21,
        "Net Income": 7
    },
    "2013-12-31": {
        "Diluted EPS": 0.13,
        "Total Revenue": 526,
        "Gross Profit": 64,
        "Operating Income": 14,
        "EBIT": 23,
        "Net Income": 8
    },
    "2013-09-30": {
        "Diluted EPS": 0.24,
        "Total Revenue": 652,
        "Gross Profit": 78,
        "Operating Income": 25,
        "EBIT": 33,
        "Net Income": 14
    },
    "2013-06-30": {
        "Diluted EPS": 0.26,
        "Total Revenue": 738,
        "Gross Profit": 80,
        "Operating Income": 27,
        "EBIT": 35,
        "Net Income": 16
    },
    "2013-03-31": {
        "Diluted EPS": 0.09,
        "Total Revenue": 554,
        "Gross Profit": 58,
        "Operating Income": 9,
        "EBIT": 17,
        "Net Income": 5
    },
    "2012-12-31": {
        "Diluted EPS": -0.03,
        "Total Revenue": 471,
        "Gross Profit": 44,
        "Operating Income": -1,
        "EBIT": 8,
        "Net Income": -2
    },
    "2012-09-30": {
        "Diluted EPS": 0.07,
        "Total Revenue": 533,
        "Gross Profit": 55,
        "Operating Income": 8,
        "EBIT": 17,
        "Net Income": 4
    },
    "2012-06-30": {
        "Diluted EPS": 0.29,
        "Total Revenue": 594,
        "Gross Profit": 72,
        "Operating Income": 30,
        "EBIT": 38,
        "Net Income": 17
    },
    "2012-03-31": {
        "Diluted EPS": 0.07,
        "Total Revenue": 457,
        "Gross Profit": 54,
        "Operating Income": 8,
        "EBIT": 16,
        "Net Income": 4
    },
    "2011-12-31": {
        "Diluted EPS": -0.03,
        "Total Revenue": 422,
        "Gross Profit": 47,
        "Operating Income": -1,
        "EBIT": 9,
        "Net Income": -2
    },
    "2011-09-30": {
        "Diluted EPS": 0.1,
        "Total Revenue": 469,
        "Gross Profit": 54,
        "Operating Income": 10,
        "EBIT": 19,
        "Net Income": 6
    },
    "2011-06-30": {
        "Diluted EPS": 0.07,
        "Total Revenue": 544,
        "Gross Profit": 57,
        "Operating Income": 8,
        "EBIT": 17,
        "Net Income": 4
    },
    "2011-03-31": {
        "Diluted EPS": -0.06,
        "Total Revenue": 387,
        "Gross Profit": 41,
        "Operating Income": -5,
        "EBIT": 3,
        "Net Income": -4
    },
    "2010-12-31": {
        "Diluted EPS": 0.0,
        "Total Revenue": 379,
        "Gross Profit": 46,
        "Operating Income": -2,
        "EBIT": 7,
        "Net Income": 0
    },
    "2010-09-30": {
        "Diluted EPS": 0.04,
        "Total Revenue": 481,
        "Gross Profit": 54,
        "Operating Income": 6,
        "EBIT": 15,
        "Net Income": 3
    },
    "2010-06-30": {
        "Diluted EPS": 0.23,
        "Total Revenue": 639,
        "Gross Profit": 78,
        "Operating Income": 24,
        "EBIT": 33,
        "Net Income": 14
    },
    "2010-03-31": {
        "Diluted EPS": 0.02,
        "Total Revenue": 393,
        "Gross Profit": 52,
        "Operating Income": 3,
        "EBIT": 13,
        "Net Income": 1
    },
    "2009-12-31": {
        "Diluted EPS": -0.01,
        "Total Revenue": 339,
        "Gross Profit": 45,
        "Operating Income": 0,
        "EBIT": 11,
        "Net Income": -1
    },
    "2009-09-30": {
        "Diluted EPS": 0.17,
        "Total Revenue": 458,
        "Gross Profit": 69,
        "Operating Income": 18,
        "EBIT": 28,
        "Net Income": 10
    },
    "2009-06-30": {
        "Diluted EPS": 0.28,
        "Total Revenue": 515,
        "Gross Profit": 82,
        "Operating Income": 26,
        "EBIT": 37,
        "Net Income": 16
    },
    "2009-03-31": {
        "Diluted EPS": -0.02,
        "Total Revenue": 362,
        "Gross Profit": 47,
        "Operating Income": -2,
        "EBIT": 9,
        "Net Income": -1
    },
    "2023-09-30": {
        "Tax Effect Of Unusual Items": NaN,
        "Tax Rate For Calcs": NaN,
        "Normalized EBITDA": NaN,
        "Total Unusual Items": NaN,
        "Total Unusual Items Excluding Goodwill": NaN,
        "Net Income From Continuing Operation Net Minority Interest": NaN,
        "Reconciled Depreciation": NaN,
        "Reconciled Cost Of Revenue": NaN,
        "EBITDA": NaN,
        "EBIT": NaN,
        "Net Interest Income": NaN,
        "Interest Expense": NaN,
        "Interest Income": NaN,
        "Normalized Income": NaN,
        "Net Income From Continuing And Discontinued Operation": NaN,
        "Total Expenses": NaN,
        "Total Operating Income As Reported": NaN,
        "Diluted Average Shares": NaN,
        "Basic Average Shares": NaN,
        "Diluted EPS": NaN,
        "Basic EPS": NaN,
        "Diluted NI Availto Com Stockholders": NaN,
        "Net Income Common Stockholders": NaN,
        "Otherunder Preferred Stock Dividend": NaN,
        "Net Income": NaN,
        "Minority Interests": NaN,
        "Net Income Including Noncontrolling Interests": NaN,
        "Net Income Continuous Operations": NaN,
        "Tax Provision": NaN,
        "Pretax Income": NaN,
        "Other Income Expense": NaN,
        "Other Non Operating Income Expenses": -1419000.0,
        "Special Income Charges": NaN,
        "Gain On Sale Of Ppe": NaN,
        "Earnings From Equity Interest": NaN,
        "Net Non Operating Interest Income Expense": NaN,
        "Interest Expense Non Operating": NaN,
        "Interest Income Non Operating": NaN,
        "Operating Income": NaN,
        "Operating Expense": NaN,
        "Selling General And Administration": NaN,
        "Gross Profit": NaN,
        "Cost Of Revenue": NaN,
        "Total Revenue": NaN,
        "Operating Revenue": NaN
    },
    "2023-12-31": {
        "Tax Effect Of Unusual Items": 0.0,
        "Tax Rate For Calcs": 0.234061,
        "Normalized EBITDA": 175038000.0,
        "Net Income From Continuing Operation Net Minority Interest": 103447000.0,
        "Reconciled Depreciation": 36133000.0,
        "Reconciled Cost Of Revenue": 1228211000.0,
        "EBITDA": 175038000.0,
        "EBIT": 138905000.0,
        "Net Interest Income": 13018000.0,
        "Interest Expense": 3244000.0,
        "Interest Income": 16262000.0,
        "Normalized Income": 103447000.0,
        "Net Income From Continuing And Discontinued Operation": 103447000.0,
        "Total Expenses": 1405580000.0,
        "Total Operating Income As Reported": 123997000.0,
        "Diluted Average Shares": 63856173.0,
        "Basic Average Shares": 62695152.0,
        "Diluted EPS": 1.62,
        "Basic EPS": 1.65,
        "Diluted NI Availto Com Stockholders": 98171000.0,
        "Net Income Common Stockholders": 98171000.0,
        "Otherunder Preferred Stock Dividend": 5276000.0,
        "Net Income": 103447000.0,
        "Minority Interests": -461000.0,
        "Net Income Including Noncontrolling Interests": 103908000.0,
        "Net Income Continuous Operations": 103908000.0,
        "Tax Provision": 31753000.0,
        "Pretax Income": 135661000.0,
        "Other Income Expense": 3870000.0,
        "Other Non Operating Income Expenses": NaN,
        "Earnings From Equity Interest": -1354000.0,
        "Net Non Operating Interest Income Expense": 13018000.0,
        "Interest Expense Non Operating": 3244000.0,
        "Interest Income Non Operating": 16262000.0,
        "Operating Income": 118773000.0,
        "Operating Expense": 177369000.0,
        "Selling General And Administration": 171598000.0,
        "Gross Profit": 296142000.0,
        "Cost Of Revenue": 1228211000.0,
        "Total Revenue": 1524353000.0,
        "Operating Revenue": 1524353000.0
    },
    "2024-03-31": {
        "Tax Effect Of Unusual Items": NaN,
        "Tax Rate For Calcs": NaN,
        "Normalized EBITDA": NaN,
        "Total Unusual Items": 231000.0,
        "Total Unusual Items Excluding Goodwill": 231000.0,
        "Net Income From Continuing Operation Net Minority Interest": NaN,
        "Reconciled Depreciation": NaN,
        "Reconciled Cost Of Revenue": NaN,
        "EBITDA": NaN,
        "EBIT": NaN,
        "Net Interest Income": NaN,
        "Interest Expense": NaN,
        "Interest Income": NaN,
        "Normalized Income": NaN,
        "Net Income From Continuing And Discontinued Operation": NaN,
        "Total Expenses": NaN,
        "Total Operating Income As Reported": NaN,
        "Diluted Average Shares": NaN,
        "Basic Average Shares": NaN,
        "Diluted EPS": NaN,
        "Basic EPS": NaN,
        "Diluted NI Availto Com Stockholders": NaN,
        "Net Income Common Stockholders": NaN,
        "Otherunder Preferred Stock Dividend": NaN,
        "Net Income": NaN,
        "Minority Interests": NaN,
        "Net Income Including Noncontrolling Interests": NaN,
        "Net Income Continuous Operations": NaN,
        "Tax Provision": NaN,
        "Pretax Income": NaN,
        "Other Income Expense": NaN,
        "Other Non Operating Income Expenses": -427000.0,
        "Special Income Charges": 231000.0,
        "Gain On Sale Of Ppe": 231000.0,
        "Earnings From Equity Interest": NaN,
        "Net Non Operating Interest Income Expense": NaN,
        "Interest Expense Non Operating": NaN,
        "Interest Income Non Operating": NaN,
        "Operating Income": NaN,
        "Operating Expense": NaN,
        "Other Operating Expenses": NaN,
        "Selling General And Administration": NaN,
        "Gross Profit": NaN,
        "Cost Of Revenue": NaN,
        "Total Revenue": NaN,
        "Operating Revenue": NaN
    },
    "2024-06-30": {
        "Tax Effect Of Unusual Items": NaN,
        "Tax Rate For Calcs": NaN,
        "Normalized EBITDA": NaN,
        "Total Unusual Items": -2222000.0,
        "Total Unusual Items Excluding Goodwill": -2222000.0,
        "Net Income From Continuing Operation Net Minority Interest": NaN,
        "Reconciled Depreciation": NaN,
        "Reconciled Cost Of Revenue": NaN,
        "EBITDA": NaN,
        "EBIT": NaN,
        "Net Interest Income": NaN,
        "Interest Expense": NaN,
        "Interest Income": NaN,
        "Normalized Income": NaN,
        "Net Income From Continuing And Discontinued Operation": NaN,
        "Total Expenses": NaN,
        "Total Operating Income As Reported": NaN,
        "Diluted Average Shares": NaN,
        "Basic Average Shares": NaN,
        "Diluted EPS": NaN,
        "Basic EPS": NaN,
        "Diluted NI Availto Com Stockholders": NaN,
        "Net Income Common Stockholders": NaN,
        "Otherunder Preferred Stock Dividend": NaN,
        "Net Income": NaN,
        "Minority Interests": NaN,
        "Net Income Including Noncontrolling Interests": NaN,
        "Net Income Continuous Operations": NaN,
        "Tax Provision": NaN,
        "Pretax Income": NaN,
        "Other Income Expense": NaN,
        "Other Non Operating Income Expenses": 1668000.0,
        "Special Income Charges": -2222000.0,
        "Gain On Sale Of Ppe": -2222000.0,
        "Earnings From Equity Interest": NaN,
        "Net Non Operating Interest Income Expense": NaN,
        "Interest Expense Non Operating": NaN,
        "Interest Income Non Operating": NaN,
        "Operating Income": NaN,
        "Operating Expense": NaN,
        "Other Operating Expenses": NaN,
        "Selling General And Administration": NaN,
        "Gross Profit": NaN,
        "Cost Of Revenue": NaN,
        "Total Revenue": NaN,
        "Operating Revenue": NaN
    },
    "2024-09-30": {
        "Tax Effect Of Unusual Items": 109626.0,
        "Tax Rate For Calcs": 0.242,
        "Normalized EBITDA": 173986000.0,
        "Total Unusual Items": NaN,
        "Total Unusual Items Excluding Goodwill": NaN,
        "Net Income From Continuing Operation Net Minority Interest": 99800000.0,
        "Reconciled Depreciation": 37373000.0,
        "Reconciled Cost Of Revenue": 1350971000.0,
        "EBITDA": 174439000.0,
        "EBIT": 137066000.0,
        "Net Interest Income": 14261000.0,
        "Interest Expense": 2956000.0,
        "Interest Income": 17217000.0,
        "Normalized Income": 99456626.0,
        "Net Income From Continuing And Discontinued Operation": 99800000.0,
        "Total Expenses": 1529910000.0,
        "Total Operating Income As Reported": 119926000.0,
        "Diluted Average Shares": 60853659.0,
        "Basic Average Shares": 60853659.0,
        "Diluted EPS": 1.64,
        "Basic EPS": 1.64,
        "Diluted NI Availto Com Stockholders": 95975000.0,
        "Net Income Common Stockholders": 95975000.0,
        "Otherunder Preferred Stock Dividend": 3825000.0,
        "Net Income": 99800000.0,
        "Minority Interests": -1819000.0,
        "Net Income Including Noncontrolling Interests": 101619000.0,
        "Net Income Continuous Operations": 101619000.0,
        "Tax Provision": 32491000.0,
        "Pretax Income": 134110000.0,
        "Other Income Expense": 376000.0,
        "Other Non Operating Income Expenses": 4855000.0,
        "Special Income Charges": NaN,
        "Gain On Sale Of Ppe": NaN,
        "Earnings From Equity Interest": -77000.0,
        "Net Non Operating Interest Income Expense": 14261000.0,
        "Interest Expense Non Operating": 2956000.0,
        "Interest Income Non Operating": 17217000.0,
        "Operating Income": 119473000.0,
        "Operating Expense": 178939000.0,
        "Other Operating Expenses": NaN,
        "Selling General And Administration": 183341000.0,
        "Gross Profit": 298412000.0,
        "Cost Of Revenue": 1350971000.0,
        "Total Revenue": 1649383000.0,
        "Operating Revenue": 1649383000.0
    },
    "2024-12-31": {
        "Tax Effect Of Unusual Items": 0.0,
        "Tax Rate For Calcs": 0.233314,
        "Normalized EBITDA": 132880000.0,
        "Total Unusual Items": NaN,
        "Total Unusual Items Excluding Goodwill": NaN,
        "Net Income From Continuing Operation Net Minority Interest": 68039000.0,
        "Reconciled Depreciation": 38411000.0,
        "Reconciled Cost Of Revenue": 1222492000.0,
        "EBITDA": 132880000.0,
        "EBIT": 94469000.0,
        "Net Interest Income": 10158000.0,
        "Interest Expense": 3450000.0,
        "Interest Income": 13608000.0,
        "Normalized Income": 68039000.0,
        "Net Income From Continuing And Discontinued Operation": 68039000.0,
        "Total Expenses": 1372280000.0,
        "Total Operating Income As Reported": 79459000.0,
        "Diluted Average Shares": 60749107.0,
        "Basic Average Shares": 60749107.0,
        "Diluted EPS": 1.12,
        "Basic EPS": 1.12,
        "Diluted NI Availto Com Stockholders": 65432000.0,
        "Net Income Common Stockholders": 65432000.0,
        "Otherunder Preferred Stock Dividend": 2607000.0,
        "Net Income": 68039000.0,
        "Minority Interests": -1744000.0,
        "Net Income Including Noncontrolling Interests": 69783000.0,
        "Net Income Continuous Operations": 69783000.0,
        "Tax Provision": 21236000.0,
        "Pretax Income": 91019000.0,
        "Other Income Expense": -8860000.0,
        "Other Non Operating Income Expenses": NaN,
        "Special Income Charges": NaN,
        "Gain On Sale Of Ppe": NaN,
        "Earnings From Equity Interest": 1402000.0,
        "Net Non Operating Interest Income Expense": 10158000.0,
        "Interest Expense Non Operating": 3450000.0,
        "Interest Income Non Operating": 13608000.0,
        "Operating Income": 89721000.0,
        "Operating Expense": 149788000.0,
        "Other Operating Expenses": NaN,
        "Selling General And Administration": 156491000.0,
        "Gross Profit": 239509000.0,
        "Cost Of Revenue": 1222492000.0,
        "Total Revenue": 1462001000.0,
        "Operating Revenue": 1462001000.0
    },
    "2025-03-31": {
        "Tax Effect Of Unusual Items": 16036.0,
        "Tax Rate For Calcs": 0.211,
        "Normalized EBITDA": 142032000.0,
        "Total Unusual Items": 76000.0,
        "Total Unusual Items Excluding Goodwill": 76000.0,
        "Net Income From Continuing Operation Net Minority Interest": 78753000.0,
        "Reconciled Depreciation": 38758000.0,
        "Reconciled Cost Of Revenue": 1327323000.0,
        "EBITDA": 142108000.0,
        "EBIT": 103350000.0,
        "Net Interest Income": 8448000.0,
        "Interest Expense": 2669000.0,
        "Interest Income": 11117000.0,
        "Normalized Income": 78693036.0,
        "Net Income From Continuing And Discontinued Operation": 78753000.0,
        "Total Expenses": 1503577000.0,
        "Total Operating Income As Reported": 92252000.0,
        "Diluted Average Shares": 60579231.0,
        "Basic Average Shares": 60579231.0,
        "Diluted EPS": 1.3,
        "Basic EPS": 1.3,
        "Diluted NI Availto Com Stockholders": 75778000.0,
        "Net Income Common Stockholders": 75778000.0,
        "Otherunder Preferred Stock Dividend": 2975000.0,
        "Net Income": 78753000.0,
        "Minority Interests": -670000.0,
        "Net Income Including Noncontrolling Interests": 79423000.0,
        "Net Income Continuous Operations": 79423000.0,
        "Tax Provision": 21258000.0,
        "Pretax Income": 100681000.0,
        "Other Income Expense": 291000.0,
        "Other Non Operating Income Expenses": 234000.0,
        "Special Income Charges": 76000.0,
        "Gain On Sale Of Ppe": 76000.0,
        "Earnings From Equity Interest": -19000.0,
        "Net Non Operating Interest Income Expense": 8448000.0,
        "Interest Expense Non Operating": 2669000.0,
        "Interest Income Non Operating": 11117000.0,
        "Operating Income": 91942000.0,
        "Operating Expense": 176254000.0,
        "Other Operating Expenses": NaN,
        "Selling General And Administration": 176254000.0,
        "Gross Profit": 268196000.0,
        "Cost Of Revenue": 1327323000.0,
        "Total Revenue": 1595519000.0,
        "Operating Revenue": 1595519000.0
    },
    "2025-06-30": {
        "Tax Effect Of Unusual Items": -903880.0,
        "Tax Rate For Calcs": 0.236,
        "Normalized EBITDA": 178419000.0,
        "Total Unusual Items": -3830000.0,
        "Total Unusual Items Excluding Goodwill": -3830000.0,
        "Net Income From Continuing Operation Net Minority Interest": 100734000.0,
        "Reconciled Depreciation": 39928000.0,
        "Reconciled Cost Of Revenue": 1522640000.0,
        "EBITDA": 174589000.0,
        "EBIT": 134661000.0,
        "Net Interest Income": 8041000.0,
        "Interest Expense": 2716000.0,
        "Interest Income": 10757000.0,
        "Normalized Income": 103660120.0,
        "Net Income From Continuing And Discontinued Operation": 100734000.0,
        "Total Expenses": 1707635000.0,
        "Total Operating Income As Reported": 123091000.0,
        "Diluted Average Shares": 59255294.0,
        "Basic Average Shares": 59255294.0,
        "Diluted EPS": 1.7,
        "Basic EPS": 1.7,
        "Diluted NI Availto Com Stockholders": 97006000.0,
        "Net Income Common Stockholders": 97006000.0,
        "Otherunder Preferred Stock Dividend": 3728000.0,
        "Net Income": 100734000.0,
        "Minority Interests": -137000.0,
        "Net Income Including Noncontrolling Interests": 100871000.0,
        "Net Income Continuous Operations": 100871000.0,
        "Tax Provision": 31074000.0,
        "Pretax Income": 131945000.0,
        "Other Income Expense": -3835000.0,
        "Other Non Operating Income Expenses": -818000.0,
        "Special Income Charges": -3830000.0,
        "Gain On Sale Of Ppe": -3830000.0,
        "Earnings From Equity Interest": 813000.0,
        "Net Non Operating Interest Income Expense": 8041000.0,
        "Interest Expense Non Operating": 2716000.0,
        "Interest Income Non Operating": 10757000.0,
        "Operating Income": 127739000.0,
        "Operating Expense": 184995000.0,
        "Other Operating Expenses": NaN,
        "Selling General And Administration": 184995000.0,
        "Gross Profit": 312734000.0,
        "Cost Of Revenue": 1522640000.0,
        "Total Revenue": 1835374000.0,
        "Operating Revenue": 1835374000.0
    },
    "2025-09-30": {
        "Tax Effect Of Unusual Items": -585004.0,
        "Tax Rate For Calcs": 0.238,
        "Normalized EBITDA": 144903000.0,
        "Total Unusual Items": -2458000.0,
        "Total Unusual Items Excluding Goodwill": -2458000.0,
        "Net Income From Continuing Operation Net Minority Interest": 75346000.0,
        "Reconciled Depreciation": 40554000.0,
        "Reconciled Cost Of Revenue": 1296946000.0,
        "EBITDA": 142445000.0,
        "EBIT": 101891000.0,
        "Net Interest Income": 9385000.0,
        "Interest Expense": 2757000.0,
        "Interest Income": 12142000.0,
        "Normalized Income": 77218996.0,
        "Net Income From Continuing And Discontinued Operation": 75346000.0,
        "Total Expenses": 1467698000.0,
        "Total Operating Income As Reported": 89471000.0,
        "Diluted Average Shares": 58407752.0,
        "Basic Average Shares": 58407752.0,
        "Diluted EPS": 1.29,
        "Basic EPS": 1.29,
        "Diluted NI Availto Com Stockholders": 72516000.0,
        "Net Income Common Stockholders": 72516000.0,
        "Otherunder Preferred Stock Dividend": 2830000.0,
        "Net Income": 75346000.0,
        "Minority Interests": -196000.0,
        "Net Income Including Noncontrolling Interests": 75542000.0,
        "Net Income Continuous Operations": 75542000.0,
        "Tax Provision": 23592000.0,
        "Pretax Income": 99134000.0,
        "Other Income Expense": -2180000.0,
        "Other Non Operating Income Expenses": NaN,
        "Special Income Charges": -2458000.0,
        "Gain On Sale Of Ppe": -2458000.0,
        "Earnings From Equity Interest": 278000.0,
        "Net Non Operating Interest Income Expense": 9385000.0,
        "Interest Expense Non Operating": 2757000.0,
        "Interest Income Non Operating": 12142000.0,
        "Operating Income": 91929000.0,
        "Operating Expense": 170752000.0,
        "Other Operating Expenses": 722000.0,
        "Selling General And Administration": 170030000.0,
        "Gross Profit": 262681000.0,
        "Cost Of Revenue": 1296946000.0,
        "Total Revenue": 1559627000.0,
        "Operating Revenue": 1559627000.0
    }
}