{
    "2023-03-31": {
        "Tax Effect Of Unusual Items": -517294.997898,
        "Tax Rate For Calcs": 0.181253,
        "Normalized EBITDA": 18395000.0,
        "Total Unusual Items": -2854000.0,
        "Total Unusual Items Excluding Goodwill": -2854000.0,
        "Net Income From Continuing Operation Net Minority Interest": 9739000.0,
        "Reconciled Depreciation": 2777000.0,
        "Reconciled Cost Of Revenue": 69052000.0,
        "EBITDA": 15541000.0,
        "EBIT": 12764000.0,
        "Net Interest Income": -869000.0,
        "Interest Expense": 869000.0,
        "Normalized Income": 12075705.002102,
        "Net Income From Continuing And Discontinued Operation": 9739000.0,
        "Total Expenses": 82058000.0,
        "Total Operating Income As Reported": 12841000.0,
        "Diluted Average Shares": 7681000.0,
        "Basic Average Shares": 7592000.0,
        "Diluted EPS": 1.27,
        "Basic EPS": 1.28,
        "Diluted NI Availto Com Stockholders": 9739000.0,
        "Net Income Common Stockholders": 9739000.0,
        "Net Income": 9739000.0,
        "Net Income Including Noncontrolling Interests": 9739000.0,
        "Net Income Continuous Operations": 9739000.0,
        "Tax Provision": 2156000.0,
        "Pretax Income": 11895000.0,
        "Other Income Expense": -2931000.0,
        "Other Non Operating Income Expenses": -77000.0,
        "Special Income Charges": -2854000.0,
        "Gain On Sale Of Ppe": -1000.0,
        "Gain On Sale Of Business": NaN,
        "Restructuring And Mergern Acquisition": 2853000.0,
        "Net Non Operating Interest Income Expense": -869000.0,
        "Interest Expense Non Operating": 869000.0,
        "Operating Income": 15695000.0,
        "Operating Expense": 13006000.0,
        "Selling General And Administration": 13006000.0,
        "Gross Profit": 28701000.0,
        "Cost Of Revenue": 69052000.0,
        "Total Revenue": 97753000.0,
        "Operating Revenue": 97753000.0
    },
    "2022-12-31": {
        "Tax Effect Of Unusual Items": NaN,
        "Tax Rate For Calcs": NaN,
        "Normalized EBITDA": NaN,
        "Total Unusual Items": NaN,
        "Total Unusual Items Excluding Goodwill": NaN,
        "Net Income From Continuing Operation Net Minority Interest": NaN,
        "Reconciled Depreciation": NaN,
        "Reconciled Cost Of Revenue": NaN,
        "EBITDA": NaN,
        "EBIT": NaN,
        "Net Interest Income": NaN,
        "Interest Expense": NaN,
        "Normalized Income": NaN,
        "Net Income From Continuing And Discontinued Operation": NaN,
        "Total Expenses": NaN,
        "Total Operating Income As Reported": NaN,
        "Diluted Average Shares": NaN,
        "Basic Average Shares": NaN,
        "Diluted EPS": NaN,
        "Basic EPS": NaN,
        "Diluted NI Availto Com Stockholders": NaN,
        "Net Income Common Stockholders": NaN,
        "Net Income": NaN,
        "Net Income Including Noncontrolling Interests": NaN,
        "Net Income Continuous Operations": NaN,
        "Tax Provision": NaN,
        "Pretax Income": NaN,
        "Other Income Expense": NaN,
        "Other Non Operating Income Expenses": NaN,
        "Special Income Charges": NaN,
        "Gain On Sale Of Ppe": NaN,
        "Gain On Sale Of Business": 28000.0,
        "Restructuring And Mergern Acquisition": NaN,
        "Net Non Operating Interest Income Expense": NaN,
        "Interest Expense Non Operating": NaN,
        "Operating Income": NaN,
        "Operating Expense": NaN,
        "Selling General And Administration": NaN,
        "Gross Profit": NaN,
        "Cost Of Revenue": NaN,
        "Total Revenue": NaN,
        "Operating Revenue": NaN
    },
    "2022-09-30": {
        "Tax Effect Of Unusual Items": NaN,
        "Tax Rate For Calcs": NaN,
        "Normalized EBITDA": NaN,
        "Total Unusual Items": NaN,
        "Total Unusual Items Excluding Goodwill": NaN,
        "Net Income From Continuing Operation Net Minority Interest": NaN,
        "Reconciled Depreciation": NaN,
        "Reconciled Cost Of Revenue": NaN,
        "EBITDA": NaN,
        "EBIT": NaN,
        "Net Interest Income": NaN,
        "Interest Expense": NaN,
        "Interest Income": 11000.0,
        "Normalized Income": NaN,
        "Net Income From Continuing And Discontinued Operation": NaN,
        "Total Expenses": NaN,
        "Total Operating Income As Reported": NaN,
        "Diluted Average Shares": NaN,
        "Basic Average Shares": NaN,
        "Diluted EPS": NaN,
        "Basic EPS": NaN,
        "Diluted NI Availto Com Stockholders": NaN,
        "Net Income Common Stockholders": NaN,
        "Net Income": NaN,
        "Net Income Including Noncontrolling Interests": NaN,
        "Net Income Continuous Operations": NaN,
        "Tax Provision": NaN,
        "Pretax Income": NaN,
        "Other Income Expense": NaN,
        "Other Non Operating Income Expenses": NaN,
        "Special Income Charges": NaN,
        "Gain On Sale Of Ppe": NaN,
        "Gain On Sale Of Business": 15623000.0,
        "Restructuring And Mergern Acquisition": NaN,
        "Net Non Operating Interest Income Expense": NaN,
        "Interest Expense Non Operating": NaN,
        "Interest Income Non Operating": 11000.0,
        "Operating Income": NaN,
        "Operating Expense": NaN,
        "Selling General And Administration": NaN,
        "Gross Profit": NaN,
        "Cost Of Revenue": NaN,
        "Total Revenue": NaN,
        "Operating Revenue": NaN
    },
    "2022-06-30": {
        "Tax Effect Of Unusual Items": -10893.74516,
        "Tax Rate For Calcs": 0.231782,
        "Normalized EBITDA": 12293000.0,
        "Total Unusual Items": -47000.0,
        "Total Unusual Items Excluding Goodwill": -47000.0,
        "Net Income From Continuing Operation Net Minority Interest": 8929000.0,
        "Reconciled Depreciation": 3317000.0,
        "Reconciled Cost Of Revenue": 70019000.0,
        "EBITDA": 12246000.0,
        "EBIT": 12246000.0,
        "Net Interest Income": -733000.0,
        "Interest Expense": 744000.0,
        "Interest Income": 11000.0,
        "Normalized Income": 8965106.25484,
        "Net Income From Continuing And Discontinued Operation": 8929000.0,
        "Total Expenses": 82097000.0,
        "Total Operating Income As Reported": 12199000.0,
        "Diluted Average Shares": 7608000.0,
        "Basic Average Shares": 7563000.0,
        "Diluted EPS": 1.17,
        "Basic EPS": 1.18,
        "Diluted NI Availto Com Stockholders": 8929000.0,
        "Net Income Common Stockholders": 8929000.0,
        "Net Income": 8929000.0,
        "Net Income Including Noncontrolling Interests": 8929000.0,
        "Net Income Continuous Operations": 8929000.0,
        "Tax Provision": 2694000.0,
        "Pretax Income": 11623000.0,
        "Other Income Expense": 110000.0,
        "Other Non Operating Income Expenses": 157000.0,
        "Special Income Charges": -47000.0,
        "Gain On Sale Of Ppe": 6197000.0,
        "Gain On Sale Of Business": NaN,
        "Restructuring And Mergern Acquisition": 6244000.0,
        "Net Non Operating Interest Income Expense": -733000.0,
        "Total Other Finance Cost": 733000.0,
        "Interest Expense Non Operating": 744000.0,
        "Interest Income Non Operating": 11000.0,
        "Operating Income": 12246000.0,
        "Operating Expense": 12078000.0,
        "Selling General And Administration": 12078000.0,
        "Gross Profit": 24324000.0,
        "Cost Of Revenue": 70019000.0,
        "Total Revenue": 94343000.0,
        "Operating Revenue": 94343000.0
    },
    "2022-03-31": {
        "Diluted EPS": 0.64,
        "Total Revenue": 71,
        "Gross Profit": 17,
        "Operating Income": 6,
        "EBIT": 9,
        "Net Income": 5
    },
    "2021-12-31": {
        "Diluted EPS": 0.42,
        "Total Revenue": 56,
        "Gross Profit": 13,
        "Operating Income": 5,
        "EBIT": 7,
        "Net Income": 3
    },
    "2021-09-30": {
        "Diluted EPS": 0.5,
        "Total Revenue": 51,
        "Gross Profit": 12,
        "Operating Income": 5,
        "EBIT": 7,
        "Net Income": 4
    },
    "2021-06-30": {
        "Diluted EPS": 0.62,
        "Total Revenue": 51,
        "Gross Profit": 13,
        "Operating Income": 6,
        "EBIT": 8,
        "Net Income": 5
    },
    "2021-03-31": {
        "Diluted EPS": 0.55,
        "Total Revenue": 49,
        "Gross Profit": 13,
        "Operating Income": 5,
        "EBIT": 7,
        "Net Income": 4
    },
    "2020-12-31": {
        "Diluted EPS": 0.54,
        "Total Revenue": 45,
        "Gross Profit": 11,
        "Operating Income": 5,
        "EBIT": 7,
        "Net Income": 4
    },
    "2020-09-30": {
        "Diluted EPS": 0.4,
        "Total Revenue": 43,
        "Gross Profit": 11,
        "Operating Income": 4,
        "EBIT": 6,
        "Net Income": 3
    },
    "2020-06-30": {
        "Diluted EPS": 0.31,
        "Total Revenue": 43,
        "Gross Profit": 10,
        "Operating Income": 3,
        "EBIT": 5,
        "Net Income": 2
    },
    "2020-03-31": {
        "Diluted EPS": 0.52,
        "Total Revenue": 48,
        "Gross Profit": 13,
        "Operating Income": 5,
        "EBIT": 7,
        "Net Income": 4
    },
    "2019-12-31": {
        "Diluted EPS": 0.76,
        "Total Revenue": 50,
        "Gross Profit": 14,
        "Operating Income": 7,
        "EBIT": 9,
        "Net Income": 6
    },
    "2019-09-30": {
        "Diluted EPS": 0.75,
        "Total Revenue": 49,
        "Gross Profit": 13,
        "Operating Income": 6,
        "EBIT": 8,
        "Net Income": 6
    },
    "2019-06-30": {
        "Diluted EPS": 0.62,
        "Total Revenue": 51,
        "Gross Profit": 14,
        "Operating Income": 7,
        "EBIT": 9,
        "Net Income": 5
    },
    "2019-03-31": {
        "Diluted EPS": 0.5,
        "Total Revenue": 47,
        "Gross Profit": 12,
        "Operating Income": 5,
        "EBIT": 7,
        "Net Income": 4
    },
    "2018-12-31": {
        "Diluted EPS": 0.59,
        "Total Revenue": 51,
        "Gross Profit": 13,
        "Operating Income": 5,
        "EBIT": 8,
        "Net Income": 4
    },
    "2018-09-30": {
        "Diluted EPS": 0.56,
        "Total Revenue": 48,
        "Gross Profit": 12,
        "Operating Income": 6,
        "EBIT": 8,
        "Net Income": 4
    },
    "2018-06-30": {
        "Diluted EPS": 0.54,
        "Total Revenue": 49,
        "Gross Profit": 13,
        "Operating Income": 6,
        "EBIT": 8,
        "Net Income": 4
    },
    "2018-03-31": {
        "Diluted EPS": 0.24,
        "Total Revenue": 43,
        "Gross Profit": 10,
        "Operating Income": 3,
        "EBIT": 4,
        "Net Income": 2
    },
    "2017-12-31": {
        "Diluted EPS": 0.37,
        "Total Revenue": 37,
        "Gross Profit": 8,
        "Operating Income": 2,
        "EBIT": 4,
        "Net Income": 3
    },
    "2017-09-30": {
        "Diluted EPS": 0.23,
        "Total Revenue": 36,
        "Gross Profit": 8,
        "Operating Income": 3,
        "EBIT": 4,
        "Net Income": 2
    },
    "2017-06-30": {
        "Diluted EPS": 0.36,
        "Total Revenue": 38,
        "Gross Profit": 10,
        "Operating Income": 4,
        "EBIT": 5,
        "Net Income": 3
    },
    "2017-03-31": {
        "Diluted EPS": 0.3,
        "Total Revenue": 37,
        "Gross Profit": 10,
        "Operating Income": 3,
        "EBIT": 5,
        "Net Income": 2
    },
    "2016-12-31": {
        "Diluted EPS": 0.2,
        "Total Revenue": 37,
        "Gross Profit": 8,
        "Operating Income": 2,
        "EBIT": 4,
        "Net Income": 1
    },
    "2016-09-30": {
        "Diluted EPS": 0.37,
        "Total Revenue": 37,
        "Gross Profit": 8,
        "Operating Income": 4,
        "EBIT": 5,
        "Net Income": 3
    },
    "2016-06-30": {
        "Diluted EPS": 0.38,
        "Total Revenue": 38,
        "Gross Profit": 10,
        "Operating Income": 4,
        "EBIT": 6,
        "Net Income": 3
    },
    "2016-03-31": {
        "Diluted EPS": 0.15,
        "Total Revenue": 35,
        "Gross Profit": 8,
        "Operating Income": 2,
        "EBIT": 3,
        "Net Income": 1
    },
    "2015-12-31": {
        "Diluted EPS": 0.22,
        "Total Revenue": 34,
        "Gross Profit": 9,
        "Operating Income": 3,
        "EBIT": 4,
        "Net Income": 2
    },
    "2015-09-30": {
        "Diluted EPS": 0.28,
        "Total Revenue": 34,
        "Gross Profit": 10,
        "Operating Income": 3,
        "EBIT": 4,
        "Net Income": 2
    },
    "2015-06-30": {
        "Diluted EPS": 0.32,
        "Total Revenue": 36,
        "Gross Profit": 10,
        "Operating Income": 3,
        "EBIT": 5,
        "Net Income": 2
    },
    "2015-03-31": {
        "Diluted EPS": 0.23,
        "Total Revenue": 34,
        "Gross Profit": 9,
        "Operating Income": 3,
        "EBIT": 4,
        "Net Income": 2
    },
    "2014-12-31": {
        "Diluted EPS": 0.21,
        "Total Revenue": 35,
        "Gross Profit": 8,
        "Operating Income": 2,
        "EBIT": 4,
        "Net Income": 2
    },
    "2014-09-30": {
        "Diluted EPS": 0.29,
        "Total Revenue": 35,
        "Gross Profit": 10,
        "Operating Income": 3,
        "EBIT": 4,
        "Net Income": 2
    },
    "2014-06-30": {
        "Diluted EPS": 0.26,
        "Total Revenue": 34,
        "Gross Profit": 10,
        "Operating Income": 3,
        "EBIT": 4,
        "Net Income": 2
    },
    "2014-03-31": {
        "Diluted EPS": 0.29,
        "Total Revenue": 35,
        "Gross Profit": 9,
        "Operating Income": 3,
        "EBIT": 4,
        "Net Income": 2
    },
    "2013-12-31": {
        "Diluted EPS": 0.47,
        "Total Revenue": 35,
        "Gross Profit": 11,
        "Operating Income": 5,
        "EBIT": 6,
        "Net Income": 3
    },
    "2013-09-30": {
        "Diluted EPS": 0.41,
        "Total Revenue": 35,
        "Gross Profit": 10,
        "Operating Income": 4,
        "EBIT": 5,
        "Net Income": 3
    },
    "2013-06-30": {
        "Diluted EPS": 0.42,
        "Total Revenue": 36,
        "Gross Profit": 11,
        "Operating Income": 5,
        "EBIT": 6,
        "Net Income": 3
    },
    "2013-03-31": {
        "Diluted EPS": 0.29,
        "Total Revenue": 34,
        "Gross Profit": 9,
        "Operating Income": 3,
        "EBIT": 4,
        "Net Income": 2
    },
    "2012-12-31": {
        "Diluted EPS": 0.46,
        "Total Revenue": 33,
        "Gross Profit": 10,
        "Operating Income": 5,
        "EBIT": 5,
        "Net Income": 3
    },
    "2012-09-30": {
        "Diluted EPS": 0.37,
        "Total Revenue": 32,
        "Gross Profit": 9,
        "Operating Income": 4,
        "EBIT": 5,
        "Net Income": 3
    },
    "2012-06-30": {
        "Diluted EPS": 0.39,
        "Total Revenue": 34,
        "Gross Profit": 10,
        "Operating Income": 4,
        "EBIT": 5,
        "Net Income": 3
    },
    "2012-03-31": {
        "Diluted EPS": 0.33,
        "Total Revenue": 32,
        "Gross Profit": 9,
        "Operating Income": 4,
        "EBIT": 4,
        "Net Income": 2
    },
    "2011-12-31": {
        "Diluted EPS": 0.42,
        "Total Revenue": 31,
        "Gross Profit": 9,
        "Operating Income": 4,
        "EBIT": 5,
        "Net Income": 3
    },
    "2011-09-30": {
        "Diluted EPS": 0.35,
        "Total Revenue": 31,
        "Gross Profit": 8,
        "Operating Income": 3,
        "EBIT": 4,
        "Net Income": 2
    },
    "2011-06-30": {
        "Diluted EPS": 0.39,
        "Total Revenue": 34,
        "Gross Profit": 10,
        "Operating Income": 4,
        "EBIT": 5,
        "Net Income": 3
    },
    "2011-03-31": {
        "Diluted EPS": 0.32,
        "Total Revenue": 32,
        "Gross Profit": 9,
        "Operating Income": 4,
        "EBIT": 5,
        "Net Income": 2
    },
    "2010-12-31": {
        "Diluted EPS": 0.45,
        "Total Revenue": 32,
        "Gross Profit": 9,
        "Operating Income": 4,
        "EBIT": 5,
        "Net Income": 3
    },
    "2010-09-30": {
        "Diluted EPS": 0.35,
        "Total Revenue": 30,
        "Gross Profit": 9,
        "Operating Income": 4,
        "EBIT": 5,
        "Net Income": 2
    },
    "2010-06-30": {
        "Diluted EPS": 0.34,
        "Total Revenue": 30,
        "Gross Profit": 9,
        "Operating Income": 4,
        "EBIT": 4,
        "Net Income": 2
    },
    "2010-03-31": {
        "Diluted EPS": 0.23,
        "Total Revenue": 29,
        "Gross Profit": 7,
        "Operating Income": 2,
        "EBIT": 3,
        "Net Income": 2
    },
    "2009-12-31": {
        "Diluted EPS": 0.45,
        "Total Revenue": 29,
        "Gross Profit": 9,
        "Operating Income": 4,
        "EBIT": 5,
        "Net Income": 3
    },
    "2009-09-30": {
        "Diluted EPS": 0.34,
        "Total Revenue": 28,
        "Gross Profit": 7,
        "Operating Income": 2,
        "EBIT": 3,
        "Net Income": 2
    },
    "2009-06-30": {
        "Diluted EPS": 0.09,
        "Total Revenue": 21,
        "Gross Profit": 5,
        "Operating Income": 1,
        "EBIT": 2,
        "Net Income": 1
    },
    "2009-03-31": {
        "Diluted EPS": 0.06,
        "Total Revenue": 22,
        "Gross Profit": 5,
        "Operating Income": 1,
        "EBIT": 1,
        "Net Income": 0
    },
    "2023-06-30": {
        "Tax Effect Of Unusual Items": -77841.35729,
        "Tax Rate For Calcs": 0.256057,
        "Normalized EBITDA": 20196000.0,
        "Total Unusual Items": -304000.0,
        "Total Unusual Items Excluding Goodwill": -304000.0,
        "Net Income From Continuing Operation Net Minority Interest": 11883000.0,
        "Reconciled Depreciation": 2830000.0,
        "Reconciled Cost Of Revenue": 70392000.0,
        "EBITDA": 19892000.0,
        "EBIT": 17062000.0,
        "Net Interest Income": -1089000.0,
        "Interest Expense": 1089000.0,
        "Normalized Income": 12109158.64271,
        "Net Income From Continuing And Discontinued Operation": 11883000.0,
        "Total Expenses": 82691000.0,
        "Total Operating Income As Reported": 17042000.0,
        "Diluted Average Shares": 7690000.0,
        "Basic Average Shares": 7625000.0,
        "Diluted EPS": 1.55,
        "Basic EPS": 1.56,
        "Diluted NI Availto Com Stockholders": 11883000.0,
        "Net Income Common Stockholders": 11883000.0,
        "Net Income": 11883000.0,
        "Net Income Including Noncontrolling Interests": 11883000.0,
        "Net Income Continuous Operations": 11883000.0,
        "Tax Provision": 4090000.0,
        "Pretax Income": 15973000.0,
        "Other Income Expense": -284000.0,
        "Other Non Operating Income Expenses": 20000.0,
        "Special Income Charges": -304000.0,
        "Gain On Sale Of Ppe": -106000.0,
        "Gain On Sale Of Business": NaN,
        "Restructuring And Mergern Acquisition": 198000.0,
        "Net Non Operating Interest Income Expense": -1089000.0,
        "Interest Expense Non Operating": 1089000.0,
        "Operating Income": 17346000.0,
        "Operating Expense": 12299000.0,
        "Selling General And Administration": 12299000.0,
        "Gross Profit": 29645000.0,
        "Cost Of Revenue": 70392000.0,
        "Total Revenue": 100037000.0,
        "Operating Revenue": 100037000.0
    },
    "2023-09-30": {
        "Tax Effect Of Unusual Items": NaN,
        "Tax Rate For Calcs": NaN,
        "Normalized EBITDA": NaN,
        "Total Unusual Items": NaN,
        "Total Unusual Items Excluding Goodwill": NaN,
        "Net Income From Continuing Operation Net Minority Interest": NaN,
        "Reconciled Depreciation": NaN,
        "Reconciled Cost Of Revenue": NaN,
        "EBITDA": NaN,
        "EBIT": NaN,
        "Net Interest Income": NaN,
        "Interest Expense": NaN,
        "Normalized Income": NaN,
        "Net Income From Continuing And Discontinued Operation": NaN,
        "Total Expenses": NaN,
        "Total Operating Income As Reported": NaN,
        "Diluted Average Shares": NaN,
        "Basic Average Shares": NaN,
        "Diluted EPS": NaN,
        "Basic EPS": NaN,
        "Diluted NI Availto Com Stockholders": NaN,
        "Net Income Common Stockholders": NaN,
        "Net Income": NaN,
        "Net Income Including Noncontrolling Interests": NaN,
        "Net Income Continuous Operations": NaN,
        "Tax Provision": NaN,
        "Pretax Income": NaN,
        "Other Income Expense": NaN,
        "Other Non Operating Income Expenses": NaN,
        "Special Income Charges": NaN,
        "Gain On Sale Of Ppe": NaN,
        "Gain On Sale Of Business": 0.0,
        "Restructuring And Mergern Acquisition": NaN,
        "Net Non Operating Interest Income Expense": NaN,
        "Interest Expense Non Operating": NaN,
        "Operating Income": NaN,
        "Operating Expense": NaN,
        "Selling General And Administration": NaN,
        "Gross Profit": NaN,
        "Cost Of Revenue": NaN,
        "Total Revenue": NaN,
        "Operating Revenue": NaN
    },
    "2023-12-31": {
        "Tax Effect Of Unusual Items": NaN,
        "Tax Rate For Calcs": NaN,
        "Normalized EBITDA": NaN,
        "Total Unusual Items": NaN,
        "Total Unusual Items Excluding Goodwill": NaN,
        "Net Income From Continuing Operation Net Minority Interest": NaN,
        "Reconciled Depreciation": NaN,
        "Reconciled Cost Of Revenue": NaN,
        "EBITDA": NaN,
        "EBIT": NaN,
        "Net Interest Income": NaN,
        "Interest Expense": NaN,
        "Normalized Income": NaN,
        "Net Income From Continuing And Discontinued Operation": NaN,
        "Total Expenses": NaN,
        "Total Operating Income As Reported": NaN,
        "Diluted Average Shares": NaN,
        "Basic Average Shares": NaN,
        "Diluted EPS": NaN,
        "Basic EPS": NaN,
        "Diluted NI Availto Com Stockholders": NaN,
        "Net Income Common Stockholders": NaN,
        "Net Income": NaN,
        "Net Income Including Noncontrolling Interests": NaN,
        "Net Income Continuous Operations": NaN,
        "Tax Provision": NaN,
        "Pretax Income": NaN,
        "Other Income Expense": NaN,
        "Other Non Operating Income Expenses": NaN,
        "Special Income Charges": NaN,
        "Gain On Sale Of Ppe": NaN,
        "Gain On Sale Of Business": 0.0,
        "Restructuring And Mergern Acquisition": NaN,
        "Net Non Operating Interest Income Expense": NaN,
        "Interest Expense Non Operating": NaN,
        "Operating Income": NaN,
        "Operating Expense": NaN,
        "Selling General And Administration": NaN,
        "Gross Profit": NaN,
        "Cost Of Revenue": NaN,
        "Total Revenue": NaN,
        "Operating Revenue": NaN
    },
    "2024-03-31": {
        "Tax Effect Of Unusual Items": -42554.548419,
        "Tax Rate For Calcs": 0.172286,
        "Normalized EBITDA": 19212000.0,
        "Total Unusual Items": -247000.0,
        "Total Unusual Items Excluding Goodwill": -247000.0,
        "Net Income From Continuing Operation Net Minority Interest": 12693000.0,
        "Reconciled Depreciation": 2999000.0,
        "Reconciled Cost Of Revenue": 74926000.0,
        "EBITDA": 18965000.0,
        "EBIT": 15966000.0,
        "Net Interest Income": -631000.0,
        "Interest Expense": 631000.0,
        "Normalized Income": 12897445.451581,
        "Net Income From Continuing And Discontinued Operation": 12693000.0,
        "Total Expenses": 88838000.0,
        "Total Operating Income As Reported": 15924000.0,
        "Diluted Average Shares": 7737000.0,
        "Basic Average Shares": 7651000.0,
        "Diluted EPS": 1.64,
        "Basic EPS": 1.66,
        "Diluted NI Availto Com Stockholders": 12693000.0,
        "Net Income Common Stockholders": 12693000.0,
        "Net Income": 12693000.0,
        "Net Income Including Noncontrolling Interests": 12693000.0,
        "Net Income Continuous Operations": 12693000.0,
        "Tax Provision": 2642000.0,
        "Pretax Income": 15335000.0,
        "Other Income Expense": -205000.0,
        "Other Non Operating Income Expenses": 42000.0,
        "Special Income Charges": -247000.0,
        "Gain On Sale Of Ppe": -9000.0,
        "Gain On Sale Of Business": NaN,
        "Restructuring And Mergern Acquisition": 238000.0,
        "Net Non Operating Interest Income Expense": -631000.0,
        "Interest Expense Non Operating": 631000.0,
        "Operating Income": 16171000.0,
        "Operating Expense": 13912000.0,
        "Selling General And Administration": 13912000.0,
        "Gross Profit": 30083000.0,
        "Cost Of Revenue": 74926000.0,
        "Total Revenue": 105009000.0,
        "Operating Revenue": 105009000.0
    },
    "2024-06-30": {
        "Tax Effect Of Unusual Items": -259475.017269,
        "Tax Rate For Calcs": 0.219894,
        "Normalized EBITDA": 22161000.0,
        "Total Unusual Items": -1180000.0,
        "Total Unusual Items Excluding Goodwill": -1180000.0,
        "Net Income From Continuing Operation Net Minority Interest": 13552000.0,
        "Reconciled Depreciation": 3032000.0,
        "Reconciled Cost Of Revenue": 77146000.0,
        "EBITDA": 20981000.0,
        "EBIT": 17949000.0,
        "Net Interest Income": -577000.0,
        "Interest Expense": 577000.0,
        "Normalized Income": 14472524.982731,
        "Net Income From Continuing And Discontinued Operation": 13552000.0,
        "Total Expenses": 91046000.0,
        "Total Operating Income As Reported": 17951000.0,
        "Diluted Average Shares": NaN,
        "Basic Average Shares": NaN,
        "Diluted EPS": NaN,
        "Basic EPS": NaN,
        "Diluted NI Availto Com Stockholders": 13552000.0,
        "Net Income Common Stockholders": 13552000.0,
        "Net Income": 13552000.0,
        "Net Income Including Noncontrolling Interests": 13552000.0,
        "Net Income Continuous Operations": 13552000.0,
        "Tax Provision": 3820000.0,
        "Pretax Income": 17372000.0,
        "Other Income Expense": -1182000.0,
        "Other Non Operating Income Expenses": -2000.0,
        "Special Income Charges": -1180000.0,
        "Gain On Sale Of Ppe": 1000.0,
        "Restructuring And Mergern Acquisition": 1181000.0,
        "Net Non Operating Interest Income Expense": -577000.0,
        "Interest Expense Non Operating": 577000.0,
        "Operating Income": 19131000.0,
        "Operating Expense": 13900000.0,
        "Selling General And Administration": 13900000.0,
        "Gross Profit": 33031000.0,
        "Cost Of Revenue": 77146000.0,
        "Total Revenue": 110177000.0,
        "Operating Revenue": 110177000.0
    },
    "2024-09-30": {
        "Tax Effect Of Unusual Items": -222077.383477,
        "Tax Rate For Calcs": 0.228946,
        "Normalized EBITDA": 29691000.0,
        "Total Unusual Items": -970000.0,
        "Total Unusual Items Excluding Goodwill": -970000.0,
        "Net Income From Continuing Operation Net Minority Interest": 16361000.0,
        "Reconciled Depreciation": 4027000.0,
        "Reconciled Cost Of Revenue": 103642000.0,
        "EBITDA": 28721000.0,
        "EBIT": 24694000.0,
        "Net Interest Income": -3475000.0,
        "Interest Expense": 3475000.0,
        "Normalized Income": 17108922.616523,
        "Net Income From Continuing And Discontinued Operation": 16361000.0,
        "Total Expenses": 119431000.0,
        "Total Operating Income As Reported": 24764000.0,
        "Diluted Average Shares": 7772000.0,
        "Basic Average Shares": 7674000.0,
        "Diluted EPS": 2.11,
        "Basic EPS": 2.13,
        "Diluted NI Availto Com Stockholders": 16361000.0,
        "Net Income Common Stockholders": 16361000.0,
        "Net Income": 16361000.0,
        "Net Income Including Noncontrolling Interests": 16361000.0,
        "Net Income Continuous Operations": 16361000.0,
        "Tax Provision": 4858000.0,
        "Pretax Income": 21219000.0,
        "Other Income Expense": -1040000.0,
        "Other Non Operating Income Expenses": -70000.0,
        "Special Income Charges": -970000.0,
        "Gain On Sale Of Ppe": 0.0,
        "Restructuring And Mergern Acquisition": 970000.0,
        "Net Non Operating Interest Income Expense": -3475000.0,
        "Interest Expense Non Operating": 3475000.0,
        "Operating Income": 25734000.0,
        "Operating Expense": 15789000.0,
        "Selling General And Administration": 15789000.0,
        "Gross Profit": 41523000.0,
        "Cost Of Revenue": 103642000.0,
        "Total Revenue": 145165000.0,
        "Operating Revenue": 145165000.0
    },
    "2024-12-31": {
        "Tax Effect Of Unusual Items": -168440.441908,
        "Tax Rate For Calcs": 0.142625,
        "Normalized EBITDA": 28315000.0,
        "Total Unusual Items": -1181000.0,
        "Total Unusual Items Excluding Goodwill": -1181000.0,
        "Net Income From Continuing Operation Net Minority Interest": 16375000.0,
        "Reconciled Depreciation": 4657000.0,
        "Reconciled Cost Of Revenue": 102014000.0,
        "EBITDA": 27134000.0,
        "EBIT": 22477000.0,
        "Net Interest Income": -3378000.0,
        "Interest Expense": 3378000.0,
        "Normalized Income": 17387559.558092,
        "Net Income From Continuing And Discontinued Operation": 16375000.0,
        "Total Expenses": 120631000.0,
        "Total Operating Income As Reported": 22258000.0,
        "Diluted Average Shares": 7794000.0,
        "Basic Average Shares": 7675000.0,
        "Diluted EPS": 2.1,
        "Basic EPS": 2.13,
        "Diluted NI Availto Com Stockholders": 16375000.0,
        "Net Income Common Stockholders": 16375000.0,
        "Net Income": 16375000.0,
        "Net Income Including Noncontrolling Interests": 16375000.0,
        "Net Income Continuous Operations": 16375000.0,
        "Tax Provision": 2724000.0,
        "Pretax Income": 19099000.0,
        "Other Income Expense": -962000.0,
        "Other Non Operating Income Expenses": 219000.0,
        "Special Income Charges": -1181000.0,
        "Gain On Sale Of Ppe": -99000.0,
        "Restructuring And Mergern Acquisition": 1082000.0,
        "Net Non Operating Interest Income Expense": -3378000.0,
        "Interest Expense Non Operating": 3378000.0,
        "Operating Income": 23439000.0,
        "Operating Expense": 18617000.0,
        "Selling General And Administration": 18617000.0,
        "Gross Profit": 42056000.0,
        "Cost Of Revenue": 102014000.0,
        "Total Revenue": 144070000.0,
        "Operating Revenue": 144070000.0
    },
    "2025-03-31": {
        "Tax Effect Of Unusual Items": -45811.350525,
        "Tax Rate For Calcs": 0.152705,
        "Normalized EBITDA": 28024000.0,
        "Total Unusual Items": -300000.0,
        "Total Unusual Items Excluding Goodwill": -300000.0,
        "Net Income From Continuing Operation Net Minority Interest": 17184000.0,
        "Reconciled Depreciation": 4634000.0,
        "Reconciled Cost Of Revenue": 105997000.0,
        "EBITDA": 27724000.0,
        "EBIT": 23090000.0,
        "Net Interest Income": -2809000.0,
        "Interest Expense": 2809000.0,
        "Normalized Income": 17438188.649475,
        "Net Income From Continuing And Discontinued Operation": 17184000.0,
        "Total Expenses": 124722000.0,
        "Total Operating Income As Reported": 23126000.0,
        "Diluted Average Shares": 7776000.0,
        "Basic Average Shares": 7688000.0,
        "Diluted EPS": 2.21,
        "Basic EPS": 2.24,
        "Diluted NI Availto Com Stockholders": 17184000.0,
        "Net Income Common Stockholders": 17184000.0,
        "Net Income": 17184000.0,
        "Net Income Including Noncontrolling Interests": 17184000.0,
        "Net Income Continuous Operations": 17184000.0,
        "Tax Provision": 3097000.0,
        "Pretax Income": 20281000.0,
        "Other Income Expense": -336000.0,
        "Other Non Operating Income Expenses": -36000.0,
        "Special Income Charges": -300000.0,
        "Gain On Sale Of Ppe": 0.0,
        "Restructuring And Mergern Acquisition": 300000.0,
        "Net Non Operating Interest Income Expense": -2809000.0,
        "Interest Expense Non Operating": 2809000.0,
        "Operating Income": 23426000.0,
        "Operating Expense": 18725000.0,
        "Selling General And Administration": 18725000.0,
        "Gross Profit": 42151000.0,
        "Cost Of Revenue": 105997000.0,
        "Total Revenue": 148148000.0,
        "Operating Revenue": 148148000.0
    },
    "2025-06-30": {
        "Tax Effect Of Unusual Items": -109988.439841,
        "Tax Rate For Calcs": 0.205586,
        "Normalized EBITDA": 29551000.0,
        "Total Unusual Items": -535000.0,
        "Total Unusual Items Excluding Goodwill": -535000.0,
        "Net Income From Continuing Operation Net Minority Interest": 17180000.0,
        "Reconciled Depreciation": 4719000.0,
        "Reconciled Cost Of Revenue": 107633000.0,
        "EBITDA": 29016000.0,
        "EBIT": 24297000.0,
        "Net Interest Income": -2671000.0,
        "Interest Expense": 2671000.0,
        "Normalized Income": 17605011.560159,
        "Net Income From Continuing And Discontinued Operation": 17180000.0,
        "Total Expenses": 126312000.0,
        "Total Operating Income As Reported": 24329000.0,
        "Diluted Average Shares": 7773000.0,
        "Basic Average Shares": 7709000.0,
        "Diluted EPS": 2.21,
        "Basic EPS": 2.23,
        "Diluted NI Availto Com Stockholders": 17180000.0,
        "Net Income Common Stockholders": 17180000.0,
        "Net Income": 17180000.0,
        "Net Income Including Noncontrolling Interests": 17180000.0,
        "Net Income Continuous Operations": 17180000.0,
        "Tax Provision": 4446000.0,
        "Pretax Income": 21626000.0,
        "Other Income Expense": -567000.0,
        "Other Non Operating Income Expenses": -32000.0,
        "Special Income Charges": -535000.0,
        "Gain On Sale Of Ppe": 11000.0,
        "Restructuring And Mergern Acquisition": 546000.0,
        "Net Non Operating Interest Income Expense": -2671000.0,
        "Interest Expense Non Operating": 2671000.0,
        "Operating Income": 24864000.0,
        "Operating Expense": 18679000.0,
        "Selling General And Administration": 18679000.0,
        "Gross Profit": 43543000.0,
        "Cost Of Revenue": 107633000.0,
        "Total Revenue": 151176000.0,
        "Operating Revenue": 151176000.0
    },
    "2025-09-30": {
        "Tax Effect Of Unusual Items": -66446.021648,
        "Tax Rate For Calcs": 0.222227,
        "Normalized EBITDA": 28630000.0,
        "Total Unusual Items": -299000.0,
        "Total Unusual Items Excluding Goodwill": -299000.0,
        "Net Income From Continuing Operation Net Minority Interest": 16383000.0,
        "Reconciled Depreciation": 4874000.0,
        "Reconciled Cost Of Revenue": 111811000.0,
        "EBITDA": 28331000.0,
        "EBIT": 23457000.0,
        "Net Interest Income": -2393000.0,
        "Interest Expense": 2393000.0,
        "Normalized Income": 16615553.978352,
        "Net Income From Continuing And Discontinued Operation": 16383000.0,
        "Total Expenses": 130880000.0,
        "Total Operating Income As Reported": 23379000.0,
        "Diluted Average Shares": 7780000.0,
        "Basic Average Shares": 7712000.0,
        "Diluted EPS": 2.11,
        "Basic EPS": 2.12,
        "Diluted NI Availto Com Stockholders": 16383000.0,
        "Net Income Common Stockholders": 16383000.0,
        "Net Income": 16383000.0,
        "Net Income Including Noncontrolling Interests": 16383000.0,
        "Net Income Continuous Operations": 16383000.0,
        "Tax Provision": 4681000.0,
        "Pretax Income": 21064000.0,
        "Other Income Expense": -221000.0,
        "Other Non Operating Income Expenses": 78000.0,
        "Special Income Charges": -299000.0,
        "Gain On Sale Of Ppe": -22000.0,
        "Restructuring And Mergern Acquisition": 277000.0,
        "Net Non Operating Interest Income Expense": -2393000.0,
        "Interest Expense Non Operating": 2393000.0,
        "Operating Income": 23678000.0,
        "Operating Expense": 19069000.0,
        "Selling General And Administration": 19069000.0,
        "Gross Profit": 42747000.0,
        "Cost Of Revenue": 111811000.0,
        "Total Revenue": 154558000.0,
        "Operating Revenue": 154558000.0
    }
}