{
    "2023-03-31": {
        "Tax Effect Of Unusual Items": NaN,
        "Tax Rate For Calcs": NaN,
        "Normalized EBITDA": NaN,
        "Total Unusual Items": NaN,
        "Total Unusual Items Excluding Goodwill": NaN,
        "Net Income From Continuing Operation Net Minority Interest": NaN,
        "Reconciled Depreciation": NaN,
        "Reconciled Cost Of Revenue": NaN,
        "EBITDA": NaN,
        "EBIT": NaN,
        "Normalized Income": NaN,
        "Net Income From Continuing And Discontinued Operation": NaN,
        "Total Expenses": NaN,
        "Total Operating Income As Reported": NaN,
        "Diluted Average Shares": 4594319.0,
        "Basic Average Shares": 4594319.0,
        "Diluted EPS": 0.16,
        "Basic EPS": 0.16,
        "Diluted NI Availto Com Stockholders": NaN,
        "Net Income Common Stockholders": NaN,
        "Net Income": NaN,
        "Net Income Including Noncontrolling Interests": NaN,
        "Net Income Continuous Operations": NaN,
        "Tax Provision": NaN,
        "Pretax Income": NaN,
        "Other Income Expense": NaN,
        "Gain On Sale Of Security": NaN,
        "Operating Income": NaN,
        "Operating Expense": NaN,
        "Other Operating Expenses": NaN,
        "Research And Development": NaN,
        "Gross Profit": NaN,
        "Cost Of Revenue": NaN,
        "Total Revenue": NaN,
        "Operating Revenue": NaN
    },
    "2022-12-31": {
        "Tax Effect Of Unusual Items": 38807.884761,
        "Tax Rate For Calcs": 0.195497,
        "Normalized EBITDA": 479781.0,
        "Total Unusual Items": 198509.0,
        "Total Unusual Items Excluding Goodwill": 198509.0,
        "Net Income From Continuing Operation Net Minority Interest": 679205.0,
        "Reconciled Depreciation": 32545.0,
        "Reconciled Cost Of Revenue": 1516471.0,
        "EBITDA": 678290.0,
        "EBIT": 645745.0,
        "Normalized Income": 519503.884761,
        "Net Income From Continuing And Discontinued Operation": 679205.0,
        "Total Expenses": 2117201.0,
        "Total Operating Income As Reported": 645745.0,
        "Diluted Average Shares": NaN,
        "Basic Average Shares": NaN,
        "Diluted EPS": NaN,
        "Basic EPS": NaN,
        "Diluted NI Availto Com Stockholders": 679205.0,
        "Net Income Common Stockholders": 679205.0,
        "Net Income": 679205.0,
        "Net Income Including Noncontrolling Interests": 679205.0,
        "Net Income Continuous Operations": 679205.0,
        "Tax Provision": 165049.0,
        "Pretax Income": 844254.0,
        "Other Income Expense": 198509.0,
        "Gain On Sale Of Security": 198509.0,
        "Operating Income": 645745.0,
        "Operating Expense": 600730.0,
        "Other Operating Expenses": 474816.0,
        "Research And Development": 125914.0,
        "Gross Profit": 1246475.0,
        "Cost Of Revenue": 1516471.0,
        "Total Revenue": 2762946.0,
        "Operating Revenue": 2762946.0
    },
    "2022-09-30": {
        "Tax Effect Of Unusual Items": NaN,
        "Tax Rate For Calcs": NaN,
        "Normalized EBITDA": NaN,
        "Total Unusual Items": NaN,
        "Total Unusual Items Excluding Goodwill": NaN,
        "Net Income From Continuing Operation Net Minority Interest": NaN,
        "Reconciled Depreciation": NaN,
        "Reconciled Cost Of Revenue": NaN,
        "EBITDA": NaN,
        "EBIT": NaN,
        "Normalized Income": NaN,
        "Net Income From Continuing And Discontinued Operation": NaN,
        "Total Expenses": NaN,
        "Total Operating Income As Reported": NaN,
        "Diluted Average Shares": 4594319.0,
        "Basic Average Shares": 4594319.0,
        "Diluted EPS": 0.07,
        "Basic EPS": 0.07,
        "Diluted NI Availto Com Stockholders": NaN,
        "Net Income Common Stockholders": NaN,
        "Net Income": NaN,
        "Net Income Including Noncontrolling Interests": NaN,
        "Net Income Continuous Operations": NaN,
        "Tax Provision": NaN,
        "Pretax Income": NaN,
        "Other Income Expense": NaN,
        "Gain On Sale Of Security": NaN,
        "Operating Income": NaN,
        "Operating Expense": NaN,
        "Other Operating Expenses": NaN,
        "Research And Development": NaN,
        "Gross Profit": NaN,
        "Cost Of Revenue": NaN,
        "Total Revenue": NaN,
        "Operating Revenue": NaN
    },
    "2022-06-30": {
        "Tax Effect Of Unusual Items": -84297.78,
        "Tax Rate For Calcs": 0.21,
        "Normalized EBITDA": 1635602.0,
        "Total Unusual Items": -401418.0,
        "Total Unusual Items Excluding Goodwill": -401418.0,
        "Net Income From Continuing Operation Net Minority Interest": 633324.0,
        "Reconciled Depreciation": 34255.0,
        "Reconciled Cost Of Revenue": 1693753.0,
        "EBITDA": 1234184.0,
        "EBIT": 1199929.0,
        "Normalized Income": 950444.22,
        "Net Income From Continuing And Discontinued Operation": 633324.0,
        "Total Expenses": 2426248.0,
        "Total Operating Income As Reported": 1199929.0,
        "Diluted Average Shares": 4594319.0,
        "Basic Average Shares": 4594319.0,
        "Diluted EPS": 0.14,
        "Basic EPS": 0.14,
        "Diluted NI Availto Com Stockholders": 633324.0,
        "Net Income Common Stockholders": 633324.0,
        "Net Income": 633324.0,
        "Net Income Including Noncontrolling Interests": 633324.0,
        "Net Income Continuous Operations": 633324.0,
        "Tax Provision": 165187.0,
        "Pretax Income": 798511.0,
        "Other Income Expense": -401418.0,
        "Gain On Sale Of Security": -401418.0,
        "Operating Income": 1199929.0,
        "Operating Expense": 732495.0,
        "Other Operating Expenses": 620229.0,
        "Research And Development": 112266.0,
        "Gross Profit": 1932424.0,
        "Cost Of Revenue": 1693753.0,
        "Total Revenue": 3626177.0,
        "Operating Revenue": 3626177.0
    },
    "2023-06-30": {
        "Tax Effect Of Unusual Items": NaN,
        "Tax Rate For Calcs": NaN,
        "Normalized EBITDA": NaN,
        "Total Unusual Items": NaN,
        "Total Unusual Items Excluding Goodwill": NaN,
        "Net Income From Continuing Operation Net Minority Interest": NaN,
        "Reconciled Depreciation": NaN,
        "Reconciled Cost Of Revenue": NaN,
        "EBITDA": NaN,
        "EBIT": NaN,
        "Normalized Income": NaN,
        "Net Income From Continuing And Discontinued Operation": NaN,
        "Total Expenses": NaN,
        "Total Operating Income As Reported": NaN,
        "Diluted Average Shares": 4594319.0,
        "Basic Average Shares": 4594319.0,
        "Diluted EPS": 0.1,
        "Basic EPS": 0.1,
        "Diluted NI Availto Com Stockholders": NaN,
        "Net Income Common Stockholders": NaN,
        "Net Income": NaN,
        "Net Income Including Noncontrolling Interests": NaN,
        "Net Income Continuous Operations": NaN,
        "Tax Provision": NaN,
        "Pretax Income": NaN,
        "Other Income Expense": NaN,
        "Gain On Sale Of Security": NaN,
        "Operating Income": NaN,
        "Operating Expense": NaN,
        "Other Operating Expenses": NaN,
        "Research And Development": NaN,
        "Gross Profit": NaN,
        "Cost Of Revenue": NaN,
        "Total Revenue": NaN,
        "Operating Revenue": NaN
    },
    "2023-09-30": {
        "Tax Effect Of Unusual Items": NaN,
        "Tax Rate For Calcs": NaN,
        "Normalized EBITDA": NaN,
        "Total Unusual Items": NaN,
        "Total Unusual Items Excluding Goodwill": NaN,
        "Net Income From Continuing Operation Net Minority Interest": NaN,
        "Reconciled Depreciation": NaN,
        "Reconciled Cost Of Revenue": NaN,
        "EBITDA": NaN,
        "EBIT": NaN,
        "Normalized Income": NaN,
        "Net Income From Continuing And Discontinued Operation": NaN,
        "Total Expenses": NaN,
        "Total Operating Income As Reported": NaN,
        "Diluted Average Shares": 4594319.0,
        "Basic Average Shares": 4594319.0,
        "Diluted EPS": 0.14,
        "Basic EPS": 0.14,
        "Diluted NI Availto Com Stockholders": NaN,
        "Net Income Common Stockholders": NaN,
        "Net Income": NaN,
        "Net Income Including Noncontrolling Interests": NaN,
        "Net Income Continuous Operations": NaN,
        "Tax Provision": NaN,
        "Pretax Income": NaN,
        "Other Income Expense": NaN,
        "Gain On Sale Of Security": NaN,
        "Operating Income": NaN,
        "Operating Expense": NaN,
        "Other Operating Expenses": NaN,
        "Research And Development": NaN,
        "Gross Profit": NaN,
        "Cost Of Revenue": NaN,
        "Total Revenue": NaN,
        "Operating Revenue": NaN
    },
    "2023-12-31": {
        "Tax Effect Of Unusual Items": 29027.108815,
        "Tax Rate For Calcs": 0.207843,
        "Normalized EBITDA": 682934.0,
        "Total Unusual Items": 139659.0,
        "Total Unusual Items Excluding Goodwill": 139659.0,
        "Net Income From Continuing Operation Net Minority Interest": 737439.0,
        "Reconciled Depreciation": 31327.0,
        "Reconciled Cost Of Revenue": 1207523.0,
        "EBITDA": 822593.0,
        "EBIT": 791266.0,
        "Normalized Income": 626807.108815,
        "Net Income From Continuing And Discontinued Operation": 737439.0,
        "Total Expenses": 1815747.0,
        "Total Operating Income As Reported": 791266.0,
        "Diluted Average Shares": NaN,
        "Basic Average Shares": NaN,
        "Diluted EPS": NaN,
        "Basic EPS": NaN,
        "Diluted NI Availto Com Stockholders": 737439.0,
        "Net Income Common Stockholders": 737439.0,
        "Net Income": 737439.0,
        "Net Income Including Noncontrolling Interests": 737439.0,
        "Net Income Continuous Operations": 737439.0,
        "Tax Provision": 193486.0,
        "Pretax Income": 930925.0,
        "Other Income Expense": 139659.0,
        "Gain On Sale Of Security": 139659.0,
        "Operating Income": 791266.0,
        "Operating Expense": 608224.0,
        "Other Operating Expenses": 498061.0,
        "Research And Development": 110163.0,
        "Gross Profit": 1399490.0,
        "Cost Of Revenue": 1207523.0,
        "Total Revenue": 2607013.0,
        "Operating Revenue": 2607013.0
    },
    "2024-03-31": {
        "Tax Effect Of Unusual Items": NaN,
        "Tax Rate For Calcs": NaN,
        "Normalized EBITDA": NaN,
        "Total Unusual Items": NaN,
        "Total Unusual Items Excluding Goodwill": NaN,
        "Net Income From Continuing Operation Net Minority Interest": NaN,
        "Reconciled Depreciation": NaN,
        "Reconciled Cost Of Revenue": NaN,
        "EBITDA": NaN,
        "EBIT": NaN,
        "Normalized Income": NaN,
        "Net Income From Continuing And Discontinued Operation": NaN,
        "Total Expenses": NaN,
        "Total Operating Income As Reported": NaN,
        "Diluted Average Shares": 4594319.0,
        "Basic Average Shares": 4594319.0,
        "Diluted EPS": 0.2,
        "Basic EPS": 0.2,
        "Diluted NI Availto Com Stockholders": NaN,
        "Net Income Common Stockholders": NaN,
        "Net Income": NaN,
        "Net Income Including Noncontrolling Interests": NaN,
        "Net Income Continuous Operations": NaN,
        "Tax Provision": NaN,
        "Pretax Income": NaN,
        "Other Income Expense": NaN,
        "Gain On Sale Of Security": NaN,
        "Operating Income": NaN,
        "Operating Expense": NaN,
        "Other Operating Expenses": NaN,
        "Research And Development": NaN,
        "Gross Profit": NaN,
        "Cost Of Revenue": NaN,
        "Total Revenue": NaN,
        "Operating Revenue": NaN
    },
    "2024-06-30": {
        "Tax Effect Of Unusual Items": 18696.135407,
        "Tax Rate For Calcs": 0.206573,
        "Normalized EBITDA": 1048292.0,
        "Total Unusual Items": 90506.0,
        "Total Unusual Items Excluding Goodwill": 90506.0,
        "Net Income From Continuing Operation Net Minority Interest": 956225.0,
        "Reconciled Depreciation": 24120.0,
        "Reconciled Cost Of Revenue": 1561090.0,
        "EBITDA": 1138798.0,
        "EBIT": 1114678.0,
        "Normalized Income": 884415.135407,
        "Net Income From Continuing And Discontinued Operation": 956225.0,
        "Total Expenses": 2275527.0,
        "Total Operating Income As Reported": 1114678.0,
        "Diluted Average Shares": 4594319.0,
        "Basic Average Shares": 4594319.0,
        "Diluted EPS": 0.21,
        "Basic EPS": 0.21,
        "Diluted NI Availto Com Stockholders": 956225.0,
        "Net Income Common Stockholders": 956225.0,
        "Net Income": 956225.0,
        "Net Income Including Noncontrolling Interests": 956225.0,
        "Net Income Continuous Operations": 956225.0,
        "Tax Provision": 248959.0,
        "Pretax Income": 1205184.0,
        "Other Income Expense": 90506.0,
        "Gain On Sale Of Security": 90506.0,
        "Operating Income": 1114678.0,
        "Operating Expense": 714437.0,
        "Other Operating Expenses": 602777.0,
        "Research And Development": 111660.0,
        "Gross Profit": 1829115.0,
        "Cost Of Revenue": 1561090.0,
        "Total Revenue": 3390205.0,
        "Operating Revenue": 3390205.0
    },
    "2024-09-30": {
        "Tax Effect Of Unusual Items": 30980.979177,
        "Tax Rate For Calcs": 0.21053,
        "Normalized EBITDA": 823691.0,
        "Total Unusual Items": 147157.0,
        "Total Unusual Items Excluding Goodwill": 147157.0,
        "Net Income From Continuing Operation Net Minority Interest": 865484.0,
        "Reconciled Depreciation": 21720.0,
        "Reconciled Cost Of Revenue": 1408866.0,
        "EBITDA": 970848.0,
        "EBIT": 949128.0,
        "Normalized Income": 749307.979177,
        "Net Income From Continuing And Discontinued Operation": 865484.0,
        "Total Expenses": 2110985.0,
        "Total Operating Income As Reported": 949128.0,
        "Diluted Average Shares": 4594319.0,
        "Basic Average Shares": 4594319.0,
        "Diluted EPS": 0.19,
        "Basic EPS": 0.19,
        "Diluted NI Availto Com Stockholders": 865484.0,
        "Net Income Common Stockholders": 865484.0,
        "Net Income": 865484.0,
        "Net Income Including Noncontrolling Interests": 865484.0,
        "Net Income Continuous Operations": 865484.0,
        "Tax Provision": 230801.0,
        "Pretax Income": 1096285.0,
        "Other Income Expense": 147157.0,
        "Gain On Sale Of Security": 147157.0,
        "Operating Income": 949128.0,
        "Operating Expense": 702119.0,
        "Other Operating Expenses": 591047.0,
        "Research And Development": 111072.0,
        "Gross Profit": 1651247.0,
        "Cost Of Revenue": 1408866.0,
        "Total Revenue": 3060113.0,
        "Operating Revenue": 3060113.0
    },
    "2024-12-31": {
        "Tax Effect Of Unusual Items": 18063.273422,
        "Tax Rate For Calcs": 0.213929,
        "Normalized EBITDA": 498274.0,
        "Total Unusual Items": 84436.0,
        "Total Unusual Items Excluding Goodwill": 84436.0,
        "Net Income From Continuing Operation Net Minority Interest": 503724.0,
        "Reconciled Depreciation": 26334.0,
        "Reconciled Cost Of Revenue": 1195138.0,
        "EBITDA": 582710.0,
        "EBIT": 556376.0,
        "Normalized Income": 437351.273422,
        "Net Income From Continuing And Discontinued Operation": 503724.0,
        "Total Expenses": 1920333.0,
        "Total Operating Income As Reported": 556376.0,
        "Diluted Average Shares": NaN,
        "Basic Average Shares": NaN,
        "Diluted EPS": NaN,
        "Basic EPS": NaN,
        "Diluted NI Availto Com Stockholders": 503724.0,
        "Net Income Common Stockholders": 503724.0,
        "Net Income": 503724.0,
        "Net Income Including Noncontrolling Interests": 503724.0,
        "Net Income Continuous Operations": 503724.0,
        "Tax Provision": 137088.0,
        "Pretax Income": 640812.0,
        "Other Income Expense": 84436.0,
        "Gain On Sale Of Security": 84436.0,
        "Operating Income": 556376.0,
        "Operating Expense": 725195.0,
        "Other Operating Expenses": 594130.0,
        "Research And Development": 131065.0,
        "Gross Profit": 1281571.0,
        "Cost Of Revenue": 1195138.0,
        "Total Revenue": 2476709.0,
        "Operating Revenue": 2476709.0
    },
    "2025-03-31": {
        "Tax Effect Of Unusual Items": 20157.451728,
        "Tax Rate For Calcs": 0.20773,
        "Normalized EBITDA": 538915.0,
        "Total Unusual Items": 97037.0,
        "Total Unusual Items Excluding Goodwill": 97037.0,
        "Net Income From Continuing Operation Net Minority Interest": 560895.0,
        "Reconciled Depreciation": 25030.0,
        "Reconciled Cost Of Revenue": 1123076.0,
        "EBITDA": 635952.0,
        "EBIT": 610922.0,
        "Normalized Income": 484015.451728,
        "Net Income From Continuing And Discontinued Operation": 560895.0,
        "Total Expenses": 1870205.0,
        "Total Operating Income As Reported": 610922.0,
        "Diluted Average Shares": 4594319.0,
        "Basic Average Shares": 4594319.0,
        "Diluted EPS": 0.12,
        "Basic EPS": 0.12,
        "Diluted NI Availto Com Stockholders": 560895.0,
        "Net Income Common Stockholders": 560895.0,
        "Net Income": 560895.0,
        "Net Income Including Noncontrolling Interests": 560895.0,
        "Net Income Continuous Operations": 560895.0,
        "Tax Provision": 147064.0,
        "Pretax Income": 707959.0,
        "Other Income Expense": 97037.0,
        "Gain On Sale Of Security": 97037.0,
        "Operating Income": 610922.0,
        "Operating Expense": 747129.0,
        "Other Operating Expenses": 632735.0,
        "Research And Development": 114394.0,
        "Gross Profit": 1358051.0,
        "Cost Of Revenue": 1123076.0,
        "Total Revenue": 2481127.0,
        "Operating Revenue": 2481127.0
    },
    "2025-06-30": {
        "Tax Effect Of Unusual Items": 19710.451813,
        "Tax Rate For Calcs": 0.207154,
        "Normalized EBITDA": 625458.0,
        "Total Unusual Items": 95149.0,
        "Total Unusual Items Excluding Goodwill": 95149.0,
        "Net Income From Continuing Operation Net Minority Interest": 626826.0,
        "Reconciled Depreciation": 25154.0,
        "Reconciled Cost Of Revenue": 1340854.0,
        "EBITDA": 720607.0,
        "EBIT": 695453.0,
        "Normalized Income": 551387.451813,
        "Net Income From Continuing And Discontinued Operation": 626826.0,
        "Total Expenses": 2142772.0,
        "Total Operating Income As Reported": 695453.0,
        "Diluted Average Shares": 4594319.0,
        "Basic Average Shares": 4594319.0,
        "Diluted EPS": 0.14,
        "Basic EPS": 0.14,
        "Diluted NI Availto Com Stockholders": 626826.0,
        "Net Income Common Stockholders": 626826.0,
        "Net Income": 626826.0,
        "Net Income Including Noncontrolling Interests": 626826.0,
        "Net Income Continuous Operations": 626826.0,
        "Tax Provision": 163776.0,
        "Pretax Income": 790602.0,
        "Other Income Expense": 95149.0,
        "Gain On Sale Of Security": 95149.0,
        "Operating Income": 695453.0,
        "Operating Expense": 801918.0,
        "Other Operating Expenses": 694050.0,
        "Research And Development": 107868.0,
        "Gross Profit": 1497371.0,
        "Cost Of Revenue": 1340854.0,
        "Total Revenue": 2838225.0,
        "Operating Revenue": 2838225.0
    }
}