{
    "2023-03-31": {
        "Tax Effect Of Unusual Items": NaN,
        "Tax Rate For Calcs": NaN,
        "Normalized EBITDA": NaN,
        "Total Unusual Items": NaN,
        "Total Unusual Items Excluding Goodwill": NaN,
        "Net Income From Continuing Operation Net Minority Interest": NaN,
        "Reconciled Depreciation": NaN,
        "Reconciled Cost Of Revenue": NaN,
        "EBITDA": NaN,
        "EBIT": NaN,
        "Net Interest Income": NaN,
        "Interest Expense": NaN,
        "Interest Income": NaN,
        "Normalized Income": NaN,
        "Net Income From Continuing And Discontinued Operation": NaN,
        "Total Expenses": NaN,
        "Rent Expense Supplemental": NaN,
        "Total Operating Income As Reported": NaN,
        "Diluted Average Shares": NaN,
        "Basic Average Shares": NaN,
        "Diluted EPS": NaN,
        "Basic EPS": NaN,
        "Diluted NI Availto Com Stockholders": NaN,
        "Net Income Common Stockholders": NaN,
        "Otherunder Preferred Stock Dividend": NaN,
        "Net Income": NaN,
        "Net Income Including Noncontrolling Interests": NaN,
        "Net Income Continuous Operations": NaN,
        "Tax Provision": NaN,
        "Pretax Income": NaN,
        "Other Income Expense": NaN,
        "Other Non Operating Income Expenses": NaN,
        "Special Income Charges": NaN,
        "Gain On Sale Of Ppe": NaN,
        "Other Special Charges": 0.0,
        "Restructuring And Mergern Acquisition": NaN,
        "Gain On Sale Of Security": NaN,
        "Net Non Operating Interest Income Expense": NaN,
        "Total Other Finance Cost": NaN,
        "Interest Expense Non Operating": NaN,
        "Interest Income Non Operating": NaN,
        "Operating Income": NaN,
        "Operating Expense": NaN,
        "Other Operating Expenses": NaN,
        "Depreciation Amortization Depletion Income Statement": NaN,
        "Depreciation And Amortization In Income Statement": NaN,
        "Depreciation Income Statement": NaN,
        "Selling General And Administration": NaN,
        "General And Administrative Expense": NaN,
        "Rent And Landing Fees": NaN,
        "Salaries And Wages": NaN,
        "Gross Profit": NaN,
        "Cost Of Revenue": NaN,
        "Total Revenue": NaN,
        "Operating Revenue": NaN
    },
    "2022-12-31": {
        "Tax Effect Of Unusual Items": NaN,
        "Tax Rate For Calcs": NaN,
        "Normalized EBITDA": NaN,
        "Total Unusual Items": NaN,
        "Total Unusual Items Excluding Goodwill": NaN,
        "Net Income From Continuing Operation Net Minority Interest": NaN,
        "Reconciled Depreciation": NaN,
        "Reconciled Cost Of Revenue": NaN,
        "EBITDA": NaN,
        "EBIT": NaN,
        "Net Interest Income": NaN,
        "Interest Expense": NaN,
        "Interest Income": NaN,
        "Normalized Income": NaN,
        "Net Income From Continuing And Discontinued Operation": NaN,
        "Total Expenses": NaN,
        "Rent Expense Supplemental": NaN,
        "Total Operating Income As Reported": NaN,
        "Diluted Average Shares": NaN,
        "Basic Average Shares": NaN,
        "Diluted EPS": NaN,
        "Basic EPS": NaN,
        "Diluted NI Availto Com Stockholders": NaN,
        "Net Income Common Stockholders": NaN,
        "Otherunder Preferred Stock Dividend": NaN,
        "Preferred Stock Dividends": 7059000.0,
        "Net Income": NaN,
        "Net Income Including Noncontrolling Interests": NaN,
        "Net Income Continuous Operations": NaN,
        "Tax Provision": NaN,
        "Pretax Income": NaN,
        "Other Income Expense": NaN,
        "Other Non Operating Income Expenses": NaN,
        "Special Income Charges": NaN,
        "Gain On Sale Of Ppe": 70504000.0,
        "Other Special Charges": 50000.0,
        "Restructuring And Mergern Acquisition": NaN,
        "Gain On Sale Of Security": NaN,
        "Net Non Operating Interest Income Expense": NaN,
        "Total Other Finance Cost": NaN,
        "Interest Expense Non Operating": NaN,
        "Interest Income Non Operating": NaN,
        "Operating Income": NaN,
        "Operating Expense": NaN,
        "Other Operating Expenses": NaN,
        "Depreciation Amortization Depletion Income Statement": NaN,
        "Depreciation And Amortization In Income Statement": NaN,
        "Depreciation Income Statement": NaN,
        "Selling General And Administration": NaN,
        "General And Administrative Expense": NaN,
        "Rent And Landing Fees": NaN,
        "Salaries And Wages": 6979000.0,
        "Gross Profit": NaN,
        "Cost Of Revenue": NaN,
        "Total Revenue": NaN,
        "Operating Revenue": NaN
    },
    "2022-09-30": {
        "Tax Effect Of Unusual Items": NaN,
        "Tax Rate For Calcs": NaN,
        "Normalized EBITDA": NaN,
        "Total Unusual Items": NaN,
        "Total Unusual Items Excluding Goodwill": NaN,
        "Net Income From Continuing Operation Net Minority Interest": NaN,
        "Reconciled Depreciation": NaN,
        "Reconciled Cost Of Revenue": NaN,
        "EBITDA": NaN,
        "EBIT": NaN,
        "Net Interest Income": NaN,
        "Interest Expense": NaN,
        "Interest Income": NaN,
        "Normalized Income": NaN,
        "Net Income From Continuing And Discontinued Operation": NaN,
        "Total Expenses": NaN,
        "Rent Expense Supplemental": NaN,
        "Total Operating Income As Reported": NaN,
        "Diluted Average Shares": NaN,
        "Basic Average Shares": NaN,
        "Diluted EPS": NaN,
        "Basic EPS": NaN,
        "Diluted NI Availto Com Stockholders": NaN,
        "Net Income Common Stockholders": NaN,
        "Otherunder Preferred Stock Dividend": NaN,
        "Preferred Stock Dividends": NaN,
        "Net Income": NaN,
        "Net Income Including Noncontrolling Interests": NaN,
        "Net Income Continuous Operations": NaN,
        "Tax Provision": NaN,
        "Pretax Income": NaN,
        "Other Income Expense": NaN,
        "Other Non Operating Income Expenses": NaN,
        "Special Income Charges": NaN,
        "Gain On Sale Of Ppe": 64343000.0,
        "Other Special Charges": 959000.0,
        "Restructuring And Mergern Acquisition": NaN,
        "Gain On Sale Of Security": NaN,
        "Net Non Operating Interest Income Expense": NaN,
        "Total Other Finance Cost": NaN,
        "Interest Expense Non Operating": NaN,
        "Interest Income Non Operating": NaN,
        "Operating Income": NaN,
        "Operating Expense": NaN,
        "Other Operating Expenses": NaN,
        "Depreciation Amortization Depletion Income Statement": NaN,
        "Depreciation And Amortization In Income Statement": NaN,
        "Depreciation Income Statement": NaN,
        "Selling General And Administration": NaN,
        "General And Administrative Expense": NaN,
        "Rent And Landing Fees": NaN,
        "Salaries And Wages": 6972000.0,
        "Gross Profit": NaN,
        "Cost Of Revenue": NaN,
        "Total Revenue": NaN,
        "Operating Revenue": NaN
    },
    "2022-06-30": {
        "Tax Effect Of Unusual Items": -559959.683124,
        "Tax Rate For Calcs": 0.242722,
        "Normalized EBITDA": 669860000.0,
        "Total Unusual Items": -2307000.0,
        "Total Unusual Items Excluding Goodwill": -2307000.0,
        "Net Income From Continuing Operation Net Minority Interest": 334002000.0,
        "Reconciled Depreciation": 178144000.0,
        "Reconciled Cost Of Revenue": 15323000.0,
        "EBITDA": 667553000.0,
        "EBIT": 489409000.0,
        "Net Interest Income": -49799000.0,
        "Interest Expense": 48353000.0,
        "Interest Income": NaN,
        "Normalized Income": 335749040.316876,
        "Net Income From Continuing And Discontinued Operation": 334002000.0,
        "Total Expenses": 1096702000.0,
        "Rent Expense Supplemental": 7475000.0,
        "Total Operating Income As Reported": 491159000.0,
        "Diluted Average Shares": 196077880.0,
        "Basic Average Shares": 196077880.0,
        "Diluted EPS": 2.18,
        "Basic EPS": 2.18,
        "Diluted NI Availto Com Stockholders": 334002000.0,
        "Net Income Common Stockholders": 334002000.0,
        "Otherunder Preferred Stock Dividend": NaN,
        "Preferred Stock Dividends": NaN,
        "Net Income": 334002000.0,
        "Net Income Including Noncontrolling Interests": 334002000.0,
        "Net Income Continuous Operations": 334002000.0,
        "Tax Provision": 107054000.0,
        "Pretax Income": 441056000.0,
        "Other Income Expense": -10283000.0,
        "Other Non Operating Income Expenses": -7976000.0,
        "Special Income Charges": -7672000.0,
        "Gain On Sale Of Ppe": NaN,
        "Other Special Charges": NaN,
        "Restructuring And Mergern Acquisition": 7672000.0,
        "Gain On Sale Of Security": -2307000.0,
        "Net Non Operating Interest Income Expense": -49799000.0,
        "Total Other Finance Cost": 1446000.0,
        "Interest Expense Non Operating": 48353000.0,
        "Interest Income Non Operating": NaN,
        "Operating Income": 501138000.0,
        "Operating Expense": 1017031000.0,
        "Other Operating Expenses": 851660000.0,
        "Depreciation Amortization Depletion Income Statement": 113796000.0,
        "Depreciation And Amortization In Income Statement": 113796000.0,
        "Depreciation Income Statement": 113796000.0,
        "Selling General And Administration": 51575000.0,
        "General And Administrative Expense": 51575000.0,
        "Rent And Landing Fees": 7475000.0,
        "Salaries And Wages": 44100000.0,
        "Gross Profit": 1518169000.0,
        "Cost Of Revenue": 79671000.0,
        "Total Revenue": 1597840000.0,
        "Operating Revenue": 1461768000.0
    },
    "2022-03-31": {
        "Diluted EPS": 0.44,
        "Total Revenue": NaN,
        "Gross Profit": 293,
        "Operating Income": 155,
        "EBIT": 350,
        "Net Income": 87
    },
    "2021-12-31": {
        "Diluted EPS": 1.44,
        "Total Revenue": NaN,
        "Gross Profit": 537,
        "Operating Income": 417,
        "EBIT": 607,
        "Net Income": 281
    },
    "2021-09-30": {
        "Diluted EPS": 2.09,
        "Total Revenue": NaN,
        "Gross Profit": 729,
        "Operating Income": 579,
        "EBIT": 764,
        "Net Income": 410
    },
    "2021-06-30": {
        "Diluted EPS": 1.76,
        "Total Revenue": NaN,
        "Gross Profit": 628,
        "Operating Income": 494,
        "EBIT": 681,
        "Net Income": 345
    },
    "2021-03-31": {
        "Diluted EPS": 0.38,
        "Total Revenue": NaN,
        "Gross Profit": 301,
        "Operating Income": 131,
        "EBIT": 314,
        "Net Income": 74
    },
    "2020-12-31": {
        "Diluted EPS": 0.93,
        "Total Revenue": NaN,
        "Gross Profit": 452,
        "Operating Income": 284,
        "EBIT": 459,
        "Net Income": 183
    },
    "2020-09-30": {
        "Diluted EPS": 1.36,
        "Total Revenue": NaN,
        "Gross Profit": 545,
        "Operating Income": 392,
        "EBIT": 568,
        "Net Income": 266
    },
    "2020-06-30": {
        "Diluted EPS": 0.45,
        "Total Revenue": 987,
        "Gross Profit": 333,
        "Operating Income": 154,
        "EBIT": 333,
        "Net Income": 88
    },
    "2020-03-31": {
        "Diluted EPS": 0.62,
        "Total Revenue": 822,
        "Gross Profit": 194,
        "Operating Income": 1,
        "EBIT": 186,
        "Net Income": 122
    },
    "2019-12-31": {
        "Diluted EPS": 0.16,
        "Total Revenue": 928,
        "Gross Profit": 266,
        "Operating Income": 81,
        "EBIT": 261,
        "Net Income": 31
    },
    "2019-09-30": {
        "Diluted EPS": 0.8,
        "Total Revenue": NaN,
        "Gross Profit": 409,
        "Operating Income": 245,
        "EBIT": 425,
        "Net Income": 156
    },
    "2019-06-30": {
        "Diluted EPS": 0.68,
        "Total Revenue": NaN,
        "Gross Profit": 366,
        "Operating Income": 214,
        "EBIT": 382,
        "Net Income": 132
    },
    "2019-03-31": {
        "Diluted EPS": 0.0,
        "Total Revenue": 726,
        "Gross Profit": 198,
        "Operating Income": 27,
        "EBIT": 191,
        "Net Income": 1
    },
    "2018-12-31": {
        "Diluted EPS": 0.4,
        "Total Revenue": 919,
        "Gross Profit": 296,
        "Operating Income": 138,
        "EBIT": 293,
        "Net Income": 79
    },
    "2018-09-30": {
        "Diluted EPS": 0.84,
        "Total Revenue": NaN,
        "Gross Profit": 398,
        "Operating Income": 251,
        "EBIT": 406,
        "Net Income": 164
    },
    "2018-06-30": {
        "Diluted EPS": 0.65,
        "Total Revenue": NaN,
        "Gross Profit": 345,
        "Operating Income": 205,
        "EBIT": 358,
        "Net Income": 128
    },
    "2018-03-31": {
        "Diluted EPS": 0.06,
        "Total Revenue": 758,
        "Gross Profit": 161,
        "Operating Income": 3,
        "EBIT": 167,
        "Net Income": 11
    },
    "2017-12-31": {
        "Diluted EPS": 2.7,
        "Total Revenue": 843,
        "Gross Profit": 262,
        "Operating Income": 303,
        "EBIT": 452,
        "Net Income": 529
    },
    "2017-09-30": {
        "Diluted EPS": 0.64,
        "Total Revenue": NaN,
        "Gross Profit": 377,
        "Operating Income": 230,
        "EBIT": 375,
        "Net Income": 125
    },
    "2017-06-30": {
        "Diluted EPS": 0.64,
        "Total Revenue": 958,
        "Gross Profit": 371,
        "Operating Income": 229,
        "EBIT": 368,
        "Net Income": 126
    },
    "2017-03-31": {
        "Diluted EPS": 0.05,
        "Total Revenue": 709,
        "Gross Profit": 184,
        "Operating Income": 45,
        "EBIT": 192,
        "Net Income": 10
    },
    "2016-12-31": {
        "Diluted EPS": 0.33,
        "Total Revenue": 790,
        "Gross Profit": 262,
        "Operating Income": 132,
        "EBIT": 259,
        "Net Income": 65
    },
    "2016-09-30": {
        "Diluted EPS": 0.9,
        "Total Revenue": 999,
        "Gross Profit": 432,
        "Operating Income": 307,
        "EBIT": 433,
        "Net Income": 176
    },
    "2016-06-30": {
        "Diluted EPS": 0.75,
        "Total Revenue": 923,
        "Gross Profit": 374,
        "Operating Income": 260,
        "EBIT": 382,
        "Net Income": 147
    },
    "2016-03-31": {
        "Diluted EPS": 0.27,
        "Total Revenue": 683,
        "Gross Profit": 215,
        "Operating Income": 107,
        "EBIT": 217,
        "Net Income": 53
    },
    "2015-12-31": {
        "Diluted EPS": 0.42,
        "Total Revenue": 745,
        "Gross Profit": 259,
        "Operating Income": 158,
        "EBIT": 259,
        "Net Income": 82
    },
    "2015-09-30": {
        "Diluted EPS": 0.94,
        "Total Revenue": 963,
        "Gross Profit": 393,
        "Operating Income": 311,
        "EBIT": 413,
        "Net Income": 183
    },
    "2015-06-30": {
        "Diluted EPS": 0.87,
        "Total Revenue": 885,
        "Gross Profit": 364,
        "Operating Income": 291,
        "EBIT": 394,
        "Net Income": 171
    },
    "2015-03-31": {
        "Diluted EPS": 0.05,
        "Total Revenue": 643,
        "Gross Profit": 128,
        "Operating Income": 35,
        "EBIT": 138,
        "Net Income": 9
    },
    "2014-12-31": {
        "Diluted EPS": 0.34,
        "Total Revenue": 706,
        "Gross Profit": 238,
        "Operating Income": 133,
        "EBIT": 225,
        "Net Income": 67
    },
    "2014-09-30": {
        "Diluted EPS": 0.8,
        "Total Revenue": 906,
        "Gross Profit": 367,
        "Operating Income": 276,
        "EBIT": 369,
        "Net Income": 156
    },
    "2014-06-30": {
        "Diluted EPS": 0.64,
        "Total Revenue": 819,
        "Gross Profit": 307,
        "Operating Income": 219,
        "EBIT": 307,
        "Net Income": 124
    },
    "2014-03-31": {
        "Diluted EPS": 0.2,
        "Total Revenue": 602,
        "Gross Profit": 179,
        "Operating Income": 82,
        "EBIT": 167,
        "Net Income": 39
    },
    "2013-12-31": {
        "Diluted EPS": 0.27,
        "Total Revenue": 645,
        "Gross Profit": 206,
        "Operating Income": 106,
        "EBIT": 183,
        "Net Income": 52
    },
    "2013-09-30": {
        "Diluted EPS": 0.71,
        "Total Revenue": 839,
        "Gross Profit": 335,
        "Operating Income": 240,
        "EBIT": 319,
        "Net Income": 138
    },
    "2013-06-30": {
        "Diluted EPS": 0.58,
        "Total Revenue": 749,
        "Gross Profit": 291,
        "Operating Income": 202,
        "EBIT": 275,
        "Net Income": 113
    },
    "2013-03-31": {
        "Diluted EPS": 0.19,
        "Total Revenue": 564,
        "Gross Profit": 168,
        "Operating Income": 72,
        "EBIT": 148,
        "Net Income": 38
    },
    "2012-12-31": {
        "Diluted EPS": 0.19,
        "Total Revenue": 582,
        "Gross Profit": 175,
        "Operating Income": 82,
        "EBIT": 150,
        "Net Income": 37
    },
    "2012-09-30": {
        "Diluted EPS": 0.56,
        "Total Revenue": 744,
        "Gross Profit": 286,
        "Operating Income": 194,
        "EBIT": 262,
        "Net Income": 109
    },
    "2012-06-30": {
        "Diluted EPS": 0.41,
        "Total Revenue": 668,
        "Gross Profit": 243,
        "Operating Income": 151,
        "EBIT": 217,
        "Net Income": 81
    },
    "2012-03-31": {
        "Diluted EPS": 0.13,
        "Total Revenue": 533,
        "Gross Profit": 154,
        "Operating Income": 58,
        "EBIT": 124,
        "Net Income": 25
    },
    "2011-12-31": {
        "Diluted EPS": 0.0,
        "Total Revenue": 633,
        "Gross Profit": 117,
        "Operating Income": 25,
        "EBIT": 86,
        "Net Income": 1
    },
    "2011-09-30": {
        "Diluted EPS": 0.52,
        "Total Revenue": 703,
        "Gross Profit": 268,
        "Operating Income": 184,
        "EBIT": 243,
        "Net Income": 101
    },
    "2011-06-30": {
        "Diluted EPS": 0.36,
        "Total Revenue": 643,
        "Gross Profit": 231,
        "Operating Income": 148,
        "EBIT": 207,
        "Net Income": 69
    },
    "2011-03-31": {
        "Diluted EPS": 0.05,
        "Total Revenue": 498,
        "Gross Profit": 130,
        "Operating Income": 40,
        "EBIT": 97,
        "Net Income": 10
    },
    "2010-12-31": {
        "Diluted EPS": 0.08,
        "Total Revenue": 530,
        "Gross Profit": 142,
        "Operating Income": 51,
        "EBIT": 106,
        "Net Income": 16
    },
    "2010-09-30": {
        "Diluted EPS": 0.42,
        "Total Revenue": 637,
        "Gross Profit": 242,
        "Operating Income": 158,
        "EBIT": 213,
        "Net Income": 82
    },
    "2010-06-30": {
        "Diluted EPS": 0.33,
        "Total Revenue": 586,
        "Gross Profit": 214,
        "Operating Income": 128,
        "EBIT": 183,
        "Net Income": 63
    },
    "2010-03-31": {
        "Diluted EPS": -0.04,
        "Total Revenue": 444,
        "Gross Profit": 105,
        "Operating Income": 10,
        "EBIT": 66,
        "Net Income": -8
    },
    "2009-12-31": {
        "Diluted EPS": 0.0,
        "Total Revenue": 464,
        "Gross Profit": 126,
        "Operating Income": 29,
        "EBIT": 87,
        "Net Income": 0
    },
    "2009-09-30": {
        "Diluted EPS": 0.21,
        "Total Revenue": 574,
        "Gross Profit": 195,
        "Operating Income": 96,
        "EBIT": 158,
        "Net Income": 42
    },
    "2009-06-30": {
        "Diluted EPS": 0.1,
        "Total Revenue": 521,
        "Gross Profit": 160,
        "Operating Income": 59,
        "EBIT": 119,
        "Net Income": 20
    },
    "2009-03-31": {
        "Diluted EPS": -0.2,
        "Total Revenue": 415,
        "Gross Profit": 79,
        "Operating Income": -32,
        "EBIT": 37,
        "Net Income": -39
    },
    "2023-06-30": {
        "Tax Effect Of Unusual Items": NaN,
        "Tax Rate For Calcs": NaN,
        "Normalized EBITDA": NaN,
        "Total Unusual Items": NaN,
        "Total Unusual Items Excluding Goodwill": NaN,
        "Net Income From Continuing Operation Net Minority Interest": NaN,
        "Reconciled Depreciation": NaN,
        "Reconciled Cost Of Revenue": NaN,
        "EBITDA": NaN,
        "EBIT": NaN,
        "Net Interest Income": NaN,
        "Interest Expense": NaN,
        "Interest Income": NaN,
        "Normalized Income": NaN,
        "Net Income From Continuing And Discontinued Operation": NaN,
        "Total Expenses": NaN,
        "Rent Expense Supplemental": NaN,
        "Total Operating Income As Reported": NaN,
        "Diluted Average Shares": NaN,
        "Basic Average Shares": NaN,
        "Diluted EPS": NaN,
        "Basic EPS": NaN,
        "Diluted NI Availto Com Stockholders": NaN,
        "Net Income Common Stockholders": NaN,
        "Otherunder Preferred Stock Dividend": NaN,
        "Net Income": NaN,
        "Net Income Including Noncontrolling Interests": NaN,
        "Net Income Continuous Operations": NaN,
        "Tax Provision": NaN,
        "Pretax Income": NaN,
        "Other Income Expense": NaN,
        "Other Non Operating Income Expenses": NaN,
        "Special Income Charges": NaN,
        "Gain On Sale Of Ppe": NaN,
        "Other Special Charges": NaN,
        "Restructuring And Mergern Acquisition": NaN,
        "Gain On Sale Of Security": NaN,
        "Net Non Operating Interest Income Expense": NaN,
        "Total Other Finance Cost": NaN,
        "Interest Expense Non Operating": NaN,
        "Interest Income Non Operating": NaN,
        "Operating Income": NaN,
        "Operating Expense": NaN,
        "Other Operating Expenses": NaN,
        "Depreciation Amortization Depletion Income Statement": NaN,
        "Depreciation And Amortization In Income Statement": NaN,
        "Depreciation Income Statement": NaN,
        "Selling General And Administration": NaN,
        "General And Administrative Expense": NaN,
        "Rent And Landing Fees": NaN,
        "Salaries And Wages": 365000.0,
        "Gross Profit": NaN,
        "Cost Of Revenue": NaN,
        "Total Revenue": NaN,
        "Operating Revenue": NaN
    },
    "2023-09-30": {
        "Tax Effect Of Unusual Items": NaN,
        "Tax Rate For Calcs": NaN,
        "Normalized EBITDA": NaN,
        "Total Unusual Items": NaN,
        "Total Unusual Items Excluding Goodwill": NaN,
        "Net Income From Continuing Operation Net Minority Interest": NaN,
        "Reconciled Depreciation": NaN,
        "Reconciled Cost Of Revenue": NaN,
        "EBITDA": NaN,
        "EBIT": NaN,
        "Net Interest Income": NaN,
        "Interest Expense": NaN,
        "Interest Income": NaN,
        "Normalized Income": NaN,
        "Net Income From Continuing And Discontinued Operation": NaN,
        "Total Expenses": NaN,
        "Rent Expense Supplemental": NaN,
        "Total Operating Income As Reported": NaN,
        "Diluted Average Shares": NaN,
        "Basic Average Shares": NaN,
        "Diluted EPS": NaN,
        "Basic EPS": NaN,
        "Diluted NI Availto Com Stockholders": NaN,
        "Net Income Common Stockholders": NaN,
        "Otherunder Preferred Stock Dividend": NaN,
        "Net Income": NaN,
        "Net Income Including Noncontrolling Interests": NaN,
        "Net Income Continuous Operations": NaN,
        "Tax Provision": NaN,
        "Pretax Income": NaN,
        "Other Income Expense": NaN,
        "Other Non Operating Income Expenses": NaN,
        "Special Income Charges": NaN,
        "Gain On Sale Of Ppe": 46803000.0,
        "Other Special Charges": NaN,
        "Restructuring And Mergern Acquisition": NaN,
        "Gain On Sale Of Security": NaN,
        "Net Non Operating Interest Income Expense": NaN,
        "Total Other Finance Cost": NaN,
        "Interest Expense Non Operating": NaN,
        "Interest Income Non Operating": NaN,
        "Operating Income": NaN,
        "Operating Expense": NaN,
        "Other Operating Expenses": NaN,
        "Depreciation Amortization Depletion Income Statement": NaN,
        "Depreciation And Amortization In Income Statement": NaN,
        "Depreciation Income Statement": NaN,
        "Selling General And Administration": NaN,
        "General And Administrative Expense": NaN,
        "Rent And Landing Fees": NaN,
        "Salaries And Wages": NaN,
        "Gross Profit": NaN,
        "Cost Of Revenue": NaN,
        "Total Revenue": NaN,
        "Operating Revenue": NaN
    },
    "2023-12-31": {
        "Tax Effect Of Unusual Items": NaN,
        "Tax Rate For Calcs": NaN,
        "Normalized EBITDA": NaN,
        "Total Unusual Items": NaN,
        "Total Unusual Items Excluding Goodwill": NaN,
        "Net Income From Continuing Operation Net Minority Interest": NaN,
        "Reconciled Depreciation": NaN,
        "Reconciled Cost Of Revenue": NaN,
        "EBITDA": NaN,
        "EBIT": NaN,
        "Net Interest Income": NaN,
        "Interest Expense": NaN,
        "Interest Income": NaN,
        "Normalized Income": NaN,
        "Net Income From Continuing And Discontinued Operation": NaN,
        "Total Expenses": NaN,
        "Rent Expense Supplemental": NaN,
        "Total Operating Income As Reported": NaN,
        "Diluted Average Shares": NaN,
        "Basic Average Shares": NaN,
        "Diluted EPS": NaN,
        "Basic EPS": NaN,
        "Diluted NI Availto Com Stockholders": NaN,
        "Net Income Common Stockholders": NaN,
        "Otherunder Preferred Stock Dividend": NaN,
        "Net Income": NaN,
        "Net Income Including Noncontrolling Interests": NaN,
        "Net Income Continuous Operations": NaN,
        "Tax Provision": NaN,
        "Pretax Income": NaN,
        "Other Income Expense": NaN,
        "Other Non Operating Income Expenses": NaN,
        "Special Income Charges": NaN,
        "Gain On Sale Of Ppe": 36189000.0,
        "Other Special Charges": NaN,
        "Restructuring And Mergern Acquisition": NaN,
        "Gain On Sale Of Security": NaN,
        "Net Non Operating Interest Income Expense": NaN,
        "Total Other Finance Cost": NaN,
        "Interest Expense Non Operating": NaN,
        "Interest Income Non Operating": NaN,
        "Operating Income": NaN,
        "Operating Expense": NaN,
        "Other Operating Expenses": NaN,
        "Depreciation Amortization Depletion Income Statement": NaN,
        "Depreciation And Amortization In Income Statement": NaN,
        "Depreciation Income Statement": NaN,
        "Selling General And Administration": NaN,
        "General And Administrative Expense": NaN,
        "Rent And Landing Fees": NaN,
        "Salaries And Wages": NaN,
        "Gross Profit": NaN,
        "Cost Of Revenue": NaN,
        "Total Revenue": NaN,
        "Operating Revenue": NaN
    },
    "2024-03-31": {
        "Tax Effect Of Unusual Items": NaN,
        "Tax Rate For Calcs": NaN,
        "Normalized EBITDA": NaN,
        "Total Unusual Items": NaN,
        "Total Unusual Items Excluding Goodwill": NaN,
        "Net Income From Continuing Operation Net Minority Interest": NaN,
        "Reconciled Depreciation": NaN,
        "Reconciled Cost Of Revenue": NaN,
        "EBITDA": NaN,
        "EBIT": NaN,
        "Net Interest Income": NaN,
        "Interest Expense": NaN,
        "Interest Income": NaN,
        "Normalized Income": NaN,
        "Net Income From Continuing And Discontinued Operation": NaN,
        "Total Expenses": NaN,
        "Rent Expense Supplemental": NaN,
        "Total Operating Income As Reported": NaN,
        "Diluted Average Shares": 196077880.0,
        "Basic Average Shares": 196077880.0,
        "Diluted EPS": -0.05,
        "Basic EPS": -0.05,
        "Diluted NI Availto Com Stockholders": NaN,
        "Net Income Common Stockholders": NaN,
        "Otherunder Preferred Stock Dividend": NaN,
        "Net Income": NaN,
        "Net Income Including Noncontrolling Interests": NaN,
        "Net Income Continuous Operations": NaN,
        "Tax Provision": NaN,
        "Pretax Income": NaN,
        "Other Income Expense": NaN,
        "Other Non Operating Income Expenses": NaN,
        "Special Income Charges": NaN,
        "Gain On Sale Of Ppe": NaN,
        "Other Special Charges": NaN,
        "Restructuring And Mergern Acquisition": NaN,
        "Gain On Sale Of Security": NaN,
        "Net Non Operating Interest Income Expense": NaN,
        "Total Other Finance Cost": NaN,
        "Interest Expense Non Operating": NaN,
        "Interest Income Non Operating": NaN,
        "Operating Income": NaN,
        "Operating Expense": NaN,
        "Other Operating Expenses": NaN,
        "Depreciation Amortization Depletion Income Statement": NaN,
        "Depreciation And Amortization In Income Statement": NaN,
        "Depreciation Income Statement": NaN,
        "Selling General And Administration": NaN,
        "General And Administrative Expense": NaN,
        "Rent And Landing Fees": NaN,
        "Salaries And Wages": NaN,
        "Gross Profit": NaN,
        "Cost Of Revenue": NaN,
        "Total Revenue": NaN,
        "Operating Revenue": NaN
    },
    "2024-06-30": {
        "Tax Effect Of Unusual Items": NaN,
        "Tax Rate For Calcs": NaN,
        "Normalized EBITDA": NaN,
        "Total Unusual Items": NaN,
        "Total Unusual Items Excluding Goodwill": NaN,
        "Net Income From Continuing Operation Net Minority Interest": NaN,
        "Reconciled Depreciation": NaN,
        "Reconciled Cost Of Revenue": NaN,
        "EBITDA": NaN,
        "EBIT": NaN,
        "Net Interest Income": NaN,
        "Interest Expense": NaN,
        "Interest Income": NaN,
        "Normalized Income": NaN,
        "Net Income From Continuing And Discontinued Operation": NaN,
        "Total Expenses": NaN,
        "Rent Expense Supplemental": NaN,
        "Total Operating Income As Reported": NaN,
        "Diluted Average Shares": NaN,
        "Basic Average Shares": NaN,
        "Diluted EPS": NaN,
        "Basic EPS": NaN,
        "Diluted NI Availto Com Stockholders": NaN,
        "Net Income Common Stockholders": NaN,
        "Otherunder Preferred Stock Dividend": NaN,
        "Net Income": NaN,
        "Net Income Including Noncontrolling Interests": NaN,
        "Net Income Continuous Operations": NaN,
        "Tax Provision": NaN,
        "Pretax Income": NaN,
        "Other Income Expense": NaN,
        "Other Non Operating Income Expenses": NaN,
        "Special Income Charges": NaN,
        "Gain On Sale Of Ppe": NaN,
        "Other Special Charges": 495000.0,
        "Restructuring And Mergern Acquisition": NaN,
        "Gain On Sale Of Security": NaN,
        "Net Non Operating Interest Income Expense": NaN,
        "Total Other Finance Cost": NaN,
        "Interest Expense Non Operating": NaN,
        "Interest Income Non Operating": NaN,
        "Operating Income": NaN,
        "Operating Expense": NaN,
        "Other Operating Expenses": NaN,
        "Depreciation Amortization Depletion Income Statement": NaN,
        "Depreciation And Amortization In Income Statement": NaN,
        "Depreciation Income Statement": NaN,
        "Selling General And Administration": NaN,
        "General And Administrative Expense": NaN,
        "Rent And Landing Fees": NaN,
        "Salaries And Wages": 372000.0,
        "Gross Profit": NaN,
        "Cost Of Revenue": NaN,
        "Total Revenue": NaN,
        "Operating Revenue": NaN
    },
    "2024-09-30": {
        "Tax Effect Of Unusual Items": NaN,
        "Tax Rate For Calcs": NaN,
        "Normalized EBITDA": NaN,
        "Total Unusual Items": NaN,
        "Total Unusual Items Excluding Goodwill": NaN,
        "Net Income From Continuing Operation Net Minority Interest": NaN,
        "Reconciled Depreciation": NaN,
        "Reconciled Cost Of Revenue": NaN,
        "EBITDA": NaN,
        "EBIT": NaN,
        "Net Interest Income": NaN,
        "Interest Expense": NaN,
        "Interest Income": NaN,
        "Normalized Income": NaN,
        "Net Income From Continuing And Discontinued Operation": NaN,
        "Total Expenses": NaN,
        "Rent Expense Supplemental": NaN,
        "Total Operating Income As Reported": NaN,
        "Diluted Average Shares": NaN,
        "Basic Average Shares": NaN,
        "Diluted EPS": NaN,
        "Basic EPS": NaN,
        "Diluted NI Availto Com Stockholders": NaN,
        "Net Income Common Stockholders": NaN,
        "Otherunder Preferred Stock Dividend": NaN,
        "Net Income": NaN,
        "Net Income Including Noncontrolling Interests": NaN,
        "Net Income Continuous Operations": NaN,
        "Tax Provision": NaN,
        "Pretax Income": NaN,
        "Other Income Expense": NaN,
        "Other Non Operating Income Expenses": NaN,
        "Special Income Charges": NaN,
        "Gain On Sale Of Ppe": 17555000.0,
        "Other Special Charges": NaN,
        "Restructuring And Mergern Acquisition": NaN,
        "Gain On Sale Of Security": NaN,
        "Net Non Operating Interest Income Expense": NaN,
        "Total Other Finance Cost": NaN,
        "Interest Expense Non Operating": NaN,
        "Interest Income Non Operating": NaN,
        "Operating Income": NaN,
        "Operating Expense": NaN,
        "Other Operating Expenses": NaN,
        "Depreciation Amortization Depletion Income Statement": NaN,
        "Depreciation And Amortization In Income Statement": NaN,
        "Depreciation Income Statement": NaN,
        "Selling General And Administration": NaN,
        "General And Administrative Expense": NaN,
        "Rent And Landing Fees": NaN,
        "Salaries And Wages": NaN,
        "Gross Profit": NaN,
        "Cost Of Revenue": NaN,
        "Total Revenue": NaN,
        "Operating Revenue": NaN
    },
    "2024-12-31": {
        "Tax Effect Of Unusual Items": -1076925.0,
        "Tax Rate For Calcs": 0.249,
        "Normalized EBITDA": 422229000.0,
        "Total Unusual Items": -4325000.0,
        "Total Unusual Items Excluding Goodwill": -4325000.0,
        "Net Income From Continuing Operation Net Minority Interest": 67166000.0,
        "Reconciled Depreciation": 252335000.0,
        "Reconciled Cost Of Revenue": 193763000.0,
        "EBITDA": 417904000.0,
        "EBIT": 165569000.0,
        "Net Interest Income": -60943000.0,
        "Interest Expense": 76152000.0,
        "Interest Income": 16599000.0,
        "Normalized Income": 70414075.0,
        "Net Income From Continuing And Discontinued Operation": 67166000.0,
        "Total Expenses": 1233501000.0,
        "Rent Expense Supplemental": 5052000.0,
        "Total Operating Income As Reported": 150732000.0,
        "Diluted Average Shares": 196077880.0,
        "Basic Average Shares": 196077880.0,
        "Diluted EPS": 0.3,
        "Basic EPS": 0.3,
        "Diluted NI Availto Com Stockholders": 58342000.0,
        "Net Income Common Stockholders": 58342000.0,
        "Otherunder Preferred Stock Dividend": 8824000.0,
        "Net Income": 67166000.0,
        "Net Income Including Noncontrolling Interests": 67166000.0,
        "Net Income Continuous Operations": 67166000.0,
        "Tax Provision": 22251000.0,
        "Pretax Income": 89417000.0,
        "Other Income Expense": -4697000.0,
        "Other Non Operating Income Expenses": -372000.0,
        "Special Income Charges": -967000.0,
        "Gain On Sale Of Ppe": 3526000.0,
        "Other Special Charges": NaN,
        "Restructuring And Mergern Acquisition": 4493000.0,
        "Gain On Sale Of Security": -3358000.0,
        "Net Non Operating Interest Income Expense": -60943000.0,
        "Total Other Finance Cost": 1390000.0,
        "Interest Expense Non Operating": 76152000.0,
        "Interest Income Non Operating": 16599000.0,
        "Operating Income": 155057000.0,
        "Operating Expense": 1037020000.0,
        "Other Operating Expenses": 782351000.0,
        "Depreciation Amortization Depletion Income Statement": 249617000.0,
        "Depreciation And Amortization In Income Statement": 249617000.0,
        "Depreciation Income Statement": 249617000.0,
        "Selling General And Administration": 5052000.0,
        "General And Administrative Expense": 5052000.0,
        "Rent And Landing Fees": 5052000.0,
        "Salaries And Wages": NaN,
        "Gross Profit": 1192077000.0,
        "Cost Of Revenue": 196481000.0,
        "Total Revenue": 1388558000.0,
        "Operating Revenue": 1276812000.0
    },
    "2025-03-31": {
        "Tax Effect Of Unusual Items": -11229960.589972,
        "Tax Rate For Calcs": 0.281389,
        "Normalized EBITDA": 260654000.0,
        "Total Unusual Items": -39909000.0,
        "Total Unusual Items Excluding Goodwill": -39909000.0,
        "Net Income From Continuing Operation Net Minority Interest": -82291000.0,
        "Reconciled Depreciation": 255721000.0,
        "Reconciled Cost Of Revenue": 163248000.0,
        "EBITDA": 220745000.0,
        "EBIT": -34976000.0,
        "Net Interest Income": -71366000.0,
        "Interest Expense": 79538000.0,
        "Interest Income": 9601000.0,
        "Normalized Income": -53611960.589972,
        "Net Income From Continuing And Discontinued Operation": -82291000.0,
        "Total Expenses": 1236376000.0,
        "Rent Expense Supplemental": 5117000.0,
        "Total Operating Income As Reported": -42776000.0,
        "Diluted Average Shares": 196077880.0,
        "Basic Average Shares": 196077880.0,
        "Diluted EPS": -0.46,
        "Basic EPS": -0.46,
        "Diluted NI Availto Com Stockholders": -91114000.0,
        "Net Income Common Stockholders": -91114000.0,
        "Otherunder Preferred Stock Dividend": 8823000.0,
        "Net Income": -82291000.0,
        "Net Income Including Noncontrolling Interests": -82291000.0,
        "Net Income Continuous Operations": -82291000.0,
        "Tax Provision": -32223000.0,
        "Pretax Income": -114514000.0,
        "Other Income Expense": -40281000.0,
        "Other Non Operating Income Expenses": -372000.0,
        "Special Income Charges": -33604000.0,
        "Gain On Sale Of Ppe": NaN,
        "Other Special Charges": 0.0,
        "Restructuring And Mergern Acquisition": 4755000.0,
        "Gain On Sale Of Security": -6305000.0,
        "Net Non Operating Interest Income Expense": -71366000.0,
        "Total Other Finance Cost": 1429000.0,
        "Interest Expense Non Operating": 79538000.0,
        "Interest Income Non Operating": 9601000.0,
        "Operating Income": -2867000.0,
        "Operating Expense": 1056836000.0,
        "Other Operating Expenses": 812290000.0,
        "Depreciation Amortization Depletion Income Statement": 239429000.0,
        "Depreciation And Amortization In Income Statement": 239429000.0,
        "Depreciation Income Statement": 239429000.0,
        "Selling General And Administration": 5117000.0,
        "General And Administrative Expense": 5117000.0,
        "Rent And Landing Fees": 5117000.0,
        "Salaries And Wages": NaN,
        "Gross Profit": 1053969000.0,
        "Cost Of Revenue": 179540000.0,
        "Total Revenue": 1233509000.0,
        "Operating Revenue": 1136993000.0
    },
    "2025-06-30": {
        "Tax Effect Of Unusual Items": -5860088.0,
        "Tax Rate For Calcs": 0.232,
        "Normalized EBITDA": 576305000.0,
        "Total Unusual Items": -25259000.0,
        "Total Unusual Items Excluding Goodwill": -25259000.0,
        "Net Income From Continuing Operation Net Minority Interest": 142331000.0,
        "Reconciled Depreciation": 284340000.0,
        "Reconciled Cost Of Revenue": 231860000.0,
        "EBITDA": 551046000.0,
        "EBIT": 266706000.0,
        "Net Interest Income": -71661000.0,
        "Interest Expense": 81325000.0,
        "Interest Income": 11196000.0,
        "Normalized Income": 161729912.0,
        "Net Income From Continuing And Discontinued Operation": 142331000.0,
        "Total Expenses": 1347823000.0,
        "Rent Expense Supplemental": 4874000.0,
        "Total Operating Income As Reported": 257414000.0,
        "Diluted Average Shares": 196077880.0,
        "Basic Average Shares": 196077880.0,
        "Diluted EPS": 0.68,
        "Basic EPS": 0.68,
        "Diluted NI Availto Com Stockholders": 133507000.0,
        "Net Income Common Stockholders": 133507000.0,
        "Otherunder Preferred Stock Dividend": 8824000.0,
        "Net Income": 142331000.0,
        "Net Income Including Noncontrolling Interests": 142331000.0,
        "Net Income Continuous Operations": 142331000.0,
        "Tax Provision": 43050000.0,
        "Pretax Income": 185381000.0,
        "Other Income Expense": -25605000.0,
        "Other Non Operating Income Expenses": -346000.0,
        "Special Income Charges": -26876000.0,
        "Gain On Sale Of Ppe": -21933000.0,
        "Other Special Charges": 26000.0,
        "Restructuring And Mergern Acquisition": 4917000.0,
        "Gain On Sale Of Security": 1617000.0,
        "Net Non Operating Interest Income Expense": -71661000.0,
        "Total Other Finance Cost": 1532000.0,
        "Interest Expense Non Operating": 81325000.0,
        "Interest Income Non Operating": 11196000.0,
        "Operating Income": 282647000.0,
        "Operating Expense": 1113699000.0,
        "Other Operating Expenses": 826749000.0,
        "Depreciation Amortization Depletion Income Statement": 282076000.0,
        "Depreciation And Amortization In Income Statement": 282076000.0,
        "Depreciation Income Statement": 282076000.0,
        "Selling General And Administration": 4874000.0,
        "General And Administrative Expense": 4874000.0,
        "Rent And Landing Fees": 4874000.0,
        "Salaries And Wages": NaN,
        "Gross Profit": 1396346000.0,
        "Cost Of Revenue": 234124000.0,
        "Total Revenue": 1630470000.0,
        "Operating Revenue": 1476398000.0
    },
    "2025-09-30": {
        "Tax Effect Of Unusual Items": -10990168.0,
        "Tax Rate For Calcs": 0.229,
        "Normalized EBITDA": 578645000.0,
        "Total Unusual Items": -47992000.0,
        "Total Unusual Items Excluding Goodwill": -47992000.0,
        "Net Income From Continuing Operation Net Minority Interest": 105550000.0,
        "Reconciled Depreciation": 304398000.0,
        "Reconciled Cost Of Revenue": 235325000.0,
        "EBITDA": 530653000.0,
        "EBIT": 226255000.0,
        "Net Interest Income": -80290000.0,
        "Interest Expense": 89296000.0,
        "Interest Income": 10577000.0,
        "Normalized Income": 142551832.0,
        "Net Income From Continuing And Discontinued Operation": 105550000.0,
        "Total Expenses": 1454336000.0,
        "Rent Expense Supplemental": 5071000.0,
        "Total Operating Income As Reported": 217594000.0,
        "Diluted Average Shares": 196077880.0,
        "Basic Average Shares": 196077880.0,
        "Diluted EPS": 0.49,
        "Basic EPS": 0.49,
        "Diluted NI Availto Com Stockholders": 96727000.0,
        "Net Income Common Stockholders": 96727000.0,
        "Otherunder Preferred Stock Dividend": 8823000.0,
        "Net Income": 105550000.0,
        "Net Income Including Noncontrolling Interests": 105550000.0,
        "Net Income Continuous Operations": 105550000.0,
        "Tax Provision": 31409000.0,
        "Pretax Income": 136959000.0,
        "Other Income Expense": -48337000.0,
        "Other Non Operating Income Expenses": -345000.0,
        "Special Income Charges": -43461000.0,
        "Gain On Sale Of Ppe": -38499000.0,
        "Other Special Charges": NaN,
        "Restructuring And Mergern Acquisition": 4962000.0,
        "Gain On Sale Of Security": -4531000.0,
        "Net Non Operating Interest Income Expense": -80290000.0,
        "Total Other Finance Cost": 1571000.0,
        "Interest Expense Non Operating": 89296000.0,
        "Interest Income Non Operating": 10577000.0,
        "Operating Income": 265586000.0,
        "Operating Expense": 1216722000.0,
        "Other Operating Expenses": 909542000.0,
        "Depreciation Amortization Depletion Income Statement": 302109000.0,
        "Depreciation And Amortization In Income Statement": 302109000.0,
        "Depreciation Income Statement": 302109000.0,
        "Selling General And Administration": 5071000.0,
        "General And Administrative Expense": 5071000.0,
        "Rent And Landing Fees": 5071000.0,
        "Salaries And Wages": NaN,
        "Gross Profit": 1482308000.0,
        "Cost Of Revenue": 237614000.0,
        "Total Revenue": 1719922000.0,
        "Operating Revenue": 1542890000.0
    },
    "2025-12-31": {
        "Tax Effect Of Unusual Items": -9644923.0,
        "Tax Rate For Calcs": 0.283,
        "Normalized EBITDA": 377856000.0,
        "Total Unusual Items": -34081000.0,
        "Total Unusual Items Excluding Goodwill": -34081000.0,
        "Net Income From Continuing Operation Net Minority Interest": -36968000.0,
        "Reconciled Depreciation": 301179000.0,
        "Reconciled Cost Of Revenue": 193944000.0,
        "EBITDA": 343775000.0,
        "EBIT": 42596000.0,
        "Net Interest Income": -84743000.0,
        "Interest Expense": 94176000.0,
        "Interest Income": 11212000.0,
        "Normalized Income": -12531923.0,
        "Net Income From Continuing And Discontinued Operation": -36968000.0,
        "Total Expenses": 1348018000.0,
        "Rent Expense Supplemental": 4281000.0,
        "Total Operating Income As Reported": 33672000.0,
        "Diluted Average Shares": 196077880.0,
        "Basic Average Shares": 196077880.0,
        "Diluted EPS": -0.23,
        "Basic EPS": -0.23,
        "Diluted NI Availto Com Stockholders": -45792000.0,
        "Net Income Common Stockholders": -45792000.0,
        "Otherunder Preferred Stock Dividend": 8824000.0,
        "Net Income": -36968000.0,
        "Net Income Including Noncontrolling Interests": -36968000.0,
        "Net Income Continuous Operations": -36968000.0,
        "Tax Provision": -14612000.0,
        "Pretax Income": -51580000.0,
        "Other Income Expense": -34427000.0,
        "Other Non Operating Income Expenses": -346000.0,
        "Special Income Charges": -31385000.0,
        "Gain On Sale Of Ppe": -26300000.0,
        "Other Special Charges": 163000.0,
        "Restructuring And Mergern Acquisition": 4922000.0,
        "Gain On Sale Of Security": -2696000.0,
        "Net Non Operating Interest Income Expense": -84743000.0,
        "Total Other Finance Cost": 1779000.0,
        "Interest Expense Non Operating": 94176000.0,
        "Interest Income Non Operating": 11212000.0,
        "Operating Income": 67590000.0,
        "Operating Expense": 1151814000.0,
        "Other Operating Expenses": 848614000.0,
        "Depreciation Amortization Depletion Income Statement": 298919000.0,
        "Depreciation And Amortization In Income Statement": 298919000.0,
        "Depreciation Income Statement": 298919000.0,
        "Selling General And Administration": 4281000.0,
        "General And Administrative Expense": 4281000.0,
        "Rent And Landing Fees": 4281000.0,
        "Salaries And Wages": NaN,
        "Gross Profit": 1219404000.0,
        "Cost Of Revenue": 196204000.0,
        "Total Revenue": 1415608000.0,
        "Operating Revenue": 1304438000.0
    }
}