{
    "2024-03-31": {
        "Tax Effect Of Unusual Items": 5539800.0,
        "Tax Rate For Calcs": 0.21,
        "Normalized EBITDA": -26787000.0,
        "Total Unusual Items": 26380000.0,
        "Total Unusual Items Excluding Goodwill": 26380000.0,
        "Net Income From Continuing Operation Net Minority Interest": 24938000.0,
        "Reconciled Depreciation": 553000.0,
        "Reconciled Cost Of Revenue": 84744000.0,
        "EBITDA": -407000.0,
        "EBIT": -960000.0,
        "Normalized Income": 4097800.0,
        "Net Income From Continuing And Discontinued Operation": 24938000.0,
        "Total Expenses": 101798000.0,
        "Total Operating Income As Reported": -960000.0,
        "Diluted Average Shares": 63111404.0,
        "Basic Average Shares": 48362589.0,
        "Diluted EPS": 0.44,
        "Basic EPS": 0.52,
        "Diluted NI Availto Com Stockholders": 24938000.0,
        "Average Dilution Earnings": NaN,
        "Net Income Common Stockholders": 24938000.0,
        "Net Income": 24938000.0,
        "Net Income Including Noncontrolling Interests": 24938000.0,
        "Net Income Continuous Operations": 24938000.0,
        "Tax Provision": -1163000.0,
        "Pretax Income": 23775000.0,
        "Other Income Expense": 24735000.0,
        "Other Non Operating Income Expenses": -1963000.0,
        "Earnings From Equity Interest": 318000.0,
        "Gain On Sale Of Security": 26380000.0,
        "Operating Income": -960000.0,
        "Operating Expense": 17054000.0,
        "Selling General And Administration": 17054000.0,
        "Gross Profit": 16094000.0,
        "Cost Of Revenue": 84744000.0,
        "Total Revenue": 100838000.0,
        "Operating Revenue": 100838000.0
    },
    "2023-12-31": {
        "Tax Effect Of Unusual Items": -14506171.26,
        "Tax Rate For Calcs": 0.21,
        "Normalized EBITDA": 72806856.0,
        "Total Unusual Items": -69077006.0,
        "Total Unusual Items Excluding Goodwill": -69077006.0,
        "Net Income From Continuing Operation Net Minority Interest": -66640834.0,
        "Reconciled Depreciation": 551790.0,
        "Reconciled Cost Of Revenue": 95207607.0,
        "EBITDA": 3729850.0,
        "EBIT": 3178060.0,
        "Normalized Income": -12069999.26,
        "Net Income From Continuing And Discontinued Operation": -66640834.0,
        "Total Expenses": 113649619.0,
        "Total Operating Income As Reported": 3178060.0,
        "Diluted Average Shares": 48356158.0,
        "Basic Average Shares": 48356158.0,
        "Diluted EPS": -1.38,
        "Basic EPS": -1.38,
        "Diluted NI Availto Com Stockholders": -66640834.0,
        "Average Dilution Earnings": NaN,
        "Net Income Common Stockholders": -66640834.0,
        "Net Income": -66640834.0,
        "Net Income Including Noncontrolling Interests": -66640834.0,
        "Net Income Continuous Operations": -66640834.0,
        "Tax Provision": 584716.0,
        "Pretax Income": -66056118.0,
        "Other Income Expense": -69234178.0,
        "Other Non Operating Income Expenses": -470858.0,
        "Earnings From Equity Interest": 313686.0,
        "Gain On Sale Of Security": -69077006.0,
        "Operating Income": 3178060.0,
        "Operating Expense": 18442012.0,
        "Selling General And Administration": 18442012.0,
        "Gross Profit": 21620072.0,
        "Cost Of Revenue": 95207607.0,
        "Total Revenue": 116827679.0,
        "Operating Revenue": 116827679.0
    },
    "2023-09-30": {
        "Tax Effect Of Unusual Items": NaN,
        "Tax Rate For Calcs": NaN,
        "Normalized EBITDA": NaN,
        "Total Unusual Items": NaN,
        "Total Unusual Items Excluding Goodwill": NaN,
        "Net Income From Continuing Operation Net Minority Interest": NaN,
        "Reconciled Depreciation": NaN,
        "Reconciled Cost Of Revenue": NaN,
        "EBITDA": NaN,
        "EBIT": NaN,
        "Normalized Income": NaN,
        "Net Income From Continuing And Discontinued Operation": NaN,
        "Total Expenses": NaN,
        "Total Operating Income As Reported": NaN,
        "Diluted Average Shares": NaN,
        "Basic Average Shares": NaN,
        "Diluted EPS": NaN,
        "Basic EPS": NaN,
        "Diluted NI Availto Com Stockholders": NaN,
        "Average Dilution Earnings": 1502414.0,
        "Net Income Common Stockholders": NaN,
        "Net Income": NaN,
        "Net Income Including Noncontrolling Interests": NaN,
        "Net Income Continuous Operations": NaN,
        "Tax Provision": NaN,
        "Pretax Income": NaN,
        "Other Income Expense": NaN,
        "Other Non Operating Income Expenses": NaN,
        "Earnings From Equity Interest": NaN,
        "Gain On Sale Of Security": NaN,
        "Operating Income": NaN,
        "Operating Expense": NaN,
        "Selling General And Administration": NaN,
        "Gross Profit": NaN,
        "Cost Of Revenue": NaN,
        "Total Revenue": NaN,
        "Operating Revenue": NaN
    },
    "2023-06-30": {
        "Tax Effect Of Unusual Items": 2596887.253913,
        "Tax Rate For Calcs": 0.010716,
        "Normalized EBITDA": -234519739.0,
        "Total Unusual Items": 242342979.0,
        "Total Unusual Items Excluding Goodwill": 242342979.0,
        "Net Income From Continuing Operation Net Minority Interest": 245362759.0,
        "Reconciled Depreciation": 241078.0,
        "Reconciled Cost Of Revenue": 98174149.0,
        "EBITDA": 7823240.0,
        "EBIT": 7582162.0,
        "Normalized Income": 5616667.253913,
        "Net Income From Continuing And Discontinued Operation": 245362759.0,
        "Total Expenses": 114509467.0,
        "Total Operating Income As Reported": 7582162.0,
        "Diluted Average Shares": 57874253.0,
        "Basic Average Shares": 48122141.0,
        "Diluted EPS": 4.27,
        "Basic EPS": 5.1,
        "Diluted NI Availto Com Stockholders": 245362759.0,
        "Net Income Common Stockholders": 245362759.0,
        "Net Income": 245362759.0,
        "Net Income Including Noncontrolling Interests": 245362759.0,
        "Net Income Continuous Operations": 245362759.0,
        "Tax Provision": 2657726.0,
        "Pretax Income": 248020485.0,
        "Other Income Expense": 240438323.0,
        "Other Non Operating Income Expenses": -2295330.0,
        "Earnings From Equity Interest": 390674.0,
        "Gain On Sale Of Security": 242342979.0,
        "Operating Income": 7582162.0,
        "Operating Expense": 16335318.0,
        "Selling General And Administration": 16335318.0,
        "Gross Profit": 23917480.0,
        "Cost Of Revenue": 98174149.0,
        "Total Revenue": 122091629.0,
        "Operating Revenue": 122091629.0
    },
    "2023-03-31": {
        "Tax Effect Of Unusual Items": -2026539.162811,
        "Tax Rate For Calcs": 0.009787,
        "Normalized EBITDA": 207452940.0,
        "Total Unusual Items": -207064488.0,
        "Total Unusual Items Excluding Goodwill": -207064488.0,
        "Net Income From Continuing Operation Net Minority Interest": -204504328.0,
        "Reconciled Depreciation": 298080.0,
        "Reconciled Cost Of Revenue": 78048929.0,
        "EBITDA": 388452.0,
        "EBIT": 90372.0,
        "Normalized Income": 533620.837189,
        "Net Income From Continuing And Discontinued Operation": -204504328.0,
        "Total Expenses": 94736330.0,
        "Total Operating Income As Reported": 90372.0,
        "Diluted Average Shares": 37575074.0,
        "Basic Average Shares": 37575074.0,
        "Diluted EPS": -5.44,
        "Basic EPS": -5.44,
        "Diluted NI Availto Com Stockholders": -204504328.0,
        "Net Income Common Stockholders": -204504328.0,
        "Net Income": -204504328.0,
        "Net Income Including Noncontrolling Interests": -204504328.0,
        "Net Income Continuous Operations": -204504328.0,
        "Tax Provision": -2021265.0,
        "Pretax Income": -206525593.0,
        "Other Income Expense": -206615965.0,
        "Other Non Operating Income Expenses": 202715.0,
        "Earnings From Equity Interest": 245808.0,
        "Gain On Sale Of Security": -207064488.0,
        "Operating Income": 90372.0,
        "Operating Expense": 16687401.0,
        "Selling General And Administration": 16687401.0,
        "Gross Profit": 16777773.0,
        "Cost Of Revenue": 78048929.0,
        "Total Revenue": 94826702.0,
        "Operating Revenue": 94826702.0
    },
    "2024-06-30": {
        "Tax Effect Of Unusual Items": 151497.080901,
        "Tax Rate For Calcs": 0.004726,
        "Normalized EBITDA": -31585000.0,
        "Total Unusual Items": 32055000.0,
        "Total Unusual Items Excluding Goodwill": 32055000.0,
        "Net Income From Continuing Operation Net Minority Interest": 28640000.0,
        "Reconciled Depreciation": 506000.0,
        "Reconciled Cost Of Revenue": 89842000.0,
        "EBITDA": 470000.0,
        "EBIT": -36000.0,
        "Normalized Income": -3263502.919099,
        "Net Income From Continuing And Discontinued Operation": 28640000.0,
        "Total Expenses": 109456000.0,
        "Total Operating Income As Reported": -36000.0,
        "Diluted Average Shares": 63372936.0,
        "Basic Average Shares": 48373812.0,
        "Diluted EPS": 0.5,
        "Basic EPS": 0.59,
        "Diluted NI Availto Com Stockholders": 28640000.0,
        "Average Dilution Earnings": NaN,
        "Net Income Common Stockholders": 28640000.0,
        "Net Income": 28640000.0,
        "Net Income Including Noncontrolling Interests": 28640000.0,
        "Net Income Continuous Operations": 28640000.0,
        "Tax Provision": 136000.0,
        "Pretax Income": 28776000.0,
        "Other Income Expense": 28812000.0,
        "Other Non Operating Income Expenses": -3582000.0,
        "Earnings From Equity Interest": 339000.0,
        "Gain On Sale Of Security": 32055000.0,
        "Operating Income": -36000.0,
        "Operating Expense": 19614000.0,
        "Selling General And Administration": 19614000.0,
        "Gross Profit": 19578000.0,
        "Cost Of Revenue": 89842000.0,
        "Total Revenue": 109420000.0,
        "Operating Revenue": 109420000.0
    },
    "2024-09-30": {
        "Tax Effect Of Unusual Items": -46395.774076,
        "Tax Rate For Calcs": 0.00596,
        "Normalized EBITDA": 11867000.0,
        "Total Unusual Items": -7785000.0,
        "Total Unusual Items Excluding Goodwill": -7785000.0,
        "Net Income From Continuing Operation Net Minority Interest": -7339000.0,
        "Reconciled Depreciation": 389000.0,
        "Reconciled Cost Of Revenue": 96261000.0,
        "EBITDA": 4082000.0,
        "EBIT": 3693000.0,
        "Normalized Income": 399604.225924,
        "Net Income From Continuing And Discontinued Operation": -7339000.0,
        "Total Expenses": 114951000.0,
        "Total Operating Income As Reported": 3693000.0,
        "Diluted Average Shares": 48389085.0,
        "Basic Average Shares": 48389085.0,
        "Diluted EPS": -0.15,
        "Basic EPS": -0.15,
        "Diluted NI Availto Com Stockholders": -7339000.0,
        "Average Dilution Earnings": 0.0,
        "Net Income Common Stockholders": -7339000.0,
        "Net Income": -7339000.0,
        "Net Income Including Noncontrolling Interests": -7339000.0,
        "Net Income Continuous Operations": -7339000.0,
        "Tax Provision": -44000.0,
        "Pretax Income": -7383000.0,
        "Other Income Expense": -11076000.0,
        "Other Non Operating Income Expenses": -3710000.0,
        "Earnings From Equity Interest": 419000.0,
        "Gain On Sale Of Security": -7785000.0,
        "Operating Income": 3693000.0,
        "Operating Expense": 18690000.0,
        "Selling General And Administration": 18690000.0,
        "Gross Profit": 22383000.0,
        "Cost Of Revenue": 96261000.0,
        "Total Revenue": 118644000.0,
        "Operating Revenue": 118644000.0
    },
    "2024-12-31": {
        "Tax Effect Of Unusual Items": -1604363.46,
        "Tax Rate For Calcs": 0.21,
        "Normalized EBITDA": 10448995.0,
        "Total Unusual Items": -7639826.0,
        "Total Unusual Items Excluding Goodwill": -7639826.0,
        "Net Income From Continuing Operation Net Minority Interest": 666718.0,
        "Reconciled Depreciation": 375374.0,
        "Reconciled Cost Of Revenue": 113036284.0,
        "EBITDA": 2809169.0,
        "EBIT": 2433795.0,
        "Normalized Income": 6702180.54,
        "Net Income From Continuing And Discontinued Operation": 666718.0,
        "Total Expenses": 132377985.0,
        "Total Operating Income As Reported": 2433795.0,
        "Diluted Average Shares": 51263946.0,
        "Basic Average Shares": 50731516.0,
        "Diluted EPS": 0.01,
        "Basic EPS": 0.01,
        "Diluted NI Availto Com Stockholders": -7380538.0,
        "Average Dilution Earnings": NaN,
        "Net Income Common Stockholders": 666718.0,
        "Net Income": 666718.0,
        "Net Income Including Noncontrolling Interests": 666718.0,
        "Net Income Continuous Operations": 666718.0,
        "Tax Provision": -8647649.0,
        "Pretax Income": -7980931.0,
        "Other Income Expense": -10414726.0,
        "Other Non Operating Income Expenses": -3227901.0,
        "Earnings From Equity Interest": 453001.0,
        "Gain On Sale Of Security": 38002671.0,
        "Operating Income": 2433795.0,
        "Operating Expense": 19341701.0,
        "Selling General And Administration": 19341701.0,
        "Gross Profit": 21775496.0,
        "Cost Of Revenue": 113036284.0,
        "Total Revenue": 134811780.0,
        "Operating Revenue": 134811780.0
    },
    "2025-03-31": {
        "Tax Effect Of Unusual Items": 4453890.0,
        "Tax Rate For Calcs": 0.21,
        "Normalized EBITDA": -22794000.0,
        "Total Unusual Items": 21209000.0,
        "Total Unusual Items Excluding Goodwill": 21209000.0,
        "Net Income From Continuing Operation Net Minority Interest": 18180000.0,
        "Reconciled Depreciation": 447000.0,
        "Reconciled Cost Of Revenue": 72873000.0,
        "EBITDA": -1585000.0,
        "EBIT": -2032000.0,
        "Normalized Income": 1424890.0,
        "Net Income From Continuing And Discontinued Operation": 18180000.0,
        "Total Expenses": 89033000.0,
        "Total Operating Income As Reported": -2032000.0,
        "Diluted Average Shares": 58742095.0,
        "Basic Average Shares": 58595204.0,
        "Diluted EPS": 0.31,
        "Basic EPS": 0.31,
        "Diluted NI Availto Com Stockholders": 18180000.0,
        "Average Dilution Earnings": NaN,
        "Net Income Common Stockholders": 18180000.0,
        "Net Income": 18180000.0,
        "Net Income Including Noncontrolling Interests": 18180000.0,
        "Net Income Continuous Operations": 18180000.0,
        "Tax Provision": -1291000.0,
        "Pretax Income": 16889000.0,
        "Other Income Expense": 18921000.0,
        "Other Non Operating Income Expenses": -2510000.0,
        "Earnings From Equity Interest": 222000.0,
        "Gain On Sale Of Security": 21209000.0,
        "Operating Income": -2032000.0,
        "Operating Expense": 16160000.0,
        "Selling General And Administration": 16160000.0,
        "Gross Profit": 14128000.0,
        "Cost Of Revenue": 72873000.0,
        "Total Revenue": 87001000.0,
        "Operating Revenue": 87001000.0
    },
    "2025-06-30": {
        "Tax Effect Of Unusual Items": -251134.493192,
        "Tax Rate For Calcs": 0.040696,
        "Normalized EBITDA": 8545000.0,
        "Total Unusual Items": -6171000.0,
        "Total Unusual Items Excluding Goodwill": -6171000.0,
        "Net Income From Continuing Operation Net Minority Interest": -6341000.0,
        "Reconciled Depreciation": 471000.0,
        "Reconciled Cost Of Revenue": 85587000.0,
        "EBITDA": 2374000.0,
        "EBIT": 1903000.0,
        "Normalized Income": -421134.493192,
        "Net Income From Continuing And Discontinued Operation": -6341000.0,
        "Total Expenses": 103603000.0,
        "Total Operating Income As Reported": 1903000.0,
        "Diluted Average Shares": 58602388.0,
        "Basic Average Shares": 58602388.0,
        "Diluted EPS": -0.11,
        "Basic EPS": -0.11,
        "Diluted NI Availto Com Stockholders": -6341000.0,
        "Average Dilution Earnings": NaN,
        "Net Income Common Stockholders": -6341000.0,
        "Net Income": -6341000.0,
        "Net Income Including Noncontrolling Interests": -6341000.0,
        "Net Income Continuous Operations": -6341000.0,
        "Tax Provision": -269000.0,
        "Pretax Income": -6610000.0,
        "Other Income Expense": -8513000.0,
        "Other Non Operating Income Expenses": -2617000.0,
        "Earnings From Equity Interest": 275000.0,
        "Gain On Sale Of Security": -6171000.0,
        "Operating Income": 1903000.0,
        "Operating Expense": 18016000.0,
        "Selling General And Administration": 18016000.0,
        "Gross Profit": 19919000.0,
        "Cost Of Revenue": 85587000.0,
        "Total Revenue": 105506000.0,
        "Operating Revenue": 105506000.0
    },
    "2025-09-30": {
        "Tax Effect Of Unusual Items": -5713680.0,
        "Tax Rate For Calcs": 0.21,
        "Normalized EBITDA": 26275000.0,
        "Total Unusual Items": -27208000.0,
        "Total Unusual Items Excluding Goodwill": -27208000.0,
        "Net Income From Continuing Operation Net Minority Interest": -31295000.0,
        "Reconciled Depreciation": 592000.0,
        "Reconciled Cost Of Revenue": 74746000.0,
        "EBITDA": -933000.0,
        "EBIT": -1525000.0,
        "Normalized Income": -9800680.0,
        "Net Income From Continuing And Discontinued Operation": -31295000.0,
        "Total Expenses": 92319000.0,
        "Total Operating Income As Reported": -1525000.0,
        "Diluted Average Shares": 58798898.0,
        "Basic Average Shares": 58798898.0,
        "Diluted EPS": -0.53,
        "Basic EPS": -0.53,
        "Diluted NI Availto Com Stockholders": -31295000.0,
        "Average Dilution Earnings": 0.0,
        "Net Income Common Stockholders": -31295000.0,
        "Net Income": -31295000.0,
        "Net Income Including Noncontrolling Interests": -31295000.0,
        "Net Income Continuous Operations": -31295000.0,
        "Tax Provision": 598000.0,
        "Pretax Income": -30697000.0,
        "Other Income Expense": -29172000.0,
        "Other Non Operating Income Expenses": -2182000.0,
        "Earnings From Equity Interest": 218000.0,
        "Gain On Sale Of Security": -27208000.0,
        "Operating Income": -1525000.0,
        "Operating Expense": 17573000.0,
        "Selling General And Administration": 17573000.0,
        "Gross Profit": 16048000.0,
        "Cost Of Revenue": 74746000.0,
        "Total Revenue": 90794000.0,
        "Operating Revenue": 90794000.0
    }
}