{
    "2023-03-31": {
        "Tax Effect Of Unusual Items": NaN,
        "Tax Rate For Calcs": NaN,
        "Normalized EBITDA": NaN,
        "Net Income From Continuing Operation Net Minority Interest": NaN,
        "Reconciled Depreciation": NaN,
        "Reconciled Cost Of Revenue": NaN,
        "EBITDA": NaN,
        "EBIT": NaN,
        "Net Interest Income": NaN,
        "Interest Expense": NaN,
        "Normalized Income": NaN,
        "Net Income From Continuing And Discontinued Operation": NaN,
        "Total Expenses": NaN,
        "Total Operating Income As Reported": NaN,
        "Diluted Average Shares": 60455000.0,
        "Basic Average Shares": 60441000.0,
        "Diluted EPS": 1.63,
        "Basic EPS": 1.63,
        "Diluted NI Availto Com Stockholders": NaN,
        "Net Income Common Stockholders": NaN,
        "Net Income": NaN,
        "Net Income Including Noncontrolling Interests": NaN,
        "Net Income Continuous Operations": NaN,
        "Tax Provision": NaN,
        "Pretax Income": NaN,
        "Net Non Operating Interest Income Expense": NaN,
        "Interest Expense Non Operating": NaN,
        "Operating Income": NaN,
        "Operating Expense": NaN,
        "Research And Development": NaN,
        "Selling General And Administration": NaN,
        "Gross Profit": NaN,
        "Cost Of Revenue": NaN,
        "Total Revenue": NaN,
        "Operating Revenue": NaN
    },
    "2022-12-31": {
        "Tax Effect Of Unusual Items": NaN,
        "Tax Rate For Calcs": NaN,
        "Normalized EBITDA": NaN,
        "Net Income From Continuing Operation Net Minority Interest": NaN,
        "Reconciled Depreciation": NaN,
        "Reconciled Cost Of Revenue": NaN,
        "EBITDA": NaN,
        "EBIT": NaN,
        "Net Interest Income": NaN,
        "Interest Expense": NaN,
        "Normalized Income": NaN,
        "Net Income From Continuing And Discontinued Operation": NaN,
        "Total Expenses": NaN,
        "Total Operating Income As Reported": NaN,
        "Diluted Average Shares": 60448000.0,
        "Basic Average Shares": 60429000.0,
        "Diluted EPS": 1.86,
        "Basic EPS": 1.86,
        "Diluted NI Availto Com Stockholders": NaN,
        "Net Income Common Stockholders": NaN,
        "Net Income": NaN,
        "Net Income Including Noncontrolling Interests": NaN,
        "Net Income Continuous Operations": NaN,
        "Tax Provision": NaN,
        "Pretax Income": NaN,
        "Net Non Operating Interest Income Expense": NaN,
        "Interest Expense Non Operating": NaN,
        "Operating Income": NaN,
        "Operating Expense": NaN,
        "Research And Development": NaN,
        "Selling General And Administration": NaN,
        "Gross Profit": NaN,
        "Cost Of Revenue": NaN,
        "Total Revenue": NaN,
        "Operating Revenue": NaN
    },
    "2022-09-30": {
        "Tax Effect Of Unusual Items": 0.0,
        "Tax Rate For Calcs": 0.163,
        "Normalized EBITDA": 125699000.0,
        "Net Income From Continuing Operation Net Minority Interest": 93182000.0,
        "Reconciled Depreciation": 3686000.0,
        "Reconciled Cost Of Revenue": 326715000.0,
        "EBITDA": 125699000.0,
        "EBIT": 122013000.0,
        "Net Interest Income": -10651000.0,
        "Interest Expense": 10651000.0,
        "Normalized Income": 93182000.0,
        "Net Income From Continuing And Discontinued Operation": 93182000.0,
        "Total Expenses": 376070000.0,
        "Total Operating Income As Reported": 122013000.0,
        "Diluted Average Shares": 60446000.0,
        "Basic Average Shares": 60427000.0,
        "Diluted EPS": 1.54,
        "Basic EPS": 1.54,
        "Diluted NI Availto Com Stockholders": 93182000.0,
        "Net Income Common Stockholders": 93182000.0,
        "Net Income": 93182000.0,
        "Net Income Including Noncontrolling Interests": 93182000.0,
        "Net Income Continuous Operations": 93182000.0,
        "Tax Provision": 18180000.0,
        "Pretax Income": 111362000.0,
        "Net Non Operating Interest Income Expense": -10651000.0,
        "Interest Expense Non Operating": 10651000.0,
        "Operating Income": 122013000.0,
        "Operating Expense": 49355000.0,
        "Research And Development": 32659000.0,
        "Selling General And Administration": 16696000.0,
        "Gross Profit": 171368000.0,
        "Cost Of Revenue": 326715000.0,
        "Total Revenue": 498083000.0,
        "Operating Revenue": 498083000.0
    },
    "2022-06-30": {
        "Tax Effect Of Unusual Items": 0.0,
        "Tax Rate For Calcs": 0.115116,
        "Normalized EBITDA": 112570000.0,
        "Net Income From Continuing Operation Net Minority Interest": 92504000.0,
        "Reconciled Depreciation": 3579000.0,
        "Reconciled Cost Of Revenue": 273511000.0,
        "EBITDA": 112570000.0,
        "EBIT": 112570000.0,
        "Net Interest Income": -8032000.0,
        "Interest Expense": 8032000.0,
        "Normalized Income": 92504000.0,
        "Net Income From Continuing And Discontinued Operation": 92504000.0,
        "Total Expenses": 330575000.0,
        "Total Operating Income As Reported": 112570000.0,
        "Diluted Average Shares": 60517000.0,
        "Basic Average Shares": 60489000.0,
        "Diluted EPS": 1.53,
        "Basic EPS": 1.53,
        "Diluted NI Availto Com Stockholders": 92504000.0,
        "Net Income Common Stockholders": 92504000.0,
        "Net Income": 92504000.0,
        "Net Income Including Noncontrolling Interests": 92504000.0,
        "Net Income Continuous Operations": 92504000.0,
        "Tax Provision": 12034000.0,
        "Pretax Income": 104538000.0,
        "Net Non Operating Interest Income Expense": -8032000.0,
        "Interest Expense Non Operating": 8032000.0,
        "Operating Income": 112570000.0,
        "Operating Expense": 57064000.0,
        "Research And Development": 37445000.0,
        "Selling General And Administration": 19619000.0,
        "Gross Profit": 169634000.0,
        "Cost Of Revenue": 273511000.0,
        "Total Revenue": 443145000.0,
        "Operating Revenue": 443145000.0
    },
    "2023-06-30": {
        "Tax Effect Of Unusual Items": 0.0,
        "Tax Rate For Calcs": 0.16438,
        "Normalized EBITDA": 148003000.0,
        "Net Income From Continuing Operation Net Minority Interest": 103677000.0,
        "Reconciled Depreciation": 4128000.0,
        "Reconciled Cost Of Revenue": 287758000.0,
        "EBITDA": 148003000.0,
        "EBIT": 143875000.0,
        "Net Interest Income": -19803000.0,
        "Interest Expense": 19803000.0,
        "Normalized Income": 103677000.0,
        "Net Income From Continuing And Discontinued Operation": 103677000.0,
        "Total Expenses": 347210000.0,
        "Total Operating Income As Reported": 143875000.0,
        "Diluted Average Shares": NaN,
        "Basic Average Shares": NaN,
        "Diluted EPS": NaN,
        "Basic EPS": NaN,
        "Diluted NI Availto Com Stockholders": 103677000.0,
        "Net Income Common Stockholders": 103677000.0,
        "Net Income": 103677000.0,
        "Net Income Including Noncontrolling Interests": 103677000.0,
        "Net Income Continuous Operations": 103677000.0,
        "Tax Provision": 20395000.0,
        "Pretax Income": 124072000.0,
        "Net Non Operating Interest Income Expense": -19803000.0,
        "Interest Expense Non Operating": 19803000.0,
        "Operating Income": 143875000.0,
        "Operating Expense": 59452000.0,
        "Research And Development": 40539000.0,
        "Selling General And Administration": 18913000.0,
        "Gross Profit": 203327000.0,
        "Cost Of Revenue": 287758000.0,
        "Total Revenue": 491085000.0,
        "Operating Revenue": 491085000.0
    },
    "2023-09-30": {
        "Tax Effect Of Unusual Items": NaN,
        "Tax Rate For Calcs": NaN,
        "Normalized EBITDA": NaN,
        "Net Income From Continuing Operation Net Minority Interest": NaN,
        "Reconciled Depreciation": NaN,
        "Reconciled Cost Of Revenue": NaN,
        "EBITDA": NaN,
        "EBIT": NaN,
        "Net Interest Income": NaN,
        "Interest Expense": NaN,
        "Normalized Income": NaN,
        "Net Income From Continuing And Discontinued Operation": NaN,
        "Total Expenses": NaN,
        "Total Operating Income As Reported": NaN,
        "Diluted Average Shares": 60451000.0,
        "Basic Average Shares": 60447000.0,
        "Diluted EPS": 1.45,
        "Basic EPS": 1.45,
        "Diluted NI Availto Com Stockholders": NaN,
        "Net Income Common Stockholders": NaN,
        "Net Income": NaN,
        "Net Income Including Noncontrolling Interests": NaN,
        "Net Income Continuous Operations": NaN,
        "Tax Provision": NaN,
        "Pretax Income": NaN,
        "Net Non Operating Interest Income Expense": NaN,
        "Interest Expense Non Operating": NaN,
        "Operating Income": NaN,
        "Operating Expense": NaN,
        "Research And Development": NaN,
        "Selling General And Administration": NaN,
        "Gross Profit": NaN,
        "Cost Of Revenue": NaN,
        "Total Revenue": NaN,
        "Operating Revenue": NaN
    },
    "2023-12-31": {
        "Tax Effect Of Unusual Items": NaN,
        "Tax Rate For Calcs": NaN,
        "Normalized EBITDA": NaN,
        "Net Income From Continuing Operation Net Minority Interest": NaN,
        "Reconciled Depreciation": NaN,
        "Reconciled Cost Of Revenue": NaN,
        "EBITDA": NaN,
        "EBIT": NaN,
        "Net Interest Income": NaN,
        "Interest Expense": NaN,
        "Normalized Income": NaN,
        "Net Income From Continuing And Discontinued Operation": NaN,
        "Total Expenses": NaN,
        "Total Operating Income As Reported": NaN,
        "Diluted Average Shares": 60451000.0,
        "Basic Average Shares": 60448000.0,
        "Diluted EPS": 1.36,
        "Basic EPS": 1.36,
        "Diluted NI Availto Com Stockholders": NaN,
        "Net Income Common Stockholders": NaN,
        "Net Income": NaN,
        "Net Income Including Noncontrolling Interests": NaN,
        "Net Income Continuous Operations": NaN,
        "Tax Provision": NaN,
        "Pretax Income": NaN,
        "Net Non Operating Interest Income Expense": NaN,
        "Interest Expense Non Operating": NaN,
        "Operating Income": NaN,
        "Operating Expense": NaN,
        "Research And Development": NaN,
        "Selling General And Administration": NaN,
        "Gross Profit": NaN,
        "Cost Of Revenue": NaN,
        "Total Revenue": NaN,
        "Operating Revenue": NaN
    },
    "2024-03-31": {
        "Tax Effect Of Unusual Items": NaN,
        "Tax Rate For Calcs": NaN,
        "Normalized EBITDA": NaN,
        "Net Income From Continuing Operation Net Minority Interest": NaN,
        "Reconciled Depreciation": NaN,
        "Reconciled Cost Of Revenue": NaN,
        "EBITDA": NaN,
        "EBIT": NaN,
        "Net Interest Income": NaN,
        "Interest Expense": NaN,
        "Normalized Income": NaN,
        "Net Income From Continuing And Discontinued Operation": NaN,
        "Total Expenses": NaN,
        "Total Operating Income As Reported": NaN,
        "Diluted Average Shares": 60463000.0,
        "Basic Average Shares": 60461000.0,
        "Diluted EPS": 1.26,
        "Basic EPS": 1.26,
        "Diluted NI Availto Com Stockholders": NaN,
        "Net Income Common Stockholders": NaN,
        "Net Income": NaN,
        "Net Income Including Noncontrolling Interests": NaN,
        "Net Income Continuous Operations": NaN,
        "Tax Provision": NaN,
        "Pretax Income": NaN,
        "Net Non Operating Interest Income Expense": NaN,
        "Interest Expense Non Operating": NaN,
        "Operating Income": NaN,
        "Operating Expense": NaN,
        "Research And Development": NaN,
        "Selling General And Administration": NaN,
        "Gross Profit": NaN,
        "Cost Of Revenue": NaN,
        "Total Revenue": NaN,
        "Operating Revenue": NaN
    },
    "2024-06-30": {
        "Tax Effect Of Unusual Items": 0.0,
        "Tax Rate For Calcs": 0.14604,
        "Normalized EBITDA": 142909000.0,
        "Net Income From Continuing Operation Net Minority Interest": 103804000.0,
        "Reconciled Depreciation": 4540000.0,
        "Reconciled Cost Of Revenue": 303321000.0,
        "EBITDA": 142909000.0,
        "EBIT": 138369000.0,
        "Net Interest Income": -16813000.0,
        "Interest Expense": 16813000.0,
        "Normalized Income": 103804000.0,
        "Net Income From Continuing And Discontinued Operation": 103804000.0,
        "Total Expenses": 369092000.0,
        "Total Operating Income As Reported": 138369000.0,
        "Diluted Average Shares": NaN,
        "Basic Average Shares": NaN,
        "Diluted EPS": NaN,
        "Basic EPS": NaN,
        "Diluted NI Availto Com Stockholders": 103804000.0,
        "Net Income Common Stockholders": 103804000.0,
        "Net Income": 103804000.0,
        "Net Income Including Noncontrolling Interests": 103804000.0,
        "Net Income Continuous Operations": 103804000.0,
        "Tax Provision": 17752000.0,
        "Pretax Income": 121556000.0,
        "Net Non Operating Interest Income Expense": -16813000.0,
        "Interest Expense Non Operating": 16813000.0,
        "Operating Income": 138369000.0,
        "Operating Expense": 65771000.0,
        "Research And Development": 44076000.0,
        "Selling General And Administration": 21695000.0,
        "Gross Profit": 204140000.0,
        "Cost Of Revenue": 303321000.0,
        "Total Revenue": 507461000.0,
        "Operating Revenue": 507461000.0
    },
    "2024-09-30": {
        "Tax Effect Of Unusual Items": 0.0,
        "Tax Rate For Calcs": 0.193,
        "Normalized EBITDA": 175332000.0,
        "Net Income From Continuing Operation Net Minority Interest": 127988000.0,
        "Reconciled Depreciation": 6126000.0,
        "Reconciled Cost Of Revenue": 318726000.0,
        "EBITDA": 175332000.0,
        "EBIT": 169206000.0,
        "Net Interest Income": -10578000.0,
        "Interest Expense": 10578000.0,
        "Normalized Income": 127988000.0,
        "Net Income From Continuing And Discontinued Operation": 127988000.0,
        "Total Expenses": 381138000.0,
        "Total Operating Income As Reported": 169206000.0,
        "Diluted Average Shares": 60494000.0,
        "Basic Average Shares": 60469000.0,
        "Diluted EPS": 2.12,
        "Basic EPS": 2.12,
        "Diluted NI Availto Com Stockholders": 127988000.0,
        "Net Income Common Stockholders": 127988000.0,
        "Net Income": 127988000.0,
        "Net Income Including Noncontrolling Interests": 127988000.0,
        "Net Income Continuous Operations": 127988000.0,
        "Tax Provision": 30640000.0,
        "Pretax Income": 158628000.0,
        "Net Non Operating Interest Income Expense": -10578000.0,
        "Interest Expense Non Operating": 10578000.0,
        "Operating Income": 169206000.0,
        "Operating Expense": 62412000.0,
        "Research And Development": 37997000.0,
        "Selling General And Administration": 24415000.0,
        "Gross Profit": 231618000.0,
        "Cost Of Revenue": 318726000.0,
        "Total Revenue": 550344000.0,
        "Operating Revenue": 550344000.0
    },
    "2024-12-31": {
        "Tax Effect Of Unusual Items": 0.0,
        "Tax Rate For Calcs": 0.183,
        "Normalized EBITDA": 183396000.0,
        "Net Income From Continuing Operation Net Minority Interest": 136795000.0,
        "Reconciled Depreciation": 4584000.0,
        "Reconciled Cost Of Revenue": 352649000.0,
        "EBITDA": 183396000.0,
        "EBIT": 178812000.0,
        "Net Interest Income": -11440000.0,
        "Interest Expense": 11440000.0,
        "Normalized Income": 136795000.0,
        "Net Income From Continuing And Discontinued Operation": 136795000.0,
        "Total Expenses": 421067000.0,
        "Total Operating Income As Reported": 178812000.0,
        "Diluted Average Shares": 60527000.0,
        "Basic Average Shares": 60470000.0,
        "Diluted EPS": 2.26,
        "Basic EPS": 2.26,
        "Diluted NI Availto Com Stockholders": 136795000.0,
        "Net Income Common Stockholders": 136795000.0,
        "Net Income": 136795000.0,
        "Net Income Including Noncontrolling Interests": 136795000.0,
        "Net Income Continuous Operations": 136795000.0,
        "Tax Provision": 30577000.0,
        "Pretax Income": 167372000.0,
        "Net Non Operating Interest Income Expense": -11440000.0,
        "Interest Expense Non Operating": 11440000.0,
        "Operating Income": 178812000.0,
        "Operating Expense": 68418000.0,
        "Research And Development": 39958000.0,
        "Selling General And Administration": 28460000.0,
        "Gross Profit": 247230000.0,
        "Cost Of Revenue": 352649000.0,
        "Total Revenue": 599879000.0,
        "Operating Revenue": 599879000.0
    },
    "2025-03-31": {
        "Tax Effect Of Unusual Items": 0.0,
        "Tax Rate For Calcs": 0.185,
        "Normalized EBITDA": 233766000.0,
        "Net Income From Continuing Operation Net Minority Interest": 180435000.0,
        "Reconciled Depreciation": 6905000.0,
        "Reconciled Cost Of Revenue": 368296000.0,
        "EBITDA": 233766000.0,
        "EBIT": 226861000.0,
        "Net Interest Income": -5420000.0,
        "Interest Expense": 5420000.0,
        "Normalized Income": 180435000.0,
        "Net Income From Continuing And Discontinued Operation": 180435000.0,
        "Total Expenses": 437309000.0,
        "Total Operating Income As Reported": 226861000.0,
        "Diluted Average Shares": 60545000.0,
        "Basic Average Shares": 60490000.0,
        "Diluted EPS": 2.98,
        "Basic EPS": 2.98,
        "Diluted NI Availto Com Stockholders": 180435000.0,
        "Net Income Common Stockholders": 180435000.0,
        "Net Income": 180435000.0,
        "Net Income Including Noncontrolling Interests": 180435000.0,
        "Net Income Continuous Operations": 180435000.0,
        "Tax Provision": 41006000.0,
        "Pretax Income": 221441000.0,
        "Net Non Operating Interest Income Expense": -5420000.0,
        "Interest Expense Non Operating": 5420000.0,
        "Operating Income": 226861000.0,
        "Operating Expense": 69013000.0,
        "Research And Development": 44262000.0,
        "Selling General And Administration": 24751000.0,
        "Gross Profit": 295874000.0,
        "Cost Of Revenue": 368296000.0,
        "Total Revenue": 664170000.0,
        "Operating Revenue": 664170000.0
    },
    "2025-06-30": {
        "Tax Effect Of Unusual Items": 0.0,
        "Tax Rate For Calcs": 0.21,
        "Normalized EBITDA": 265688000.0,
        "Net Income From Continuing Operation Net Minority Interest": 266705000.0,
        "Reconciled Depreciation": 4286000.0,
        "Reconciled Cost Of Revenue": 416422000.0,
        "EBITDA": 265688000.0,
        "EBIT": 261402000.0,
        "Net Interest Income": -3191000.0,
        "Interest Expense": 3191000.0,
        "Normalized Income": 266705000.0,
        "Net Income From Continuing And Discontinued Operation": 266705000.0,
        "Total Expenses": 497750000.0,
        "Total Operating Income As Reported": 261402000.0,
        "Diluted Average Shares": 60545000.0,
        "Basic Average Shares": 60491000.0,
        "Diluted EPS": 4.41,
        "Basic EPS": 4.41,
        "Diluted NI Availto Com Stockholders": 266705000.0,
        "Net Income Common Stockholders": 266705000.0,
        "Net Income": 266705000.0,
        "Net Income Including Noncontrolling Interests": 266705000.0,
        "Net Income Continuous Operations": 266705000.0,
        "Tax Provision": -8494000.0,
        "Pretax Income": 258211000.0,
        "Net Non Operating Interest Income Expense": -3191000.0,
        "Interest Expense Non Operating": 3191000.0,
        "Operating Income": 261402000.0,
        "Operating Expense": 81328000.0,
        "Research And Development": 47455000.0,
        "Selling General And Administration": 33873000.0,
        "Gross Profit": 342730000.0,
        "Cost Of Revenue": 416422000.0,
        "Total Revenue": 759152000.0,
        "Operating Revenue": 759152000.0
    }
}