{
    "2023-03-31": {
        "Tax Effect Of Unusual Items": 0.0,
        "Tax Rate For Calcs": 0.243767,
        "Net Income From Continuing Operation Net Minority Interest": 30573000.0,
        "Reconciled Depreciation": 2155000.0,
        "EBIT": 43147000.0,
        "Net Interest Income": -2719000.0,
        "Interest Expense": 2719000.0,
        "Normalized Income": 30573000.0,
        "Net Income From Continuing And Discontinued Operation": 260878000.0,
        "Total Expenses": 63619000.0,
        "Diluted Average Shares": 43574840.0,
        "Basic Average Shares": 43124825.0,
        "Diluted EPS": 5.99,
        "Basic EPS": 6.05,
        "Diluted NI Availto Com Stockholders": 260878000.0,
        "Net Income Common Stockholders": 260878000.0,
        "Net Income": 260878000.0,
        "Minority Interests": 0.0,
        "Net Income Including Noncontrolling Interests": 260878000.0,
        "Net Income Discontinuous Operations": 230305000.0,
        "Net Income Continuous Operations": 30573000.0,
        "Tax Provision": 9855000.0,
        "Pretax Income": 40428000.0,
        "Other Income Expense": 4075000.0,
        "Net Non Operating Interest Income Expense": -2719000.0,
        "Interest Expense Non Operating": 2719000.0,
        "Other Operating Expenses": 5063000.0,
        "Selling General And Administration": 9837000.0,
        "General And Administrative Expense": 9837000.0,
        "Other Gand A": 9837000.0,
        "Total Revenue": 104047000.0,
        "Operating Revenue": 104047000.0
    },
    "2022-12-31": {
        "Tax Effect Of Unusual Items": 0.0,
        "Tax Rate For Calcs": 0.4,
        "Net Income From Continuing Operation Net Minority Interest": -294914000.0,
        "Reconciled Depreciation": 2241000.0,
        "EBIT": -292168000.0,
        "Net Interest Income": -2448000.0,
        "Interest Expense": 2448000.0,
        "Normalized Income": -294914000.0,
        "Net Income From Continuing And Discontinued Operation": -294914000.0,
        "Total Expenses": 408091000.0,
        "Diluted Average Shares": 43101872.0,
        "Basic Average Shares": 43101872.0,
        "Diluted EPS": -6.84,
        "Basic EPS": -6.84,
        "Diluted NI Availto Com Stockholders": -294914000.0,
        "Net Income Common Stockholders": -294914000.0,
        "Net Income": -294914000.0,
        "Minority Interests": 0.0,
        "Net Income Including Noncontrolling Interests": -294914000.0,
        "Net Income Discontinuous Operations": NaN,
        "Net Income Continuous Operations": -294914000.0,
        "Tax Provision": 298000.0,
        "Pretax Income": -294616000.0,
        "Other Income Expense": 2115000.0,
        "Net Non Operating Interest Income Expense": -2448000.0,
        "Interest Expense Non Operating": 2448000.0,
        "Other Operating Expenses": -46000.0,
        "Selling General And Administration": 6427000.0,
        "General And Administrative Expense": 6427000.0,
        "Other Gand A": 6427000.0,
        "Total Revenue": 113475000.0,
        "Operating Revenue": 113475000.0
    },
    "2022-09-30": {
        "Tax Effect Of Unusual Items": 0.0,
        "Tax Rate For Calcs": 0.4,
        "Net Income From Continuing Operation Net Minority Interest": -70884000.0,
        "Reconciled Depreciation": 16029000.0,
        "EBIT": -68405000.0,
        "Net Interest Income": -2392000.0,
        "Interest Expense": 2392000.0,
        "Normalized Income": -70884000.0,
        "Net Income From Continuing And Discontinued Operation": -70884000.0,
        "Total Expenses": 194585000.0,
        "Diluted Average Shares": 43075234.0,
        "Basic Average Shares": 43075234.0,
        "Diluted EPS": -1.65,
        "Basic EPS": -1.65,
        "Diluted NI Availto Com Stockholders": -70884000.0,
        "Net Income Common Stockholders": -70884000.0,
        "Net Income": -70884000.0,
        "Minority Interests": 0.0,
        "Net Income Including Noncontrolling Interests": -70884000.0,
        "Net Income Discontinuous Operations": NaN,
        "Net Income Continuous Operations": -70884000.0,
        "Tax Provision": 87000.0,
        "Pretax Income": -70797000.0,
        "Other Income Expense": 5859000.0,
        "Net Non Operating Interest Income Expense": -2392000.0,
        "Interest Expense Non Operating": 2392000.0,
        "Other Operating Expenses": 9630000.0,
        "Selling General And Administration": 26391000.0,
        "General And Administrative Expense": 26391000.0,
        "Other Gand A": 26391000.0,
        "Total Revenue": 123788000.0,
        "Operating Revenue": 123788000.0
    },
    "2022-06-30": {
        "Tax Effect Of Unusual Items": 0.0,
        "Tax Rate For Calcs": 0.4,
        "Net Income From Continuing Operation Net Minority Interest": -69029000.0,
        "Reconciled Depreciation": 2436000.0,
        "EBIT": -30511000.0,
        "Net Interest Income": -2394000.0,
        "Interest Expense": 2394000.0,
        "Normalized Income": -69029000.0,
        "Net Income From Continuing And Discontinued Operation": -69029000.0,
        "Total Expenses": 148698000.0,
        "Diluted Average Shares": 43049227.0,
        "Basic Average Shares": 43049227.0,
        "Diluted EPS": -1.6,
        "Basic EPS": -1.6,
        "Diluted NI Availto Com Stockholders": -69029000.0,
        "Net Income Common Stockholders": -69029000.0,
        "Net Income": -69029000.0,
        "Minority Interests": 26000.0,
        "Net Income Including Noncontrolling Interests": -69055000.0,
        "Net Income Discontinuous Operations": NaN,
        "Net Income Continuous Operations": -69055000.0,
        "Tax Provision": 36150000.0,
        "Pretax Income": -32905000.0,
        "Other Income Expense": 6410000.0,
        "Net Non Operating Interest Income Expense": -2394000.0,
        "Interest Expense Non Operating": 2394000.0,
        "Other Operating Expenses": 12748000.0,
        "Selling General And Administration": 14494000.0,
        "General And Administrative Expense": 14494000.0,
        "Other Gand A": 14494000.0,
        "Total Revenue": 115793000.0,
        "Operating Revenue": 115793000.0
    },
    "2022-03-31": {
        "Diluted EPS": -0.77,
        "Total Revenue": 117,
        "Gross Profit": 33,
        "Operating Income": 4,
        "EBIT": 11,
        "Net Income": -33
    },
    "2021-12-31": {
        "Diluted EPS": -0.06,
        "Total Revenue": 155,
        "Gross Profit": 25,
        "Operating Income": -6,
        "EBIT": 1,
        "Net Income": -2
    },
    "2021-09-30": {
        "Diluted EPS": -0.33,
        "Total Revenue": 163,
        "Gross Profit": 13,
        "Operating Income": -19,
        "EBIT": -11,
        "Net Income": -14
    },
    "2021-06-30": {
        "Diluted EPS": -0.55,
        "Total Revenue": 155,
        "Gross Profit": -4,
        "Operating Income": -33,
        "EBIT": -25,
        "Net Income": -24
    },
    "2021-03-31": {
        "Diluted EPS": -0.41,
        "Total Revenue": 162,
        "Gross Profit": 5,
        "Operating Income": -26,
        "EBIT": -18,
        "Net Income": -18
    },
    "2020-12-31": {
        "Diluted EPS": -0.78,
        "Total Revenue": 241,
        "Gross Profit": -10,
        "Operating Income": -45,
        "EBIT": -38,
        "Net Income": -34
    },
    "2020-09-30": {
        "Diluted EPS": -1.73,
        "Total Revenue": 213,
        "Gross Profit": -65,
        "Operating Income": -101,
        "EBIT": -94,
        "Net Income": -74
    },
    "2020-06-30": {
        "Diluted EPS": 0.56,
        "Total Revenue": 216,
        "Gross Profit": 62,
        "Operating Income": 29,
        "EBIT": 36,
        "Net Income": 24
    },
    "2020-03-31": {
        "Diluted EPS": -0.3,
        "Total Revenue": 176,
        "Gross Profit": 15,
        "Operating Income": -16,
        "EBIT": -9,
        "Net Income": -13
    },
    "2019-12-31": {
        "Diluted EPS": -0.19,
        "Total Revenue": 210,
        "Gross Profit": 20,
        "Operating Income": -5,
        "EBIT": 2,
        "Net Income": -8
    },
    "2019-09-30": {
        "Diluted EPS": -0.66,
        "Total Revenue": 208,
        "Gross Profit": -2,
        "Operating Income": -36,
        "EBIT": -28,
        "Net Income": -28
    },
    "2019-06-30": {
        "Diluted EPS": -0.07,
        "Total Revenue": 205,
        "Gross Profit": 27,
        "Operating Income": -4,
        "EBIT": 3,
        "Net Income": -3
    },
    "2019-03-31": {
        "Diluted EPS": 0.22,
        "Total Revenue": 202,
        "Gross Profit": 43,
        "Operating Income": 12,
        "EBIT": 18,
        "Net Income": 9
    },
    "2018-12-31": {
        "Diluted EPS": -0.26,
        "Total Revenue": 173,
        "Gross Profit": 9,
        "Operating Income": -19,
        "EBIT": -13,
        "Net Income": -11
    },
    "2018-09-30": {
        "Diluted EPS": -0.27,
        "Total Revenue": 188,
        "Gross Profit": 13,
        "Operating Income": -16,
        "EBIT": -9,
        "Net Income": -12
    },
    "2018-06-30": {
        "Diluted EPS": 0.34,
        "Total Revenue": 183,
        "Gross Profit": 44,
        "Operating Income": 19,
        "EBIT": 25,
        "Net Income": 15
    },
    "2018-03-31": {
        "Diluted EPS": 0.2,
        "Total Revenue": 180,
        "Gross Profit": 46,
        "Operating Income": 12,
        "EBIT": 26,
        "Net Income": 8
    },
    "2017-12-31": {
        "Diluted EPS": 0.58,
        "Total Revenue": 183,
        "Gross Profit": 60,
        "Operating Income": 28,
        "EBIT": 43,
        "Net Income": 27
    },
    "2017-09-30": {
        "Diluted EPS": -0.66,
        "Total Revenue": 171,
        "Gross Profit": -19,
        "Operating Income": -46,
        "EBIT": -33,
        "Net Income": -28
    },
    "2017-06-30": {
        "Diluted EPS": 0.17,
        "Total Revenue": 178,
        "Gross Profit": 48,
        "Operating Income": 13,
        "EBIT": 26,
        "Net Income": 7
    },
    "2017-03-31": {
        "Diluted EPS": 0.18,
        "Total Revenue": 123,
        "Gross Profit": 24,
        "Operating Income": 6,
        "EBIT": 10,
        "Net Income": 4
    },
    "2016-12-31": {
        "Diluted EPS": -0.49,
        "Total Revenue": 131,
        "Gross Profit": -1,
        "Operating Income": -18,
        "EBIT": -13,
        "Net Income": -11
    },
    "2016-09-30": {
        "Diluted EPS": 0.16,
        "Total Revenue": 127,
        "Gross Profit": 23,
        "Operating Income": 5,
        "EBIT": 10,
        "Net Income": 3
    },
    "2016-06-30": {
        "Diluted EPS": 0.45,
        "Total Revenue": 121,
        "Gross Profit": 33,
        "Operating Income": 15,
        "EBIT": 20,
        "Net Income": 10
    },
    "2016-03-31": {
        "Diluted EPS": 0.14,
        "Total Revenue": 108,
        "Gross Profit": 16,
        "Operating Income": 4,
        "EBIT": 6,
        "Net Income": 3
    },
    "2015-12-31": {
        "Diluted EPS": 0.64,
        "Total Revenue": 100,
        "Gross Profit": 31,
        "Operating Income": 20,
        "EBIT": 24,
        "Net Income": 14
    },
    "2015-09-30": {
        "Diluted EPS": 0.38,
        "Total Revenue": 90,
        "Gross Profit": 26,
        "Operating Income": 13,
        "EBIT": 14,
        "Net Income": 8
    },
    "2015-06-30": {
        "Diluted EPS": 0.25,
        "Total Revenue": 85,
        "Gross Profit": 20,
        "Operating Income": 8,
        "EBIT": 7,
        "Net Income": 5
    },
    "2015-03-31": {
        "Diluted EPS": 0.01,
        "Total Revenue": 82,
        "Gross Profit": 11,
        "Operating Income": 0,
        "EBIT": 2,
        "Net Income": 0
    },
    "2014-12-31": {
        "Diluted EPS": 0.53,
        "Total Revenue": 76,
        "Gross Profit": 28,
        "Operating Income": 18,
        "EBIT": 19,
        "Net Income": 11
    },
    "2014-09-30": {
        "Diluted EPS": 0.41,
        "Total Revenue": 69,
        "Gross Profit": 21,
        "Operating Income": 14,
        "EBIT": 14,
        "Net Income": 9
    },
    "2014-06-30": {
        "Diluted EPS": 0.46,
        "Total Revenue": 68,
        "Gross Profit": 23,
        "Operating Income": 15,
        "EBIT": 16,
        "Net Income": 10
    },
    "2014-03-31": {
        "Diluted EPS": 0.65,
        "Total Revenue": 68,
        "Gross Profit": 25,
        "Operating Income": 18,
        "EBIT": 18,
        "Net Income": 11
    },
    "2013-12-31": {
        "Diluted EPS": 0.45,
        "Total Revenue": 63,
        "Gross Profit": 20,
        "Operating Income": 13,
        "EBIT": 14,
        "Net Income": 7
    },
    "2013-09-30": {
        "Diluted EPS": 0.26,
        "Total Revenue": 52,
        "Gross Profit": 13,
        "Operating Income": 7,
        "EBIT": 7,
        "Net Income": 4
    },
    "2013-06-30": {
        "Diluted EPS": 0.28,
        "Total Revenue": 49,
        "Gross Profit": 13,
        "Operating Income": 7,
        "EBIT": 8,
        "Net Income": 5
    },
    "2013-03-31": {
        "Diluted EPS": 0.27,
        "Total Revenue": 44,
        "Gross Profit": 12,
        "Operating Income": 7,
        "EBIT": 8,
        "Net Income": 4
    },
    "2012-12-31": {
        "Diluted EPS": 0.07,
        "Total Revenue": 38,
        "Gross Profit": 9,
        "Operating Income": 1,
        "EBIT": 1,
        "Net Income": 1
    },
    "2012-09-30": {
        "Diluted EPS": 0.09,
        "Total Revenue": 32,
        "Gross Profit": 6,
        "Operating Income": 1,
        "EBIT": 2,
        "Net Income": 1
    },
    "2012-06-30": {
        "Diluted EPS": 0.29,
        "Total Revenue": 32,
        "Gross Profit": 10,
        "Operating Income": 6,
        "EBIT": 6,
        "Net Income": 3
    },
    "2012-03-31": {
        "Diluted EPS": 0.46,
        "Total Revenue": 30,
        "Gross Profit": 12,
        "Operating Income": 7,
        "EBIT": 8,
        "Net Income": 5
    },
    "2011-12-31": {
        "Diluted EPS": 0.3,
        "Total Revenue": 26,
        "Gross Profit": 9,
        "Operating Income": 5,
        "EBIT": 6,
        "Net Income": 3
    },
    "2011-09-30": {
        "Diluted EPS": 0.35,
        "Total Revenue": 25,
        "Gross Profit": 10,
        "Operating Income": 6,
        "EBIT": 6,
        "Net Income": 4
    },
    "2011-06-30": {
        "Diluted EPS": 0.01,
        "Total Revenue": 24,
        "Gross Profit": 4,
        "Operating Income": 0,
        "EBIT": 1,
        "Net Income": 0
    },
    "2011-03-31": {
        "Diluted EPS": 0.11,
        "Total Revenue": 20,
        "Gross Profit": 6,
        "Operating Income": 2,
        "EBIT": 2,
        "Net Income": 1
    },
    "2010-12-31": {
        "Diluted EPS": 0.27,
        "Total Revenue": 24,
        "Gross Profit": 8,
        "Operating Income": 5,
        "EBIT": 5,
        "Net Income": 3
    },
    "2010-09-30": {
        "Diluted EPS": -0.03,
        "Total Revenue": 20,
        "Gross Profit": 2,
        "Operating Income": 0,
        "EBIT": 0,
        "Net Income": 0
    },
    "2010-06-30": {
        "Diluted EPS": 0.02,
        "Total Revenue": 19,
        "Gross Profit": 5,
        "Operating Income": 1,
        "EBIT": 2,
        "Net Income": 0
    },
    "2010-03-31": {
        "Diluted EPS": -0.35,
        "Total Revenue": 17,
        "Gross Profit": -2,
        "Operating Income": -6,
        "EBIT": -5,
        "Net Income": -4
    },
    "2009-12-31": {
        "Diluted EPS": -0.12,
        "Total Revenue": 19,
        "Gross Profit": 0,
        "Operating Income": -2,
        "EBIT": -1,
        "Net Income": -1
    },
    "2009-09-30": {
        "Diluted EPS": -0.07,
        "Total Revenue": 21,
        "Gross Profit": 2,
        "Operating Income": -1,
        "EBIT": 0,
        "Net Income": -1
    },
    "2009-06-30": {
        "Diluted EPS": 0.27,
        "Total Revenue": 26,
        "Gross Profit": 9,
        "Operating Income": 5,
        "EBIT": 6,
        "Net Income": 3
    },
    "2009-03-31": {
        "Diluted EPS": 0.3,
        "Total Revenue": 22,
        "Gross Profit": 10,
        "Operating Income": 5,
        "EBIT": 6,
        "Net Income": 3
    },
    "2023-06-30": {
        "Tax Effect Of Unusual Items": 0.0,
        "Tax Rate For Calcs": 0.4,
        "Net Income From Continuing Operation Net Minority Interest": 22605000.0,
        "Reconciled Depreciation": NaN,
        "EBIT": 23784000.0,
        "Net Interest Income": -2719000.0,
        "Interest Expense": 2719000.0,
        "Normalized Income": 22605000.0,
        "Net Income From Continuing And Discontinued Operation": 18247000.0,
        "Total Expenses": 58230000.0,
        "Diluted Average Shares": 43805217.0,
        "Basic Average Shares": 43229416.0,
        "Diluted EPS": 0.42,
        "Basic EPS": 0.43,
        "Diluted NI Availto Com Stockholders": 18247000.0,
        "Net Income Common Stockholders": 18247000.0,
        "Net Income": 18247000.0,
        "Minority Interests": 0.0,
        "Net Income Including Noncontrolling Interests": 18247000.0,
        "Net Income Discontinuous Operations": -4358000.0,
        "Net Income Continuous Operations": 22605000.0,
        "Tax Provision": -1540000.0,
        "Pretax Income": 21065000.0,
        "Other Income Expense": 18000.0,
        "Net Non Operating Interest Income Expense": -2719000.0,
        "Interest Expense Non Operating": 2719000.0,
        "Other Operating Expenses": 2468000.0,
        "Selling General And Administration": 6583000.0,
        "General And Administrative Expense": 6583000.0,
        "Other Gand A": 6583000.0,
        "Total Revenue": 79295000.0,
        "Operating Revenue": 79295000.0
    }
}