{
    "2023-03-31": {
        "Tax Effect Of Unusual Items": NaN,
        "Tax Rate For Calcs": NaN,
        "Normalized EBITDA": NaN,
        "Total Unusual Items": NaN,
        "Total Unusual Items Excluding Goodwill": NaN,
        "Net Income From Continuing Operation Net Minority Interest": NaN,
        "Reconciled Depreciation": NaN,
        "Reconciled Cost Of Revenue": NaN,
        "EBITDA": NaN,
        "EBIT": NaN,
        "Net Interest Income": NaN,
        "Interest Expense": NaN,
        "Normalized Income": NaN,
        "Net Income From Continuing And Discontinued Operation": NaN,
        "Total Expenses": NaN,
        "Total Operating Income As Reported": NaN,
        "Diluted Average Shares": NaN,
        "Basic Average Shares": NaN,
        "Diluted EPS": NaN,
        "Basic EPS": NaN,
        "Diluted NI Availto Com Stockholders": NaN,
        "Net Income Common Stockholders": NaN,
        "Net Income": NaN,
        "Minority Interests": NaN,
        "Net Income Including Noncontrolling Interests": NaN,
        "Net Income Continuous Operations": NaN,
        "Tax Provision": NaN,
        "Pretax Income": NaN,
        "Other Income Expense": NaN,
        "Other Non Operating Income Expenses": -192900000.0,
        "Special Income Charges": NaN,
        "Gain On Sale Of Business": NaN,
        "Impairment Of Capital Assets": NaN,
        "Gain On Sale Of Security": NaN,
        "Net Non Operating Interest Income Expense": NaN,
        "Interest Expense Non Operating": NaN,
        "Operating Income": NaN,
        "Operating Expense": NaN,
        "Research And Development": NaN,
        "Selling General And Administration": NaN,
        "General And Administrative Expense": NaN,
        "Other Gand A": NaN,
        "Salaries And Wages": NaN,
        "Gross Profit": NaN,
        "Cost Of Revenue": NaN,
        "Total Revenue": NaN,
        "Operating Revenue": NaN
    },
    "2022-12-31": {
        "Tax Effect Of Unusual Items": NaN,
        "Tax Rate For Calcs": NaN,
        "Normalized EBITDA": NaN,
        "Total Unusual Items": NaN,
        "Total Unusual Items Excluding Goodwill": NaN,
        "Net Income From Continuing Operation Net Minority Interest": NaN,
        "Reconciled Depreciation": NaN,
        "Reconciled Cost Of Revenue": NaN,
        "EBITDA": NaN,
        "EBIT": NaN,
        "Net Interest Income": NaN,
        "Interest Expense": NaN,
        "Normalized Income": NaN,
        "Net Income From Continuing And Discontinued Operation": NaN,
        "Total Expenses": NaN,
        "Total Operating Income As Reported": NaN,
        "Diluted Average Shares": NaN,
        "Basic Average Shares": NaN,
        "Diluted EPS": NaN,
        "Basic EPS": NaN,
        "Diluted NI Availto Com Stockholders": NaN,
        "Net Income Common Stockholders": NaN,
        "Net Income": NaN,
        "Minority Interests": NaN,
        "Net Income Including Noncontrolling Interests": NaN,
        "Net Income Continuous Operations": NaN,
        "Tax Provision": NaN,
        "Pretax Income": NaN,
        "Other Income Expense": NaN,
        "Other Non Operating Income Expenses": -10700000.0,
        "Special Income Charges": NaN,
        "Gain On Sale Of Business": NaN,
        "Gain On Sale Of Security": NaN,
        "Net Non Operating Interest Income Expense": NaN,
        "Interest Expense Non Operating": NaN,
        "Operating Income": NaN,
        "Operating Expense": NaN,
        "Other Operating Expenses": 5000000.0,
        "Research And Development": NaN,
        "Selling General And Administration": NaN,
        "General And Administrative Expense": NaN,
        "Other Gand A": NaN,
        "Salaries And Wages": NaN,
        "Gross Profit": NaN,
        "Cost Of Revenue": NaN,
        "Total Revenue": NaN,
        "Operating Revenue": NaN
    },
    "2022-09-30": {
        "Tax Effect Of Unusual Items": NaN,
        "Tax Rate For Calcs": NaN,
        "Normalized EBITDA": NaN,
        "Total Unusual Items": NaN,
        "Total Unusual Items Excluding Goodwill": NaN,
        "Net Income From Continuing Operation Net Minority Interest": NaN,
        "Reconciled Depreciation": NaN,
        "Reconciled Cost Of Revenue": NaN,
        "EBITDA": NaN,
        "EBIT": NaN,
        "Net Interest Income": NaN,
        "Interest Expense": NaN,
        "Normalized Income": NaN,
        "Net Income From Continuing And Discontinued Operation": NaN,
        "Total Expenses": NaN,
        "Total Operating Income As Reported": NaN,
        "Diluted Average Shares": NaN,
        "Basic Average Shares": NaN,
        "Diluted EPS": NaN,
        "Basic EPS": NaN,
        "Diluted NI Availto Com Stockholders": NaN,
        "Net Income Common Stockholders": NaN,
        "Net Income": NaN,
        "Minority Interests": NaN,
        "Net Income Including Noncontrolling Interests": NaN,
        "Net Income Continuous Operations": NaN,
        "Tax Provision": NaN,
        "Pretax Income": NaN,
        "Other Income Expense": NaN,
        "Other Non Operating Income Expenses": -10900000.0,
        "Special Income Charges": -6500000.0,
        "Gain On Sale Of Business": -6500000.0,
        "Gain On Sale Of Security": NaN,
        "Net Non Operating Interest Income Expense": NaN,
        "Interest Expense Non Operating": NaN,
        "Operating Income": NaN,
        "Operating Expense": NaN,
        "Other Operating Expenses": 6500000.0,
        "Research And Development": NaN,
        "Selling General And Administration": NaN,
        "General And Administrative Expense": NaN,
        "Other Gand A": NaN,
        "Salaries And Wages": 10900000.0,
        "Gross Profit": NaN,
        "Cost Of Revenue": NaN,
        "Total Revenue": NaN,
        "Operating Revenue": NaN
    },
    "2022-06-30": {
        "Tax Effect Of Unusual Items": -1040000.0,
        "Tax Rate For Calcs": 0.4,
        "Normalized EBITDA": 39900000.0,
        "Total Unusual Items": -2600000.0,
        "Total Unusual Items Excluding Goodwill": -2600000.0,
        "Net Income From Continuing Operation Net Minority Interest": -17100000.0,
        "Reconciled Depreciation": 25500000.0,
        "Reconciled Cost Of Revenue": 366900000.0,
        "EBITDA": 37300000.0,
        "EBIT": 11800000.0,
        "Net Interest Income": -8300000.0,
        "Interest Expense": 8300000.0,
        "Normalized Income": -15540000.0,
        "Net Income From Continuing And Discontinued Operation": -17100000.0,
        "Total Expenses": 488700000.0,
        "Total Operating Income As Reported": 33700000.0,
        "Diluted Average Shares": 67694000.0,
        "Basic Average Shares": 67694000.0,
        "Diluted EPS": -0.25,
        "Basic EPS": -0.25,
        "Diluted NI Availto Com Stockholders": -17100000.0,
        "Net Income Common Stockholders": -17100000.0,
        "Net Income": -17100000.0,
        "Minority Interests": -300000.0,
        "Net Income Including Noncontrolling Interests": -16800000.0,
        "Net Income Continuous Operations": -16800000.0,
        "Tax Provision": 20300000.0,
        "Pretax Income": 3500000.0,
        "Other Income Expense": -14500000.0,
        "Other Non Operating Income Expenses": -11900000.0,
        "Special Income Charges": NaN,
        "Gain On Sale Of Business": NaN,
        "Gain On Sale Of Security": -2600000.0,
        "Net Non Operating Interest Income Expense": -8300000.0,
        "Interest Expense Non Operating": 8300000.0,
        "Operating Income": 26300000.0,
        "Operating Expense": 121800000.0,
        "Other Operating Expenses": 7400000.0,
        "Research And Development": 4800000.0,
        "Selling General And Administration": 109600000.0,
        "General And Administrative Expense": 109600000.0,
        "Other Gand A": 109600000.0,
        "Salaries And Wages": NaN,
        "Gross Profit": 148100000.0,
        "Cost Of Revenue": 366900000.0,
        "Total Revenue": 515000000.0,
        "Operating Revenue": 515000000.0
    },
    "2023-06-30": {
        "Tax Effect Of Unusual Items": NaN,
        "Tax Rate For Calcs": NaN,
        "Normalized EBITDA": NaN,
        "Total Unusual Items": NaN,
        "Total Unusual Items Excluding Goodwill": NaN,
        "Net Income From Continuing Operation Net Minority Interest": NaN,
        "Reconciled Depreciation": NaN,
        "Reconciled Cost Of Revenue": NaN,
        "EBITDA": NaN,
        "EBIT": NaN,
        "Net Interest Income": NaN,
        "Interest Expense": NaN,
        "Normalized Income": NaN,
        "Net Income From Continuing And Discontinued Operation": NaN,
        "Total Expenses": NaN,
        "Total Operating Income As Reported": NaN,
        "Diluted Average Shares": NaN,
        "Basic Average Shares": NaN,
        "Diluted EPS": NaN,
        "Basic EPS": NaN,
        "Diluted NI Availto Com Stockholders": NaN,
        "Net Income Common Stockholders": NaN,
        "Net Income": NaN,
        "Minority Interests": NaN,
        "Net Income Including Noncontrolling Interests": NaN,
        "Net Income Continuous Operations": NaN,
        "Tax Provision": NaN,
        "Pretax Income": NaN,
        "Other Income Expense": NaN,
        "Special Income Charges": NaN,
        "Gain On Sale Of Business": -3300000.0,
        "Impairment Of Capital Assets": NaN,
        "Gain On Sale Of Security": NaN,
        "Net Non Operating Interest Income Expense": NaN,
        "Interest Expense Non Operating": NaN,
        "Operating Income": NaN,
        "Operating Expense": NaN,
        "Research And Development": NaN,
        "Selling General And Administration": NaN,
        "General And Administrative Expense": NaN,
        "Other Gand A": NaN,
        "Salaries And Wages": 10200000.0,
        "Gross Profit": NaN,
        "Cost Of Revenue": NaN,
        "Total Revenue": NaN,
        "Operating Revenue": NaN
    },
    "2022-03-31": {
        "Diluted EPS": -0.85,
        "Total Revenue": 447,
        "Gross Profit": 87,
        "Operating Income": -24,
        "EBIT": 23,
        "Net Income": -57
    },
    "2021-12-31": {
        "Diluted EPS": -1.92,
        "Total Revenue": 539,
        "Gross Profit": 164,
        "Operating Income": 45,
        "EBIT": 91,
        "Net Income": -131
    },
    "2021-09-30": {
        "Diluted EPS": -0.28,
        "Total Revenue": 488,
        "Gross Profit": 127,
        "Operating Income": 25,
        "EBIT": 68,
        "Net Income": -19
    },
    "2021-06-30": {
        "Diluted EPS": -2.1,
        "Total Revenue": 517,
        "Gross Profit": 142,
        "Operating Income": 41,
        "EBIT": 85,
        "Net Income": -141
    },
    "2021-03-31": {
        "Diluted EPS": -2.45,
        "Total Revenue": 510,
        "Gross Profit": 139,
        "Operating Income": 44,
        "EBIT": 83,
        "Net Income": -158
    },
    "2020-12-31": {
        "Diluted EPS": -2.83,
        "Total Revenue": 577,
        "Gross Profit": 175,
        "Operating Income": 48,
        "EBIT": 88,
        "Net Income": -173
    },
    "2020-09-30": {
        "Diluted EPS": -0.2,
        "Total Revenue": 495,
        "Gross Profit": 120,
        "Operating Income": 28,
        "EBIT": 65,
        "Net Income": -13
    },
    "2020-06-30": {
        "Diluted EPS": -1.25,
        "Total Revenue": 439,
        "Gross Profit": 75,
        "Operating Income": -9,
        "EBIT": 38,
        "Net Income": -79
    },
    "2020-03-31": {
        "Diluted EPS": 16.21,
        "Total Revenue": 515,
        "Gross Profit": 113,
        "Operating Income": 20,
        "EBIT": 58,
        "Net Income": NaN
    },
    "2019-12-31": {
        "Diluted EPS": -0.2,
        "Total Revenue": 547,
        "Gross Profit": 116,
        "Operating Income": 10,
        "EBIT": 49,
        "Net Income": -11
    },
    "2019-09-30": {
        "Diluted EPS": -0.23,
        "Total Revenue": 552,
        "Gross Profit": 140,
        "Operating Income": 49,
        "EBIT": 87,
        "Net Income": -13
    },
    "2019-06-30": {
        "Diluted EPS": 0.5,
        "Total Revenue": 569,
        "Gross Profit": 153,
        "Operating Income": 53,
        "EBIT": 90,
        "Net Income": 26
    },
    "2019-03-31": {
        "Diluted EPS": -0.38,
        "Total Revenue": 555,
        "Gross Profit": 125,
        "Operating Income": 25,
        "EBIT": 60,
        "Net Income": -19
    },
    "2018-12-31": {
        "Diluted EPS": 0.66,
        "Total Revenue": 187,
        "Gross Profit": 76,
        "Operating Income": 1,
        "EBIT": 42,
        "Net Income": 25
    },
    "2018-09-30": {
        "Diluted EPS": 0.12,
        "Total Revenue": 688,
        "Gross Profit": 154,
        "Operating Income": 56,
        "EBIT": 96,
        "Net Income": 6
    },
    "2018-06-30": {
        "Diluted EPS": 0.07,
        "Total Revenue": 667,
        "Gross Profit": 153,
        "Operating Income": 54,
        "EBIT": 94,
        "Net Income": 4
    },
    "2018-03-31": {
        "Diluted EPS": 0.62,
        "Total Revenue": 708,
        "Gross Profit": 201,
        "Operating Income": 102,
        "EBIT": 144,
        "Net Income": 41
    },
    "2017-12-31": {
        "Diluted EPS": 0.99,
        "Total Revenue": 745,
        "Gross Profit": 187,
        "Operating Income": 82,
        "EBIT": 122,
        "Net Income": 51
    },
    "2017-09-30": {
        "Diluted EPS": -0.81,
        "Total Revenue": 666,
        "Gross Profit": 104,
        "Operating Income": -3,
        "EBIT": 35,
        "Net Income": -41
    },
    "2017-06-30": {
        "Diluted EPS": -0.83,
        "Total Revenue": 666,
        "Gross Profit": 119,
        "Operating Income": -4,
        "EBIT": 36,
        "Net Income": -42
    },
    "2017-03-31": {
        "Diluted EPS": -0.65,
        "Total Revenue": 665,
        "Gross Profit": 139,
        "Operating Income": 22,
        "EBIT": 61,
        "Net Income": -33
    },
    "2016-12-31": {
        "Diluted EPS": 0.05,
        "Total Revenue": 722,
        "Gross Profit": 219,
        "Operating Income": 117,
        "EBIT": 156,
        "Net Income": -1
    },
    "2016-09-30": {
        "Diluted EPS": -0.56,
        "Total Revenue": 683,
        "Gross Profit": 122,
        "Operating Income": -10,
        "EBIT": 29,
        "Net Income": -28
    },
    "2016-06-30": {
        "Diluted EPS": 0.36,
        "Total Revenue": 749,
        "Gross Profit": 178,
        "Operating Income": 50,
        "EBIT": 90,
        "Net Income": 22
    },
    "2016-03-31": {
        "Diluted EPS": -0.8,
        "Total Revenue": 667,
        "Gross Profit": 99,
        "Operating Income": -28,
        "EBIT": 10,
        "Net Income": -40
    },
    "2015-12-31": {
        "Diluted EPS": 0.03,
        "Total Revenue": 790,
        "Gross Profit": 159,
        "Operating Income": 16,
        "EBIT": 70,
        "Net Income": 1
    },
    "2015-09-30": {
        "Diluted EPS": -0.19,
        "Total Revenue": 739,
        "Gross Profit": 141,
        "Operating Income": 9,
        "EBIT": 53,
        "Net Income": -10
    },
    "2015-06-30": {
        "Diluted EPS": -1.17,
        "Total Revenue": 765,
        "Gross Profit": 124,
        "Operating Income": -50,
        "EBIT": -9,
        "Net Income": -58
    },
    "2015-03-31": {
        "Diluted EPS": -0.87,
        "Total Revenue": 721,
        "Gross Profit": 117,
        "Operating Income": -30,
        "EBIT": 11,
        "Net Income": -43
    },
    "2014-12-31": {
        "Diluted EPS": 1.33,
        "Total Revenue": 906,
        "Gross Profit": 245,
        "Operating Income": 82,
        "EBIT": 125,
        "Net Income": 62
    },
    "2014-09-30": {
        "Diluted EPS": 0.95,
        "Total Revenue": 883,
        "Gross Profit": 235,
        "Operating Income": 77,
        "EBIT": 121,
        "Net Income": 48
    },
    "2014-06-30": {
        "Diluted EPS": -0.24,
        "Total Revenue": 806,
        "Gross Profit": 165,
        "Operating Income": 16,
        "EBIT": 57,
        "Net Income": -12
    },
    "2014-03-31": {
        "Diluted EPS": -1.15,
        "Total Revenue": 762,
        "Gross Profit": 133,
        "Operating Income": -20,
        "EBIT": 20,
        "Net Income": -54
    },
    "2013-12-31": {
        "Diluted EPS": 2.65,
        "Total Revenue": 996,
        "Gross Profit": 315,
        "Operating Income": 156,
        "EBIT": 195,
        "Net Income": 117
    },
    "2013-09-30": {
        "Diluted EPS": -0.26,
        "Total Revenue": 792,
        "Gross Profit": 172,
        "Operating Income": 24,
        "EBIT": 65,
        "Net Income": -12
    },
    "2013-06-30": {
        "Diluted EPS": 0.46,
        "Total Revenue": 859,
        "Gross Profit": 201,
        "Operating Income": 38,
        "EBIT": 78,
        "Net Income": 20
    },
    "2013-03-31": {
        "Diluted EPS": -0.77,
        "Total Revenue": 810,
        "Gross Profit": 161,
        "Operating Income": 2,
        "EBIT": 42,
        "Net Income": -34
    },
    "2012-12-31": {
        "Diluted EPS": 1.83,
        "Total Revenue": 979,
        "Gross Profit": 286,
        "Operating Income": 115,
        "EBIT": 161,
        "Net Income": 82
    },
    "2012-09-30": {
        "Diluted EPS": -0.28,
        "Total Revenue": 877,
        "Gross Profit": 219,
        "Operating Income": 61,
        "EBIT": 101,
        "Net Income": -12
    },
    "2012-06-30": {
        "Diluted EPS": 0.99,
        "Total Revenue": 921,
        "Gross Profit": 243,
        "Operating Income": 79,
        "EBIT": 126,
        "Net Income": 47
    },
    "2012-03-31": {
        "Diluted EPS": 0.3,
        "Total Revenue": 928,
        "Gross Profit": 226,
        "Operating Income": 64,
        "EBIT": 106,
        "Net Income": 13
    },
    "2011-12-31": {
        "Diluted EPS": 2.3,
        "Total Revenue": 985,
        "Gross Profit": 280,
        "Operating Income": 122,
        "EBIT": 167,
        "Net Income": 94
    },
    "2011-09-30": {
        "Diluted EPS": 1.63,
        "Total Revenue": NaN,
        "Gross Profit": 285,
        "Operating Income": 113,
        "EBIT": 160,
        "Net Income": 79
    },
    "2011-06-30": {
        "Diluted EPS": -0.27,
        "Total Revenue": 937,
        "Gross Profit": 214,
        "Operating Income": 48,
        "EBIT": 98,
        "Net Income": -12
    },
    "2011-03-31": {
        "Diluted EPS": -0.95,
        "Total Revenue": 911,
        "Gross Profit": 208,
        "Operating Income": 42,
        "EBIT": 95,
        "Net Income": -41
    },
    "2010-12-31": {
        "Diluted EPS": 2.3,
        "Total Revenue": NaN,
        "Gross Profit": 311,
        "Operating Income": 135,
        "EBIT": 195,
        "Net Income": 99
    },
    "2010-09-30": {
        "Diluted EPS": 0.65,
        "Total Revenue": 961,
        "Gross Profit": 237,
        "Operating Income": 76,
        "EBIT": 137,
        "Net Income": 28
    },
    "2010-06-30": {
        "Diluted EPS": 2.77,
        "Total Revenue": NaN,
        "Gross Profit": 288,
        "Operating Income": 107,
        "EBIT": 169,
        "Net Income": 120
    },
    "2010-03-31": {
        "Diluted EPS": -0.27,
        "Total Revenue": 977,
        "Gross Profit": 235,
        "Operating Income": 59,
        "EBIT": 125,
        "Net Income": -12
    },
    "2009-12-31": {
        "Diluted EPS": 2.91,
        "Total Revenue": NaN,
        "Gross Profit": 340,
        "Operating Income": 136,
        "EBIT": 232,
        "Net Income": 115
    },
    "2009-09-30": {
        "Diluted EPS": 1.48,
        "Total Revenue": NaN,
        "Gross Profit": 298,
        "Operating Income": 112,
        "EBIT": 194,
        "Net Income": 61
    },
    "2009-06-30": {
        "Diluted EPS": 1.02,
        "Total Revenue": NaN,
        "Gross Profit": 261,
        "Operating Income": 68,
        "EBIT": 158,
        "Net Income": 38
    },
    "2009-03-31": {
        "Diluted EPS": -0.66,
        "Total Revenue": NaN,
        "Gross Profit": 215,
        "Operating Income": 15,
        "EBIT": 99,
        "Net Income": -24
    },
    "2023-09-30": {
        "Tax Effect Of Unusual Items": NaN,
        "Tax Rate For Calcs": NaN,
        "Normalized EBITDA": NaN,
        "Total Unusual Items": NaN,
        "Total Unusual Items Excluding Goodwill": NaN,
        "Net Income From Continuing Operation Net Minority Interest": NaN,
        "Reconciled Depreciation": NaN,
        "Reconciled Cost Of Revenue": NaN,
        "EBITDA": NaN,
        "EBIT": NaN,
        "Net Interest Income": NaN,
        "Interest Expense": NaN,
        "Normalized Income": NaN,
        "Net Income From Continuing And Discontinued Operation": NaN,
        "Total Expenses": NaN,
        "Total Operating Income As Reported": NaN,
        "Diluted Average Shares": NaN,
        "Basic Average Shares": NaN,
        "Diluted EPS": NaN,
        "Basic EPS": NaN,
        "Diluted NI Availto Com Stockholders": NaN,
        "Net Income Common Stockholders": NaN,
        "Net Income": NaN,
        "Minority Interests": NaN,
        "Net Income Including Noncontrolling Interests": NaN,
        "Net Income Continuous Operations": NaN,
        "Tax Provision": NaN,
        "Pretax Income": NaN,
        "Other Income Expense": NaN,
        "Other Non Operating Income Expenses": NaN,
        "Special Income Charges": 4700000.0,
        "Gain On Sale Of Business": 4700000.0,
        "Impairment Of Capital Assets": 0.0,
        "Gain On Sale Of Security": NaN,
        "Net Non Operating Interest Income Expense": NaN,
        "Interest Expense Non Operating": NaN,
        "Operating Income": NaN,
        "Operating Expense": NaN,
        "Research And Development": NaN,
        "Selling General And Administration": NaN,
        "General And Administrative Expense": NaN,
        "Other Gand A": NaN,
        "Salaries And Wages": 9900000.0,
        "Gross Profit": NaN,
        "Cost Of Revenue": NaN,
        "Total Revenue": NaN,
        "Operating Revenue": NaN
    },
    "2023-12-31": {
        "Tax Effect Of Unusual Items": 840000.0,
        "Tax Rate For Calcs": 0.21,
        "Normalized EBITDA": -101300000.0,
        "Total Unusual Items": 4000000.0,
        "Total Unusual Items Excluding Goodwill": 4000000.0,
        "Net Income From Continuing Operation Net Minority Interest": -165300000.0,
        "Reconciled Depreciation": 35400000.0,
        "Reconciled Cost Of Revenue": 376400000.0,
        "EBITDA": -97300000.0,
        "EBIT": -132700000.0,
        "Net Interest Income": -7900000.0,
        "Interest Expense": 7900000.0,
        "Normalized Income": -168460000.0,
        "Net Income From Continuing And Discontinued Operation": -165300000.0,
        "Total Expenses": 307200000.0,
        "Total Operating Income As Reported": 44000000.0,
        "Diluted Average Shares": 69767000.0,
        "Basic Average Shares": 68402000.0,
        "Diluted EPS": -2.42,
        "Basic EPS": -2.42,
        "Diluted NI Availto Com Stockholders": -165300000.0,
        "Net Income Common Stockholders": -165300000.0,
        "Net Income": -165300000.0,
        "Minority Interests": -1100000.0,
        "Net Income Including Noncontrolling Interests": -164200000.0,
        "Net Income Continuous Operations": -164200000.0,
        "Tax Provision": 23600000.0,
        "Pretax Income": -140600000.0,
        "Other Income Expense": -383100000.0,
        "Special Income Charges": NaN,
        "Gain On Sale Of Business": NaN,
        "Impairment Of Capital Assets": NaN,
        "Gain On Sale Of Security": -2300000.0,
        "Net Non Operating Interest Income Expense": -7900000.0,
        "Interest Expense Non Operating": 7900000.0,
        "Operating Income": 250400000.0,
        "Operating Expense": -69200000.0,
        "Research And Development": 8200000.0,
        "Selling General And Administration": -84000000.0,
        "General And Administrative Expense": -84000000.0,
        "Other Gand A": 129000000.0,
        "Salaries And Wages": NaN,
        "Gross Profit": 181200000.0,
        "Cost Of Revenue": 376400000.0,
        "Total Revenue": 557600000.0,
        "Operating Revenue": 557600000.0
    },
    "2024-03-31": {
        "Tax Effect Of Unusual Items": NaN,
        "Tax Rate For Calcs": NaN,
        "Normalized EBITDA": NaN,
        "Total Unusual Items": NaN,
        "Total Unusual Items Excluding Goodwill": NaN,
        "Net Income From Continuing Operation Net Minority Interest": NaN,
        "Reconciled Depreciation": NaN,
        "Reconciled Cost Of Revenue": NaN,
        "EBITDA": NaN,
        "EBIT": NaN,
        "Net Interest Income": NaN,
        "Interest Expense": NaN,
        "Interest Income": NaN,
        "Normalized Income": NaN,
        "Net Income From Continuing And Discontinued Operation": NaN,
        "Total Expenses": NaN,
        "Total Operating Income As Reported": NaN,
        "Diluted Average Shares": NaN,
        "Basic Average Shares": NaN,
        "Diluted EPS": NaN,
        "Basic EPS": NaN,
        "Diluted NI Availto Com Stockholders": NaN,
        "Net Income Common Stockholders": NaN,
        "Net Income": NaN,
        "Minority Interests": NaN,
        "Net Income Including Noncontrolling Interests": NaN,
        "Net Income Continuous Operations": NaN,
        "Tax Provision": NaN,
        "Pretax Income": NaN,
        "Other Income Expense": NaN,
        "Other Non Operating Income Expenses": NaN,
        "Special Income Charges": NaN,
        "Gain On Sale Of Business": 19000000.0,
        "Other Special Charges": NaN,
        "Impairment Of Capital Assets": NaN,
        "Gain On Sale Of Security": NaN,
        "Net Non Operating Interest Income Expense": NaN,
        "Interest Expense Non Operating": NaN,
        "Interest Income Non Operating": NaN,
        "Operating Income": NaN,
        "Operating Expense": NaN,
        "Research And Development": NaN,
        "Selling General And Administration": NaN,
        "General And Administrative Expense": NaN,
        "Other Gand A": NaN,
        "Salaries And Wages": NaN,
        "Gross Profit": NaN,
        "Cost Of Revenue": NaN,
        "Total Revenue": NaN,
        "Operating Revenue": NaN
    },
    "2024-06-30": {
        "Tax Effect Of Unusual Items": NaN,
        "Tax Rate For Calcs": NaN,
        "Normalized EBITDA": NaN,
        "Total Unusual Items": NaN,
        "Total Unusual Items Excluding Goodwill": NaN,
        "Net Income From Continuing Operation Net Minority Interest": NaN,
        "Reconciled Depreciation": NaN,
        "Reconciled Cost Of Revenue": NaN,
        "EBITDA": NaN,
        "EBIT": NaN,
        "Net Interest Income": NaN,
        "Interest Expense": NaN,
        "Interest Income": NaN,
        "Normalized Income": NaN,
        "Net Income From Continuing And Discontinued Operation": NaN,
        "Total Expenses": NaN,
        "Total Operating Income As Reported": NaN,
        "Diluted Average Shares": NaN,
        "Basic Average Shares": NaN,
        "Diluted EPS": NaN,
        "Basic EPS": NaN,
        "Diluted NI Availto Com Stockholders": NaN,
        "Net Income Common Stockholders": NaN,
        "Net Income": NaN,
        "Minority Interests": NaN,
        "Net Income Including Noncontrolling Interests": NaN,
        "Net Income Continuous Operations": NaN,
        "Tax Provision": NaN,
        "Pretax Income": NaN,
        "Other Income Expense": NaN,
        "Other Non Operating Income Expenses": 400000.0,
        "Special Income Charges": 0.0,
        "Gain On Sale Of Business": 400000.0,
        "Other Special Charges": NaN,
        "Impairment Of Capital Assets": NaN,
        "Gain On Sale Of Security": NaN,
        "Net Non Operating Interest Income Expense": NaN,
        "Interest Expense Non Operating": NaN,
        "Interest Income Non Operating": NaN,
        "Operating Income": NaN,
        "Operating Expense": NaN,
        "Research And Development": NaN,
        "Selling General And Administration": NaN,
        "General And Administrative Expense": NaN,
        "Other Gand A": NaN,
        "Salaries And Wages": 12100000.0,
        "Gross Profit": NaN,
        "Cost Of Revenue": NaN,
        "Total Revenue": NaN,
        "Operating Revenue": NaN
    },
    "2024-09-30": {
        "Tax Effect Of Unusual Items": -7770000.0,
        "Tax Rate For Calcs": 0.21,
        "Normalized EBITDA": 60600000.0,
        "Total Unusual Items": -37000000.0,
        "Total Unusual Items Excluding Goodwill": -37000000.0,
        "Net Income From Continuing Operation Net Minority Interest": -61900000.0,
        "Reconciled Depreciation": 24300000.0,
        "Reconciled Cost Of Revenue": 352000000.0,
        "EBITDA": 23600000.0,
        "EBIT": -700000.0,
        "Net Interest Income": -2400000.0,
        "Interest Expense": 7900000.0,
        "Interest Income": NaN,
        "Normalized Income": -32670000.0,
        "Net Income From Continuing And Discontinued Operation": -61900000.0,
        "Total Expenses": 450400000.0,
        "Total Operating Income As Reported": 7500000.0,
        "Diluted Average Shares": 69357000.0,
        "Basic Average Shares": 69357000.0,
        "Diluted EPS": -0.89,
        "Basic EPS": -0.89,
        "Diluted NI Availto Com Stockholders": -61900000.0,
        "Net Income Common Stockholders": -61900000.0,
        "Net Income": -61900000.0,
        "Minority Interests": 0.0,
        "Net Income Including Noncontrolling Interests": -61900000.0,
        "Net Income Continuous Operations": -61900000.0,
        "Tax Provision": 53300000.0,
        "Pretax Income": -8600000.0,
        "Other Income Expense": -52800000.0,
        "Other Non Operating Income Expenses": -15800000.0,
        "Special Income Charges": -39100000.0,
        "Gain On Sale Of Business": 1400000.0,
        "Other Special Charges": NaN,
        "Impairment Of Capital Assets": 39100000.0,
        "Gain On Sale Of Security": 2100000.0,
        "Net Non Operating Interest Income Expense": -2400000.0,
        "Interest Expense Non Operating": 7900000.0,
        "Interest Income Non Operating": NaN,
        "Operating Income": 46600000.0,
        "Operating Expense": 98400000.0,
        "Research And Development": 6500000.0,
        "Selling General And Administration": 91900000.0,
        "General And Administrative Expense": 91900000.0,
        "Other Gand A": 91900000.0,
        "Salaries And Wages": 11700000.0,
        "Gross Profit": 145000000.0,
        "Cost Of Revenue": 352000000.0,
        "Total Revenue": 497000000.0,
        "Operating Revenue": 497000000.0
    },
    "2024-12-31": {
        "Tax Effect Of Unusual Items": -5208000.0,
        "Tax Rate For Calcs": 0.21,
        "Normalized EBITDA": 120900000.0,
        "Total Unusual Items": -24800000.0,
        "Total Unusual Items Excluding Goodwill": -24800000.0,
        "Net Income From Continuing Operation Net Minority Interest": 30000000.0,
        "Reconciled Depreciation": 28600000.0,
        "Reconciled Cost Of Revenue": 370400000.0,
        "EBITDA": 96100000.0,
        "EBIT": 67500000.0,
        "Net Interest Income": -8200000.0,
        "Interest Expense": 8200000.0,
        "Interest Income": NaN,
        "Normalized Income": 49592000.0,
        "Net Income From Continuing And Discontinued Operation": 30000000.0,
        "Total Expenses": 272300000.0,
        "Total Operating Income As Reported": 48600000.0,
        "Diluted Average Shares": 72938000.0,
        "Basic Average Shares": 69458000.0,
        "Diluted EPS": 0.41,
        "Basic EPS": 0.43,
        "Diluted NI Availto Com Stockholders": 30000000.0,
        "Net Income Common Stockholders": 30000000.0,
        "Net Income": 30000000.0,
        "Minority Interests": -500000.0,
        "Net Income Including Noncontrolling Interests": 30500000.0,
        "Net Income Continuous Operations": 30500000.0,
        "Tax Provision": 28800000.0,
        "Pretax Income": 59300000.0,
        "Other Income Expense": -205600000.0,
        "Other Non Operating Income Expenses": NaN,
        "Special Income Charges": -20800000.0,
        "Gain On Sale Of Business": NaN,
        "Other Special Charges": NaN,
        "Impairment Of Capital Assets": 0.0,
        "Gain On Sale Of Security": -4000000.0,
        "Net Non Operating Interest Income Expense": -8200000.0,
        "Interest Expense Non Operating": 8200000.0,
        "Interest Income Non Operating": NaN,
        "Operating Income": 273100000.0,
        "Operating Expense": -98100000.0,
        "Research And Development": 7700000.0,
        "Selling General And Administration": -51300000.0,
        "General And Administrative Expense": -51300000.0,
        "Other Gand A": 118700000.0,
        "Salaries And Wages": NaN,
        "Gross Profit": 175000000.0,
        "Cost Of Revenue": 370400000.0,
        "Total Revenue": 545400000.0,
        "Operating Revenue": 545400000.0
    },
    "2025-03-31": {
        "Tax Effect Of Unusual Items": 273000.0,
        "Tax Rate For Calcs": 0.21,
        "Normalized EBITDA": 9500000.0,
        "Total Unusual Items": 1300000.0,
        "Total Unusual Items Excluding Goodwill": 1300000.0,
        "Net Income From Continuing Operation Net Minority Interest": -29500000.0,
        "Reconciled Depreciation": 22600000.0,
        "Reconciled Cost Of Revenue": 324600000.0,
        "EBITDA": 10800000.0,
        "EBIT": -11800000.0,
        "Net Interest Income": -8200000.0,
        "Interest Expense": 8200000.0,
        "Interest Income": NaN,
        "Normalized Income": -30527000.0,
        "Net Income From Continuing And Discontinued Operation": -29500000.0,
        "Total Expenses": 448500000.0,
        "Total Operating Income As Reported": 5100000.0,
        "Diluted Average Shares": 70238095.0,
        "Basic Average Shares": 70238095.0,
        "Diluted EPS": -0.42,
        "Basic EPS": -0.42,
        "Diluted NI Availto Com Stockholders": -29500000.0,
        "Net Income Common Stockholders": -29500000.0,
        "Net Income": -29500000.0,
        "Minority Interests": 1100000.0,
        "Net Income Including Noncontrolling Interests": -30600000.0,
        "Net Income Continuous Operations": -30600000.0,
        "Tax Provision": 10600000.0,
        "Pretax Income": -20000000.0,
        "Other Income Expense": 4600000.0,
        "Other Non Operating Income Expenses": 3300000.0,
        "Special Income Charges": NaN,
        "Gain On Sale Of Business": NaN,
        "Other Special Charges": NaN,
        "Impairment Of Capital Assets": NaN,
        "Gain On Sale Of Security": 1300000.0,
        "Net Non Operating Interest Income Expense": -8200000.0,
        "Interest Expense Non Operating": 8200000.0,
        "Interest Income Non Operating": NaN,
        "Operating Income": -16400000.0,
        "Operating Expense": 123900000.0,
        "Research And Development": 5600000.0,
        "Selling General And Administration": 118300000.0,
        "General And Administrative Expense": 118300000.0,
        "Other Gand A": 96800000.0,
        "Salaries And Wages": 21500000.0,
        "Gross Profit": 107500000.0,
        "Cost Of Revenue": 324600000.0,
        "Total Revenue": 432100000.0,
        "Operating Revenue": 432100000.0
    },
    "2025-06-30": {
        "Tax Effect Of Unusual Items": 0.0,
        "Tax Rate For Calcs": 0.0,
        "Normalized EBITDA": 40000000.0,
        "Total Unusual Items": -5800000.0,
        "Total Unusual Items Excluding Goodwill": -5800000.0,
        "Net Income From Continuing Operation Net Minority Interest": -20100000.0,
        "Reconciled Depreciation": 26000000.0,
        "Reconciled Cost Of Revenue": 353300000.0,
        "EBITDA": 34200000.0,
        "EBIT": 8200000.0,
        "Net Interest Income": -8200000.0,
        "Interest Expense": 8200000.0,
        "Interest Income": NaN,
        "Normalized Income": -14300000.0,
        "Net Income From Continuing And Discontinued Operation": -20100000.0,
        "Total Expenses": 474600000.0,
        "Total Operating Income As Reported": 30300000.0,
        "Diluted Average Shares": 71261000.0,
        "Basic Average Shares": 71261000.0,
        "Diluted EPS": -0.28,
        "Basic EPS": -0.28,
        "Diluted NI Availto Com Stockholders": -20100000.0,
        "Net Income Common Stockholders": -20100000.0,
        "Net Income": -20100000.0,
        "Minority Interests": -100000.0,
        "Net Income Including Noncontrolling Interests": -20000000.0,
        "Net Income Continuous Operations": -20000000.0,
        "Tax Provision": 20000000.0,
        "Pretax Income": 0.0,
        "Other Income Expense": -500000.0,
        "Other Non Operating Income Expenses": 5300000.0,
        "Special Income Charges": -6800000.0,
        "Gain On Sale Of Business": NaN,
        "Other Special Charges": 6800000.0,
        "Impairment Of Capital Assets": NaN,
        "Gain On Sale Of Security": 1000000.0,
        "Net Non Operating Interest Income Expense": -8200000.0,
        "Interest Expense Non Operating": 8200000.0,
        "Interest Income Non Operating": NaN,
        "Operating Income": 8700000.0,
        "Operating Expense": 121300000.0,
        "Research And Development": 6100000.0,
        "Selling General And Administration": 115200000.0,
        "General And Administrative Expense": 115200000.0,
        "Other Gand A": 93600000.0,
        "Salaries And Wages": 21600000.0,
        "Gross Profit": 130000000.0,
        "Cost Of Revenue": 353300000.0,
        "Total Revenue": 483300000.0,
        "Operating Revenue": 483300000.0
    },
    "2025-09-30": {
        "Tax Effect Of Unusual Items": -12369000.0,
        "Tax Rate For Calcs": 0.21,
        "Normalized EBITDA": -193900000.0,
        "Total Unusual Items": -58900000.0,
        "Total Unusual Items Excluding Goodwill": -58900000.0,
        "Net Income From Continuing Operation Net Minority Interest": -308900000.0,
        "Reconciled Depreciation": 21900000.0,
        "Reconciled Cost Of Revenue": 343000000.0,
        "EBITDA": -252800000.0,
        "EBIT": -274700000.0,
        "Net Interest Income": -13500000.0,
        "Interest Expense": 18200000.0,
        "Interest Income": 4700000.0,
        "Normalized Income": -262369000.0,
        "Net Income From Continuing And Discontinued Operation": -308900000.0,
        "Total Expenses": 438700000.0,
        "Total Operating Income As Reported": -33500000.0,
        "Diluted Average Shares": 71301000.0,
        "Basic Average Shares": 71301000.0,
        "Diluted EPS": -4.33,
        "Basic EPS": -4.33,
        "Diluted NI Availto Com Stockholders": -308900000.0,
        "Net Income Common Stockholders": -308900000.0,
        "Net Income": -308900000.0,
        "Minority Interests": 300000.0,
        "Net Income Including Noncontrolling Interests": -309200000.0,
        "Net Income Continuous Operations": -309200000.0,
        "Tax Provision": 16300000.0,
        "Pretax Income": -292900000.0,
        "Other Income Expense": -300900000.0,
        "Other Non Operating Income Expenses": -242000000.0,
        "Special Income Charges": -55200000.0,
        "Gain On Sale Of Business": NaN,
        "Other Special Charges": 200000.0,
        "Impairment Of Capital Assets": 55000000.0,
        "Gain On Sale Of Security": -3700000.0,
        "Net Non Operating Interest Income Expense": -13500000.0,
        "Interest Expense Non Operating": 18200000.0,
        "Interest Income Non Operating": 4700000.0,
        "Operating Income": 21500000.0,
        "Operating Expense": 95700000.0,
        "Research And Development": 4800000.0,
        "Selling General And Administration": 90900000.0,
        "General And Administrative Expense": 90900000.0,
        "Other Gand A": 90900000.0,
        "Salaries And Wages": 242500000.0,
        "Gross Profit": 117200000.0,
        "Cost Of Revenue": 343000000.0,
        "Total Revenue": 460200000.0,
        "Operating Revenue": 460200000.0
    }
}