{
    "2023-04-30": {
        "Tax Effect Of Unusual Items": NaN,
        "Tax Rate For Calcs": NaN,
        "Normalized EBITDA": NaN,
        "Total Unusual Items": NaN,
        "Total Unusual Items Excluding Goodwill": NaN,
        "Net Income From Continuing Operation Net Minority Interest": NaN,
        "Reconciled Depreciation": NaN,
        "Reconciled Cost Of Revenue": NaN,
        "EBITDA": NaN,
        "EBIT": NaN,
        "Net Interest Income": NaN,
        "Interest Income": NaN,
        "Normalized Income": NaN,
        "Net Income From Continuing And Discontinued Operation": NaN,
        "Total Expenses": NaN,
        "Total Operating Income As Reported": NaN,
        "Diluted Average Shares": NaN,
        "Basic Average Shares": NaN,
        "Diluted EPS": NaN,
        "Basic EPS": NaN,
        "Diluted NI Availto Com Stockholders": NaN,
        "Net Income Common Stockholders": NaN,
        "Net Income": NaN,
        "Net Income Including Noncontrolling Interests": NaN,
        "Net Income Continuous Operations": NaN,
        "Tax Provision": NaN,
        "Pretax Income": NaN,
        "Other Income Expense": NaN,
        "Special Income Charges": NaN,
        "Other Special Charges": NaN,
        "Net Non Operating Interest Income Expense": NaN,
        "Total Other Finance Cost": -7348000.0,
        "Interest Income Non Operating": NaN,
        "Operating Income": NaN,
        "Operating Expense": NaN,
        "Other Operating Expenses": 658000.0,
        "Selling General And Administration": NaN,
        "Gross Profit": NaN,
        "Cost Of Revenue": NaN,
        "Total Revenue": NaN,
        "Operating Revenue": NaN
    },
    "2023-01-31": {
        "Tax Effect Of Unusual Items": NaN,
        "Tax Rate For Calcs": NaN,
        "Normalized EBITDA": NaN,
        "Total Unusual Items": NaN,
        "Total Unusual Items Excluding Goodwill": NaN,
        "Net Income From Continuing Operation Net Minority Interest": NaN,
        "Reconciled Depreciation": NaN,
        "Reconciled Cost Of Revenue": NaN,
        "EBITDA": NaN,
        "EBIT": NaN,
        "Net Interest Income": NaN,
        "Interest Income": NaN,
        "Normalized Income": NaN,
        "Net Income From Continuing And Discontinued Operation": NaN,
        "Total Expenses": NaN,
        "Total Operating Income As Reported": NaN,
        "Diluted Average Shares": NaN,
        "Basic Average Shares": NaN,
        "Diluted EPS": NaN,
        "Basic EPS": NaN,
        "Diluted NI Availto Com Stockholders": NaN,
        "Net Income Common Stockholders": NaN,
        "Net Income": NaN,
        "Net Income Including Noncontrolling Interests": NaN,
        "Net Income Continuous Operations": NaN,
        "Tax Provision": NaN,
        "Pretax Income": NaN,
        "Other Income Expense": NaN,
        "Special Income Charges": NaN,
        "Other Special Charges": NaN,
        "Net Non Operating Interest Income Expense": NaN,
        "Total Other Finance Cost": -4378000.0,
        "Interest Income Non Operating": NaN,
        "Operating Income": NaN,
        "Operating Expense": NaN,
        "Other Operating Expenses": 2179000.0,
        "Selling General And Administration": NaN,
        "Gross Profit": NaN,
        "Cost Of Revenue": NaN,
        "Total Revenue": NaN,
        "Operating Revenue": NaN
    },
    "2022-10-31": {
        "Tax Effect Of Unusual Items": NaN,
        "Tax Rate For Calcs": NaN,
        "Normalized EBITDA": NaN,
        "Total Unusual Items": NaN,
        "Total Unusual Items Excluding Goodwill": NaN,
        "Net Income From Continuing Operation Net Minority Interest": NaN,
        "Reconciled Depreciation": NaN,
        "Reconciled Cost Of Revenue": NaN,
        "EBITDA": NaN,
        "EBIT": NaN,
        "Net Interest Income": NaN,
        "Interest Income": 849000.0,
        "Normalized Income": NaN,
        "Net Income From Continuing And Discontinued Operation": NaN,
        "Total Expenses": NaN,
        "Total Operating Income As Reported": NaN,
        "Diluted Average Shares": NaN,
        "Basic Average Shares": NaN,
        "Diluted EPS": NaN,
        "Basic EPS": NaN,
        "Diluted NI Availto Com Stockholders": NaN,
        "Net Income Common Stockholders": NaN,
        "Net Income": NaN,
        "Net Income Including Noncontrolling Interests": NaN,
        "Net Income Continuous Operations": NaN,
        "Tax Provision": NaN,
        "Pretax Income": NaN,
        "Other Income Expense": NaN,
        "Special Income Charges": NaN,
        "Other Special Charges": NaN,
        "Net Non Operating Interest Income Expense": NaN,
        "Total Other Finance Cost": -849000.0,
        "Interest Income Non Operating": 849000.0,
        "Operating Income": NaN,
        "Operating Expense": NaN,
        "Other Operating Expenses": 3797000.0,
        "Selling General And Administration": NaN,
        "Gross Profit": NaN,
        "Cost Of Revenue": NaN,
        "Total Revenue": NaN,
        "Operating Revenue": NaN
    },
    "2022-07-31": {
        "Tax Effect Of Unusual Items": 0.0,
        "Tax Rate For Calcs": 0.245,
        "Normalized EBITDA": 452310000.0,
        "Net Income From Continuing Operation Net Minority Interest": 295677000.0,
        "Reconciled Depreciation": 60882000.0,
        "Reconciled Cost Of Revenue": 1368949000.0,
        "EBITDA": 452310000.0,
        "EBIT": 391428000.0,
        "Net Interest Income": 108000.0,
        "Normalized Income": 295677000.0,
        "Net Income From Continuing And Discontinued Operation": 295677000.0,
        "Total Expenses": 1905685000.0,
        "Total Operating Income As Reported": 391428000.0,
        "Diluted Average Shares": 51900000.0,
        "Basic Average Shares": 51607000.0,
        "Diluted EPS": 5.7,
        "Basic EPS": 5.73,
        "Diluted NI Availto Com Stockholders": 295677000.0,
        "Net Income Common Stockholders": 295677000.0,
        "Net Income": 295677000.0,
        "Net Income Including Noncontrolling Interests": 295677000.0,
        "Net Income Continuous Operations": 295677000.0,
        "Tax Provision": 95859000.0,
        "Pretax Income": 391536000.0,
        "Net Non Operating Interest Income Expense": 108000.0,
        "Total Other Finance Cost": -108000.0,
        "Operating Income": 391428000.0,
        "Operating Expense": 536736000.0,
        "Other Operating Expenses": 2277000.0,
        "Selling General And Administration": 534459000.0,
        "Gross Profit": 928164000.0,
        "Cost Of Revenue": 1368949000.0,
        "Total Revenue": 2297113000.0,
        "Operating Revenue": 2297113000.0
    },
    "2022-04-30": {
        "Diluted EPS": 6.3,
        "Total Revenue": NaN,
        "Gross Profit": 941,
        "Operating Income": 438,
        "EBIT": 501,
        "Net Income": 331
    },
    "2022-01-31": {
        "Diluted EPS": 5.38,
        "Total Revenue": NaN,
        "Gross Profit": NaN,
        "Operating Income": 376,
        "EBIT": 439,
        "Net Income": 289
    },
    "2021-10-31": {
        "Diluted EPS": 3.94,
        "Total Revenue": NaN,
        "Gross Profit": 789,
        "Operating Income": 284,
        "EBIT": 349,
        "Net Income": 215
    },
    "2021-07-31": {
        "Diluted EPS": 4.56,
        "Total Revenue": NaN,
        "Gross Profit": 798,
        "Operating Income": 332,
        "EBIT": 401,
        "Net Income": 251
    },
    "2021-04-30": {
        "Diluted EPS": 4.1,
        "Total Revenue": NaN,
        "Gross Profit": 754,
        "Operating Income": 305,
        "EBIT": 376,
        "Net Income": 230
    },
    "2021-01-31": {
        "Diluted EPS": 3.04,
        "Total Revenue": NaN,
        "Gross Profit": 771,
        "Operating Income": 224,
        "EBIT": 296,
        "Net Income": 171
    },
    "2020-10-31": {
        "Diluted EPS": 1.32,
        "Total Revenue": NaN,
        "Gross Profit": 546,
        "Operating Income": 101,
        "EBIT": 174,
        "Net Income": 75
    },
    "2020-07-31": {
        "Diluted EPS": 0.14,
        "Total Revenue": NaN,
        "Gross Profit": 329,
        "Operating Income": 13,
        "EBIT": 90,
        "Net Income": 8
    },
    "2020-04-30": {
        "Diluted EPS": -1.39,
        "Total Revenue": NaN,
        "Gross Profit": 304,
        "Operating Income": -101,
        "EBIT": -25,
        "Net Income": -79
    },
    "2020-01-31": {
        "Diluted EPS": 3.88,
        "Total Revenue": NaN,
        "Gross Profit": 807,
        "Operating Income": 288,
        "EBIT": 364,
        "Net Income": 223
    },
    "2019-10-31": {
        "Diluted EPS": 2.25,
        "Total Revenue": NaN,
        "Gross Profit": 623,
        "Operating Income": 168,
        "EBIT": 242,
        "Net Income": 130
    },
    "2019-07-31": {
        "Diluted EPS": 2.76,
        "Total Revenue": NaN,
        "Gross Profit": 606,
        "Operating Income": 208,
        "EBIT": 281,
        "Net Income": 161
    },
    "2019-04-30": {
        "Diluted EPS": 3.26,
        "Total Revenue": NaN,
        "Gross Profit": 645,
        "Operating Income": 238,
        "EBIT": 309,
        "Net Income": 192
    },
    "2019-01-31": {
        "Diluted EPS": 3.6,
        "Total Revenue": NaN,
        "Gross Profit": 741,
        "Operating Income": 281,
        "EBIT": 353,
        "Net Income": 215
    },
    "2018-10-31": {
        "Diluted EPS": 2.18,
        "Total Revenue": NaN,
        "Gross Profit": 572,
        "Operating Income": 169,
        "EBIT": 239,
        "Net Income": 131
    },
    "2018-07-31": {
        "Diluted EPS": 2.46,
        "Total Revenue": NaN,
        "Gross Profit": 535,
        "Operating Income": 194,
        "EBIT": 263,
        "Net Income": 148
    },
    "2018-04-30": {
        "Diluted EPS": 2.7,
        "Total Revenue": NaN,
        "Gross Profit": 561,
        "Operating Income": 210,
        "EBIT": 279,
        "Net Income": 164
    },
    "2018-01-31": {
        "Diluted EPS": 3.38,
        "Total Revenue": NaN,
        "Gross Profit": 658,
        "Operating Income": 254,
        "EBIT": 319,
        "Net Income": 208
    },
    "2017-10-31": {
        "Diluted EPS": 1.7,
        "Total Revenue": NaN,
        "Gross Profit": 493,
        "Operating Income": 163,
        "EBIT": 225,
        "Net Income": 105
    },
    "2017-07-31": {
        "Diluted EPS": 1.83,
        "Total Revenue": NaN,
        "Gross Profit": 469,
        "Operating Income": 180,
        "EBIT": 243,
        "Net Income": 114
    },
    "2017-04-30": {
        "Diluted EPS": 2.05,
        "Total Revenue": NaN,
        "Gross Profit": 476,
        "Operating Income": 188,
        "EBIT": 251,
        "Net Income": 128
    },
    "2017-01-31": {
        "Diluted EPS": 2.24,
        "Total Revenue": NaN,
        "Gross Profit": 545,
        "Operating Income": 224,
        "EBIT": 284,
        "Net Income": 140
    },
    "2016-10-31": {
        "Diluted EPS": 1.4,
        "Total Revenue": NaN,
        "Gross Profit": 427,
        "Operating Income": 140,
        "EBIT": 193,
        "Net Income": 88
    },
    "2016-07-31": {
        "Diluted EPS": 1.43,
        "Total Revenue": NaN,
        "Gross Profit": 385,
        "Operating Income": 144,
        "EBIT": 193,
        "Net Income": 90
    },
    "2016-04-30": {
        "Diluted EPS": 1.45,
        "Total Revenue": NaN,
        "Gross Profit": 390,
        "Operating Income": 147,
        "EBIT": 195,
        "Net Income": 92
    },
    "2016-01-31": {
        "Diluted EPS": 1.68,
        "Total Revenue": NaN,
        "Gross Profit": 439,
        "Operating Income": 169,
        "EBIT": 215,
        "Net Income": 108
    },
    "2015-10-31": {
        "Diluted EPS": 1.11,
        "Total Revenue": 911,
        "Gross Profit": 336,
        "Operating Income": 111,
        "EBIT": 153,
        "Net Income": 71
    },
    "2015-07-31": {
        "Diluted EPS": 1.15,
        "Total Revenue": 877,
        "Gross Profit": 306,
        "Operating Income": 118,
        "EBIT": 157,
        "Net Income": 74
    },
    "2015-04-30": {
        "Diluted EPS": 1.04,
        "Total Revenue": 868,
        "Gross Profit": 303,
        "Operating Income": 108,
        "EBIT": 146,
        "Net Income": 67
    },
    "2015-01-31": {
        "Diluted EPS": 1.36,
        "Total Revenue": NaN,
        "Gross Profit": 350,
        "Operating Income": 137,
        "EBIT": 173,
        "Net Income": 87
    },
    "2014-10-31": {
        "Diluted EPS": 0.91,
        "Total Revenue": 746,
        "Gross Profit": 282,
        "Operating Income": 94,
        "EBIT": 128,
        "Net Income": 59
    },
    "2014-07-31": {
        "Diluted EPS": 0.94,
        "Total Revenue": 734,
        "Gross Profit": 259,
        "Operating Income": 98,
        "EBIT": 130,
        "Net Income": 61
    },
    "2014-04-30": {
        "Diluted EPS": 0.77,
        "Total Revenue": 714,
        "Gross Profit": 246,
        "Operating Income": 81,
        "EBIT": 111,
        "Net Income": 50
    },
    "2014-01-31": {
        "Diluted EPS": 1.1,
        "Total Revenue": 868,
        "Gross Profit": 294,
        "Operating Income": 114,
        "EBIT": 143,
        "Net Income": 71
    },
    "2013-10-31": {
        "Diluted EPS": 0.7,
        "Total Revenue": 619,
        "Gross Profit": 232,
        "Operating Income": 73,
        "EBIT": 100,
        "Net Income": 45
    },
    "2013-07-31": {
        "Diluted EPS": 0.7,
        "Total Revenue": 601,
        "Gross Profit": 212,
        "Operating Income": 73,
        "EBIT": 99,
        "Net Income": 45
    },
    "2013-04-30": {
        "Diluted EPS": 0.65,
        "Total Revenue": 583,
        "Gross Profit": 204,
        "Operating Income": 68,
        "EBIT": 92,
        "Net Income": 42
    },
    "2013-01-31": {
        "Diluted EPS": 1.01,
        "Total Revenue": 759,
        "Gross Profit": 260,
        "Operating Income": 104,
        "EBIT": 127,
        "Net Income": 65
    },
    "2012-10-31": {
        "Diluted EPS": 0.59,
        "Total Revenue": 506,
        "Gross Profit": 185,
        "Operating Income": 61,
        "EBIT": 84,
        "Net Income": 38
    },
    "2012-07-31": {
        "Diluted EPS": 0.54,
        "Total Revenue": 482,
        "Gross Profit": 168,
        "Operating Income": 57,
        "EBIT": 79,
        "Net Income": 35
    },
    "2012-04-30": {
        "Diluted EPS": 0.54,
        "Total Revenue": 474,
        "Gross Profit": 171,
        "Operating Income": 57,
        "EBIT": 78,
        "Net Income": 35
    },
    "2012-01-31": {
        "Diluted EPS": 0.73,
        "Total Revenue": 583,
        "Gross Profit": 198,
        "Operating Income": 73,
        "EBIT": 94,
        "Net Income": 46
    },
    "2011-10-31": {
        "Diluted EPS": 0.42,
        "Total Revenue": 413,
        "Gross Profit": 149,
        "Operating Income": 44,
        "EBIT": 63,
        "Net Income": 27
    },
    "2011-07-31": {
        "Diluted EPS": 0.38,
        "Total Revenue": 395,
        "Gross Profit": 134,
        "Operating Income": 40,
        "EBIT": 59,
        "Net Income": 24
    },
    "2011-04-30": {
        "Diluted EPS": 0.37,
        "Total Revenue": 386,
        "Gross Profit": 135,
        "Operating Income": 39,
        "EBIT": 57,
        "Net Income": 23
    },
    "2011-01-31": {
        "Diluted EPS": 0.48,
        "Total Revenue": 474,
        "Gross Profit": 157,
        "Operating Income": 49,
        "EBIT": 66,
        "Net Income": 30
    },
    "2010-10-31": {
        "Diluted EPS": 0.23,
        "Total Revenue": 339,
        "Gross Profit": 119,
        "Operating Income": 24,
        "EBIT": 40,
        "Net Income": 14
    },
    "2010-07-31": {
        "Diluted EPS": 0.22,
        "Total Revenue": 322,
        "Gross Profit": 104,
        "Operating Income": 22,
        "EBIT": 38,
        "Net Income": 13
    },
    "2010-04-30": {
        "Diluted EPS": 0.23,
        "Total Revenue": 320,
        "Gross Profit": 105,
        "Operating Income": 23,
        "EBIT": 39,
        "Net Income": 14
    },
    "2010-01-31": {
        "Diluted EPS": 0.34,
        "Total Revenue": 396,
        "Gross Profit": 127,
        "Operating Income": 34,
        "EBIT": 50,
        "Net Income": 20
    },
    "2009-10-31": {
        "Diluted EPS": 0.14,
        "Total Revenue": 284,
        "Gross Profit": 92,
        "Operating Income": 15,
        "EBIT": 30,
        "Net Income": 8
    },
    "2009-07-31": {
        "Diluted EPS": 0.1,
        "Total Revenue": 274,
        "Gross Profit": 79,
        "Operating Income": 10,
        "EBIT": 26,
        "Net Income": 6
    },
    "2009-04-30": {
        "Diluted EPS": 0.08,
        "Total Revenue": 269,
        "Gross Profit": 80,
        "Operating Income": 9,
        "EBIT": 24,
        "Net Income": 5
    },
    "2009-01-31": {
        "Diluted EPS": 0.21,
        "Total Revenue": 341,
        "Gross Profit": 105,
        "Operating Income": 21,
        "EBIT": 35,
        "Net Income": 12
    },
    "2023-07-31": {
        "Tax Effect Of Unusual Items": NaN,
        "Tax Rate For Calcs": NaN,
        "Normalized EBITDA": NaN,
        "Total Unusual Items": NaN,
        "Total Unusual Items Excluding Goodwill": NaN,
        "Net Income From Continuing Operation Net Minority Interest": NaN,
        "Reconciled Depreciation": NaN,
        "Reconciled Cost Of Revenue": NaN,
        "EBITDA": NaN,
        "EBIT": NaN,
        "Net Interest Income": NaN,
        "Interest Income": NaN,
        "Normalized Income": NaN,
        "Net Income From Continuing And Discontinued Operation": NaN,
        "Total Expenses": NaN,
        "Total Operating Income As Reported": NaN,
        "Diluted Average Shares": NaN,
        "Basic Average Shares": NaN,
        "Diluted EPS": NaN,
        "Basic EPS": NaN,
        "Diluted NI Availto Com Stockholders": NaN,
        "Net Income Common Stockholders": NaN,
        "Net Income": NaN,
        "Net Income Including Noncontrolling Interests": NaN,
        "Net Income Continuous Operations": NaN,
        "Tax Provision": NaN,
        "Pretax Income": NaN,
        "Other Income Expense": NaN,
        "Special Income Charges": NaN,
        "Other Special Charges": NaN,
        "Net Non Operating Interest Income Expense": NaN,
        "Total Other Finance Cost": -4449000.0,
        "Interest Income Non Operating": NaN,
        "Operating Income": NaN,
        "Operating Expense": NaN,
        "Other Operating Expenses": 1278000.0,
        "Selling General And Administration": NaN,
        "Gross Profit": NaN,
        "Cost Of Revenue": NaN,
        "Total Revenue": NaN,
        "Operating Revenue": NaN
    },
    "2023-10-31": {
        "Tax Effect Of Unusual Items": NaN,
        "Tax Rate For Calcs": NaN,
        "Normalized EBITDA": NaN,
        "Total Unusual Items": NaN,
        "Total Unusual Items Excluding Goodwill": NaN,
        "Net Income From Continuing Operation Net Minority Interest": NaN,
        "Reconciled Depreciation": NaN,
        "Reconciled Cost Of Revenue": NaN,
        "EBITDA": NaN,
        "EBIT": NaN,
        "Net Interest Income": NaN,
        "Interest Income": NaN,
        "Normalized Income": NaN,
        "Net Income From Continuing And Discontinued Operation": NaN,
        "Total Expenses": NaN,
        "Total Operating Income As Reported": NaN,
        "Diluted Average Shares": 49226000.0,
        "Basic Average Shares": 49007000.0,
        "Diluted EPS": 5.07,
        "Basic EPS": 5.09,
        "Diluted NI Availto Com Stockholders": NaN,
        "Net Income Common Stockholders": NaN,
        "Net Income": NaN,
        "Net Income Including Noncontrolling Interests": NaN,
        "Net Income Continuous Operations": NaN,
        "Tax Provision": NaN,
        "Pretax Income": NaN,
        "Other Income Expense": NaN,
        "Special Income Charges": NaN,
        "Other Special Charges": NaN,
        "Net Non Operating Interest Income Expense": NaN,
        "Interest Income Non Operating": 2497000.0,
        "Operating Income": NaN,
        "Operating Expense": NaN,
        "Selling General And Administration": NaN,
        "Gross Profit": NaN,
        "Cost Of Revenue": NaN,
        "Total Revenue": NaN,
        "Operating Revenue": NaN
    },
    "2024-01-31": {
        "Tax Effect Of Unusual Items": -754233.300923,
        "Tax Rate For Calcs": NaN,
        "Normalized EBITDA": 585885000.0,
        "Total Unusual Items": -3114000.0,
        "Total Unusual Items Excluding Goodwill": -3114000.0,
        "Net Income From Continuing Operation Net Minority Interest": 394369000.0,
        "Reconciled Depreciation": 62567000.0,
        "Reconciled Cost Of Revenue": NaN,
        "EBITDA": NaN,
        "EBIT": 520204000.0,
        "Net Interest Income": 3328000.0,
        "Interest Income": NaN,
        "Normalized Income": 396728766.699077,
        "Net Income From Continuing And Discontinued Operation": 394369000.0,
        "Total Expenses": 3034094000.0,
        "Total Operating Income As Reported": 517090000.0,
        "Diluted Average Shares": 48795000.0,
        "Basic Average Shares": 48500000.0,
        "Diluted EPS": 8.08,
        "Basic EPS": 8.13,
        "Diluted NI Availto Com Stockholders": 394369000.0,
        "Net Income Common Stockholders": 394369000.0,
        "Net Income": 394369000.0,
        "Net Income Including Noncontrolling Interests": 394369000.0,
        "Net Income Continuous Operations": 394369000.0,
        "Tax Provision": 126049000.0,
        "Pretax Income": 520418000.0,
        "Other Income Expense": -3114000.0,
        "Special Income Charges": -3114000.0,
        "Other Special Charges": NaN,
        "Net Non Operating Interest Income Expense": 3328000.0,
        "Interest Income Non Operating": NaN,
        "Operating Income": 520204000.0,
        "Operating Expense": 820360000.0,
        "Selling General And Administration": 820360000.0,
        "Gross Profit": 1340564000.0,
        "Cost Of Revenue": 2213734000.0,
        "Total Revenue": 3554298000.0,
        "Operating Revenue": 3554298000.0
    },
    "2024-04-30": {
        "Tax Effect Of Unusual Items": -677208.0,
        "Tax Rate For Calcs": 0.232,
        "Normalized EBITDA": 471525000.0,
        "Total Unusual Items": -2919000.0,
        "Total Unusual Items Excluding Goodwill": -2919000.0,
        "Net Income From Continuing Operation Net Minority Interest": 313113000.0,
        "Reconciled Depreciation": 64739000.0,
        "Reconciled Cost Of Revenue": 1656068000.0,
        "EBITDA": 468606000.0,
        "EBIT": 403867000.0,
        "Net Interest Income": 6900000.0,
        "Interest Income": 6900000.0,
        "Normalized Income": 315354792.0,
        "Net Income From Continuing And Discontinued Operation": 313113000.0,
        "Total Expenses": 2321981000.0,
        "Total Operating Income As Reported": 400948000.0,
        "Diluted Average Shares": 48381000.0,
        "Basic Average Shares": 48125000.0,
        "Diluted EPS": 6.47,
        "Basic EPS": 6.51,
        "Diluted NI Availto Com Stockholders": 313113000.0,
        "Net Income Common Stockholders": 313113000.0,
        "Net Income": 313113000.0,
        "Net Income Including Noncontrolling Interests": 313113000.0,
        "Net Income Continuous Operations": 313113000.0,
        "Tax Provision": 94735000.0,
        "Pretax Income": 407848000.0,
        "Other Income Expense": -2919000.0,
        "Special Income Charges": -2919000.0,
        "Other Special Charges": 2919000.0,
        "Net Non Operating Interest Income Expense": 6900000.0,
        "Interest Income Non Operating": 6900000.0,
        "Operating Income": 403867000.0,
        "Operating Expense": 665913000.0,
        "Selling General And Administration": 665913000.0,
        "Gross Profit": 1069780000.0,
        "Cost Of Revenue": 1656068000.0,
        "Total Revenue": 2725848000.0,
        "Operating Revenue": 2725848000.0
    },
    "2024-07-31": {
        "Tax Effect Of Unusual Items": -1009665.0,
        "Tax Rate For Calcs": 0.243,
        "Normalized EBITDA": 402825000.0,
        "Total Unusual Items": -4155000.0,
        "Total Unusual Items Excluding Goodwill": -4155000.0,
        "Net Income From Continuing Operation Net Minority Interest": 252556000.0,
        "Reconciled Depreciation": 65314000.0,
        "Reconciled Cost Of Revenue": 1573910000.0,
        "EBITDA": 398670000.0,
        "EBIT": 333356000.0,
        "Net Interest Income": 4526000.0,
        "Interest Income": 4526000.0,
        "Normalized Income": 255701335.0,
        "Net Income From Continuing And Discontinued Operation": 252556000.0,
        "Total Expenses": 2218731000.0,
        "Total Operating Income As Reported": 329201000.0,
        "Diluted Average Shares": 47667000.0,
        "Basic Average Shares": 47505000.0,
        "Diluted EPS": 5.3,
        "Basic EPS": 5.32,
        "Diluted NI Availto Com Stockholders": 252556000.0,
        "Net Income Common Stockholders": 252556000.0,
        "Net Income": 252556000.0,
        "Net Income Including Noncontrolling Interests": 252556000.0,
        "Net Income Continuous Operations": 252556000.0,
        "Tax Provision": 81171000.0,
        "Pretax Income": 333727000.0,
        "Other Income Expense": -4155000.0,
        "Special Income Charges": -4155000.0,
        "Other Special Charges": 4155000.0,
        "Net Non Operating Interest Income Expense": 4526000.0,
        "Interest Income Non Operating": 4526000.0,
        "Operating Income": 333356000.0,
        "Operating Expense": 644821000.0,
        "Selling General And Administration": 644821000.0,
        "Gross Profit": 978177000.0,
        "Cost Of Revenue": 1573910000.0,
        "Total Revenue": 2552087000.0,
        "Operating Revenue": 2552087000.0
    },
    "2024-10-31": {
        "Tax Effect Of Unusual Items": -1191452.0,
        "Tax Rate For Calcs": 0.244,
        "Normalized EBITDA": 395290000.0,
        "Total Unusual Items": -4883000.0,
        "Total Unusual Items Excluding Goodwill": -4883000.0,
        "Net Income From Continuing Operation Net Minority Interest": 242179000.0,
        "Reconciled Depreciation": 67022000.0,
        "Reconciled Cost Of Revenue": 1524456000.0,
        "EBITDA": 390407000.0,
        "EBIT": 323385000.0,
        "Net Interest Income": 1674000.0,
        "Interest Income": 1674000.0,
        "Normalized Income": 245870548.0,
        "Net Income From Continuing And Discontinued Operation": 242179000.0,
        "Total Expenses": 2206715000.0,
        "Total Operating Income As Reported": 318502000.0,
        "Diluted Average Shares": 47092000.0,
        "Basic Average Shares": 46928000.0,
        "Diluted EPS": 5.14,
        "Basic EPS": 5.16,
        "Diluted NI Availto Com Stockholders": 242179000.0,
        "Net Income Common Stockholders": 242179000.0,
        "Net Income": 242179000.0,
        "Net Income Including Noncontrolling Interests": 242179000.0,
        "Net Income Continuous Operations": 242179000.0,
        "Tax Provision": 77997000.0,
        "Pretax Income": 320176000.0,
        "Other Income Expense": -4883000.0,
        "Special Income Charges": -4883000.0,
        "Other Special Charges": 4883000.0,
        "Net Non Operating Interest Income Expense": 1674000.0,
        "Interest Income Non Operating": 1674000.0,
        "Operating Income": 323385000.0,
        "Operating Expense": 682259000.0,
        "Selling General And Administration": 682259000.0,
        "Gross Profit": 1005644000.0,
        "Cost Of Revenue": 1524456000.0,
        "Total Revenue": 2530100000.0,
        "Operating Revenue": 2530100000.0
    },
    "2025-01-31": {
        "Tax Effect Of Unusual Items": -417850.033281,
        "Tax Rate For Calcs": 0.241253,
        "Normalized EBITDA": 589752000.0,
        "Total Unusual Items": -1732000.0,
        "Total Unusual Items Excluding Goodwill": -1732000.0,
        "Net Income From Continuing Operation Net Minority Interest": 393270000.0,
        "Reconciled Depreciation": 69967000.0,
        "Reconciled Cost Of Revenue": 2153967000.0,
        "EBITDA": 588020000.0,
        "EBIT": 518053000.0,
        "Net Interest Income": 1994000.0,
        "Interest Income": 1994000.0,
        "Normalized Income": 394584149.966719,
        "Net Income From Continuing And Discontinued Operation": 393270000.0,
        "Total Expenses": 2969566000.0,
        "Total Operating Income As Reported": 516321000.0,
        "Diluted Average Shares": NaN,
        "Basic Average Shares": NaN,
        "Diluted EPS": NaN,
        "Basic EPS": NaN,
        "Diluted NI Availto Com Stockholders": 393270000.0,
        "Net Income Common Stockholders": 393270000.0,
        "Net Income": 393270000.0,
        "Net Income Including Noncontrolling Interests": 393270000.0,
        "Net Income Continuous Operations": 393270000.0,
        "Tax Provision": 125045000.0,
        "Pretax Income": 518315000.0,
        "Other Income Expense": -1732000.0,
        "Special Income Charges": -1732000.0,
        "Other Special Charges": 1732000.0,
        "Net Non Operating Interest Income Expense": 1994000.0,
        "Interest Income Non Operating": 1994000.0,
        "Operating Income": 518053000.0,
        "Operating Expense": 815599000.0,
        "Selling General And Administration": 815599000.0,
        "Gross Profit": 1333652000.0,
        "Cost Of Revenue": 2153967000.0,
        "Total Revenue": 3487619000.0,
        "Operating Revenue": 3487619000.0
    },
    "2025-04-30": {
        "Tax Effect Of Unusual Items": NaN,
        "Tax Rate For Calcs": 0.246,
        "Normalized EBITDA": NaN,
        "Total Unusual Items": NaN,
        "Total Unusual Items Excluding Goodwill": NaN,
        "Net Income From Continuing Operation Net Minority Interest": NaN,
        "Reconciled Depreciation": NaN,
        "Reconciled Cost Of Revenue": 1734148000.0,
        "EBITDA": 475639000.0,
        "EBIT": NaN,
        "Net Interest Income": NaN,
        "Interest Income": 3547000.0,
        "Normalized Income": NaN,
        "Net Income From Continuing And Discontinued Operation": NaN,
        "Total Expenses": NaN,
        "Total Operating Income As Reported": NaN,
        "Diluted Average Shares": NaN,
        "Basic Average Shares": NaN,
        "Diluted EPS": NaN,
        "Basic EPS": NaN,
        "Diluted NI Availto Com Stockholders": NaN,
        "Net Income Common Stockholders": NaN,
        "Net Income": NaN,
        "Net Income Including Noncontrolling Interests": NaN,
        "Net Income Continuous Operations": NaN,
        "Tax Provision": NaN,
        "Pretax Income": NaN,
        "Other Income Expense": NaN,
        "Special Income Charges": NaN,
        "Other Special Charges": 1829000.0,
        "Net Non Operating Interest Income Expense": NaN,
        "Interest Income Non Operating": NaN,
        "Operating Income": NaN,
        "Operating Expense": NaN,
        "Selling General And Administration": NaN,
        "Gross Profit": NaN,
        "Cost Of Revenue": NaN,
        "Total Revenue": NaN,
        "Operating Revenue": NaN
    }
}