{
    "2022-12-31": {
        "Tax Effect Of Unusual Items": NaN,
        "Tax Rate For Calcs": NaN,
        "Normalized EBITDA": NaN,
        "Total Unusual Items": NaN,
        "Total Unusual Items Excluding Goodwill": NaN,
        "Net Income From Continuing Operation Net Minority Interest": NaN,
        "Reconciled Depreciation": NaN,
        "Reconciled Cost Of Revenue": NaN,
        "EBITDA": NaN,
        "EBIT": NaN,
        "Net Interest Income": NaN,
        "Interest Expense": NaN,
        "Interest Income": NaN,
        "Normalized Income": NaN,
        "Net Income From Continuing And Discontinued Operation": NaN,
        "Total Expenses": NaN,
        "Total Operating Income As Reported": NaN,
        "Diluted Average Shares": NaN,
        "Basic Average Shares": NaN,
        "Diluted EPS": NaN,
        "Basic EPS": NaN,
        "Diluted NI Availto Com Stockholders": NaN,
        "Net Income Common Stockholders": NaN,
        "Net Income": NaN,
        "Minority Interests": NaN,
        "Net Income Including Noncontrolling Interests": NaN,
        "Net Income Continuous Operations": NaN,
        "Earnings From Equity Interest Net Of Tax": NaN,
        "Tax Provision": NaN,
        "Pretax Income": NaN,
        "Other Income Expense": NaN,
        "Other Non Operating Income Expenses": NaN,
        "Special Income Charges": NaN,
        "Other Special Charges": -3026000.0,
        "Impairment Of Capital Assets": NaN,
        "Net Non Operating Interest Income Expense": NaN,
        "Interest Expense Non Operating": NaN,
        "Interest Income Non Operating": NaN,
        "Operating Income": NaN,
        "Operating Expense": NaN,
        "Depreciation Amortization Depletion Income Statement": NaN,
        "Depreciation And Amortization In Income Statement": NaN,
        "Selling General And Administration": NaN,
        "Gross Profit": NaN,
        "Cost Of Revenue": NaN,
        "Total Revenue": NaN,
        "Operating Revenue": NaN
    },
    "2022-09-30": {
        "Tax Effect Of Unusual Items": NaN,
        "Tax Rate For Calcs": NaN,
        "Normalized EBITDA": NaN,
        "Total Unusual Items": NaN,
        "Total Unusual Items Excluding Goodwill": NaN,
        "Net Income From Continuing Operation Net Minority Interest": NaN,
        "Reconciled Depreciation": NaN,
        "Reconciled Cost Of Revenue": NaN,
        "EBITDA": NaN,
        "EBIT": NaN,
        "Net Interest Income": NaN,
        "Interest Expense": NaN,
        "Interest Income": NaN,
        "Normalized Income": NaN,
        "Net Income From Continuing And Discontinued Operation": NaN,
        "Total Expenses": NaN,
        "Total Operating Income As Reported": NaN,
        "Diluted Average Shares": 50206608.0,
        "Basic Average Shares": 46625484.0,
        "Diluted EPS": 0.07,
        "Basic EPS": 0.07,
        "Diluted NI Availto Com Stockholders": NaN,
        "Net Income Common Stockholders": NaN,
        "Net Income": NaN,
        "Minority Interests": NaN,
        "Net Income Including Noncontrolling Interests": NaN,
        "Net Income Continuous Operations": NaN,
        "Earnings From Equity Interest Net Of Tax": 0.0,
        "Tax Provision": NaN,
        "Pretax Income": NaN,
        "Other Income Expense": NaN,
        "Other Non Operating Income Expenses": NaN,
        "Special Income Charges": NaN,
        "Other Special Charges": -1837000.0,
        "Impairment Of Capital Assets": NaN,
        "Net Non Operating Interest Income Expense": NaN,
        "Interest Expense Non Operating": NaN,
        "Interest Income Non Operating": NaN,
        "Operating Income": NaN,
        "Operating Expense": NaN,
        "Depreciation Amortization Depletion Income Statement": NaN,
        "Depreciation And Amortization In Income Statement": NaN,
        "Selling General And Administration": NaN,
        "Gross Profit": NaN,
        "Cost Of Revenue": NaN,
        "Total Revenue": NaN,
        "Operating Revenue": NaN
    },
    "2022-06-30": {
        "Tax Effect Of Unusual Items": -2879898.0,
        "Tax Rate For Calcs": 0.191,
        "Normalized EBITDA": 52974000.0,
        "Total Unusual Items": -15078000.0,
        "Total Unusual Items Excluding Goodwill": -15078000.0,
        "Net Income From Continuing Operation Net Minority Interest": 15034000.0,
        "Reconciled Depreciation": 2481000.0,
        "Reconciled Cost Of Revenue": 28351000.0,
        "EBITDA": 37896000.0,
        "EBIT": 35415000.0,
        "Net Interest Income": -15886000.0,
        "Interest Expense": 15886000.0,
        "Interest Income": 0.0,
        "Normalized Income": 27232102.0,
        "Net Income From Continuing And Discontinued Operation": 15034000.0,
        "Total Expenses": 78042000.0,
        "Total Operating Income As Reported": 23835000.0,
        "Diluted Average Shares": 54658543.0,
        "Basic Average Shares": 50806346.0,
        "Diluted EPS": 0.28,
        "Basic EPS": 0.3,
        "Diluted NI Availto Com Stockholders": 15034000.0,
        "Net Income Common Stockholders": 15034000.0,
        "Net Income": 15034000.0,
        "Minority Interests": -770000.0,
        "Net Income Including Noncontrolling Interests": 15804000.0,
        "Net Income Continuous Operations": 15804000.0,
        "Tax Provision": 3725000.0,
        "Pretax Income": 19529000.0,
        "Other Income Expense": -5353000.0,
        "Other Non Operating Income Expenses": 9725000.0,
        "Special Income Charges": -15078000.0,
        "Other Special Charges": -1855000.0,
        "Impairment Of Capital Assets": 16933000.0,
        "Net Non Operating Interest Income Expense": -15886000.0,
        "Interest Expense Non Operating": 15886000.0,
        "Interest Income Non Operating": 0.0,
        "Operating Income": 40768000.0,
        "Operating Expense": 49691000.0,
        "Depreciation Amortization Depletion Income Statement": 2481000.0,
        "Depreciation And Amortization In Income Statement": 2481000.0,
        "Selling General And Administration": 47210000.0,
        "General And Administrative Expense": 47210000.0,
        "Other Gand A": 46874000.0,
        "Salaries And Wages": 336000.0,
        "Gross Profit": 90459000.0,
        "Cost Of Revenue": 28351000.0,
        "Total Revenue": 118810000.0,
        "Operating Revenue": 118810000.0
    },
    "2022-03-31": {
        "Diluted EPS": 0.3,
        "Total Revenue": 112,
        "Gross Profit": 84,
        "Operating Income": 37,
        "EBIT": 53,
        "Net Income": 16
    },
    "2021-12-31": {
        "Diluted EPS": 0.1,
        "Total Revenue": 130,
        "Gross Profit": 92,
        "Operating Income": 20,
        "EBIT": 35,
        "Net Income": 5
    },
    "2021-09-30": {
        "Diluted EPS": 0.25,
        "Total Revenue": 111,
        "Gross Profit": 82,
        "Operating Income": 34,
        "EBIT": 51,
        "Net Income": 14
    },
    "2021-06-30": {
        "Diluted EPS": 0.33,
        "Total Revenue": 108,
        "Gross Profit": 81,
        "Operating Income": 38,
        "EBIT": 53,
        "Net Income": 18
    },
    "2021-03-31": {
        "Diluted EPS": 0.0,
        "Total Revenue": 91,
        "Gross Profit": 66,
        "Operating Income": 24,
        "EBIT": 37,
        "Net Income": 0
    },
    "2020-12-31": {
        "Diluted EPS": 0.59,
        "Total Revenue": 114,
        "Gross Profit": 85,
        "Operating Income": 35,
        "EBIT": 50,
        "Net Income": 26
    },
    "2020-09-30": {
        "Diluted EPS": -0.29,
        "Total Revenue": 92,
        "Gross Profit": 68,
        "Operating Income": 4,
        "EBIT": 21,
        "Net Income": -13
    },
    "2020-06-30": {
        "Diluted EPS": 0.03,
        "Total Revenue": 76,
        "Gross Profit": 52,
        "Operating Income": 20,
        "EBIT": 35,
        "Net Income": 1
    },
    "2020-03-31": {
        "Diluted EPS": -0.51,
        "Total Revenue": 95,
        "Gross Profit": 67,
        "Operating Income": -27,
        "EBIT": -14,
        "Net Income": -23
    },
    "2019-12-31": {
        "Diluted EPS": -0.17,
        "Total Revenue": 106,
        "Gross Profit": 71,
        "Operating Income": 12,
        "EBIT": 32,
        "Net Income": -8
    },
    "2019-09-30": {
        "Diluted EPS": 0.12,
        "Total Revenue": 111,
        "Gross Profit": 80,
        "Operating Income": 31,
        "EBIT": 48,
        "Net Income": 5
    },
    "2019-06-30": {
        "Diluted EPS": 0.14,
        "Total Revenue": 122,
        "Gross Profit": 90,
        "Operating Income": 29,
        "EBIT": 47,
        "Net Income": 7
    },
    "2019-03-31": {
        "Diluted EPS": -0.07,
        "Total Revenue": 98,
        "Gross Profit": 67,
        "Operating Income": 15,
        "EBIT": 38,
        "Net Income": -3
    },
    "2018-12-31": {
        "Diluted EPS": 2.36,
        "Total Revenue": 114,
        "Gross Profit": 82,
        "Operating Income": 9,
        "EBIT": 30,
        "Net Income": 113
    },
    "2018-09-30": {
        "Diluted EPS": 0.49,
        "Total Revenue": 111,
        "Gross Profit": 80,
        "Operating Income": 32,
        "EBIT": 52,
        "Net Income": 23
    },
    "2018-06-30": {
        "Diluted EPS": 0.49,
        "Total Revenue": 115,
        "Gross Profit": 85,
        "Operating Income": 25,
        "EBIT": 44,
        "Net Income": 24
    },
    "2018-03-31": {
        "Diluted EPS": -0.48,
        "Total Revenue": 100,
        "Gross Profit": 67,
        "Operating Income": 7,
        "EBIT": 28,
        "Net Income": -23
    },
    "2017-12-31": {
        "Diluted EPS": 2.45,
        "Total Revenue": 109,
        "Gross Profit": 78,
        "Operating Income": 21,
        "EBIT": 39,
        "Net Income": 121
    },
    "2017-09-30": {
        "Diluted EPS": -0.17,
        "Total Revenue": 112,
        "Gross Profit": 77,
        "Operating Income": 4,
        "EBIT": 27,
        "Net Income": -8
    },
    "2017-06-30": {
        "Diluted EPS": 0.02,
        "Total Revenue": 118,
        "Gross Profit": 85,
        "Operating Income": 12,
        "EBIT": 32,
        "Net Income": 1
    },
    "2017-03-31": {
        "Diluted EPS": -0.05,
        "Total Revenue": 101,
        "Gross Profit": 69,
        "Operating Income": 16,
        "EBIT": 37,
        "Net Income": -2
    },
    "2016-12-31": {
        "Diluted EPS": -0.07,
        "Total Revenue": 114,
        "Gross Profit": 76,
        "Operating Income": 17,
        "EBIT": 43,
        "Net Income": -3
    },
    "2016-09-30": {
        "Diluted EPS": -0.01,
        "Total Revenue": 111,
        "Gross Profit": 79,
        "Operating Income": 25,
        "EBIT": 47,
        "Net Income": 0
    },
    "2016-06-30": {
        "Diluted EPS": 0.15,
        "Total Revenue": 123,
        "Gross Profit": 92,
        "Operating Income": 28,
        "EBIT": 48,
        "Net Income": 7
    },
    "2016-03-31": {
        "Diluted EPS": -0.08,
        "Total Revenue": 109,
        "Gross Profit": 75,
        "Operating Income": 19,
        "EBIT": 42,
        "Net Income": -4
    },
    "2015-12-31": {
        "Diluted EPS": -0.5,
        "Total Revenue": 109,
        "Gross Profit": 74,
        "Operating Income": -11,
        "EBIT": 14,
        "Net Income": -24
    },
    "2015-09-30": {
        "Diluted EPS": -0.38,
        "Total Revenue": 116,
        "Gross Profit": 83,
        "Operating Income": 7,
        "EBIT": 30,
        "Net Income": -18
    },
    "2015-06-30": {
        "Diluted EPS": -0.27,
        "Total Revenue": 120,
        "Gross Profit": 88,
        "Operating Income": 25,
        "EBIT": 46,
        "Net Income": -13
    },
    "2015-03-31": {
        "Diluted EPS": -0.39,
        "Total Revenue": 106,
        "Gross Profit": 71,
        "Operating Income": 16,
        "EBIT": 39,
        "Net Income": -18
    },
    "2014-12-31": {
        "Diluted EPS": -0.28,
        "Total Revenue": 110,
        "Gross Profit": 74,
        "Operating Income": 19,
        "EBIT": 45,
        "Net Income": -13
    },
    "2014-09-30": {
        "Diluted EPS": -0.28,
        "Total Revenue": 112,
        "Gross Profit": 76,
        "Operating Income": 20,
        "EBIT": 45,
        "Net Income": -13
    },
    "2014-06-30": {
        "Diluted EPS": -0.23,
        "Total Revenue": 108,
        "Gross Profit": 74,
        "Operating Income": 22,
        "EBIT": 45,
        "Net Income": -11
    },
    "2014-03-31": {
        "Diluted EPS": -0.53,
        "Total Revenue": 111,
        "Gross Profit": 76,
        "Operating Income": 16,
        "EBIT": 41,
        "Net Income": -25
    },
    "2013-12-31": {
        "Diluted EPS": -0.35,
        "Total Revenue": 112,
        "Gross Profit": 74,
        "Operating Income": 17,
        "EBIT": 46,
        "Net Income": -16
    },
    "2013-09-30": {
        "Diluted EPS": -0.28,
        "Total Revenue": 118,
        "Gross Profit": 81,
        "Operating Income": 22,
        "EBIT": 50,
        "Net Income": -13
    },
    "2013-06-30": {
        "Diluted EPS": -0.29,
        "Total Revenue": 120,
        "Gross Profit": 87,
        "Operating Income": 18,
        "EBIT": 43,
        "Net Income": -14
    },
    "2013-03-31": {
        "Diluted EPS": -0.36,
        "Total Revenue": 99,
        "Gross Profit": 69,
        "Operating Income": 15,
        "EBIT": 38,
        "Net Income": -18
    },
    "2012-12-31": {
        "Diluted EPS": -0.35,
        "Total Revenue": 106,
        "Gross Profit": 66,
        "Operating Income": 14,
        "EBIT": 46,
        "Net Income": -17
    },
    "2012-09-30": {
        "Diluted EPS": -0.26,
        "Total Revenue": 110,
        "Gross Profit": 77,
        "Operating Income": 21,
        "EBIT": 45,
        "Net Income": -13
    },
    "2012-06-30": {
        "Diluted EPS": 0.85,
        "Total Revenue": 106,
        "Gross Profit": 73,
        "Operating Income": 21,
        "EBIT": 44,
        "Net Income": 43
    },
    "2012-03-31": {
        "Diluted EPS": -1.58,
        "Total Revenue": 103,
        "Gross Profit": 72,
        "Operating Income": 14,
        "EBIT": 35,
        "Net Income": -79
    },
    "2011-12-31": {
        "Diluted EPS": -0.37,
        "Total Revenue": 98,
        "Gross Profit": 65,
        "Operating Income": -9,
        "EBIT": 14,
        "Net Income": -22
    },
    "2011-09-30": {
        "Diluted EPS": -0.2,
        "Total Revenue": 104,
        "Gross Profit": 72,
        "Operating Income": 13,
        "EBIT": 36,
        "Net Income": -10
    },
    "2011-06-30": {
        "Diluted EPS": 1.86,
        "Total Revenue": 97,
        "Gross Profit": 66,
        "Operating Income": 16,
        "EBIT": 36,
        "Net Income": 99
    },
    "2011-03-31": {
        "Diluted EPS": -1.23,
        "Total Revenue": 65,
        "Gross Profit": 46,
        "Operating Income": 6,
        "EBIT": 11,
        "Net Income": -64
    },
    "2010-12-31": {
        "Diluted EPS": -0.53,
        "Total Revenue": 71,
        "Gross Profit": 53,
        "Operating Income": -20,
        "EBIT": -15,
        "Net Income": -27
    },
    "2010-09-30": {
        "Diluted EPS": 0.02,
        "Total Revenue": 74,
        "Gross Profit": 56,
        "Operating Income": 17,
        "EBIT": 22,
        "Net Income": 1
    },
    "2010-06-30": {
        "Diluted EPS": 0.04,
        "Total Revenue": 75,
        "Gross Profit": 56,
        "Operating Income": 14,
        "EBIT": 19,
        "Net Income": 2
    },
    "2010-03-31": {
        "Diluted EPS": -0.09,
        "Total Revenue": 59,
        "Gross Profit": 40,
        "Operating Income": 4,
        "EBIT": 10,
        "Net Income": -5
    },
    "2009-12-31": {
        "Diluted EPS": -0.42,
        "Total Revenue": 67,
        "Gross Profit": 48,
        "Operating Income": -4,
        "EBIT": 1,
        "Net Income": -15
    },
    "2009-09-30": {
        "Diluted EPS": 0.25,
        "Total Revenue": 75,
        "Gross Profit": 57,
        "Operating Income": 22,
        "EBIT": 28,
        "Net Income": 14
    },
    "2009-06-30": {
        "Diluted EPS": 0.12,
        "Total Revenue": 70,
        "Gross Profit": 51,
        "Operating Income": 19,
        "EBIT": 24,
        "Net Income": 7
    },
    "2009-03-31": {
        "Diluted EPS": -0.84,
        "Total Revenue": 60,
        "Gross Profit": 40,
        "Operating Income": -43,
        "EBIT": -37,
        "Net Income": -59
    },
    "2023-03-31": {
        "Tax Effect Of Unusual Items": NaN,
        "Tax Rate For Calcs": NaN,
        "Normalized EBITDA": NaN,
        "Total Unusual Items": NaN,
        "Total Unusual Items Excluding Goodwill": NaN,
        "Net Income From Continuing Operation Net Minority Interest": NaN,
        "Reconciled Depreciation": NaN,
        "Reconciled Cost Of Revenue": NaN,
        "EBITDA": NaN,
        "EBIT": NaN,
        "Net Interest Income": NaN,
        "Interest Expense": NaN,
        "Interest Income": NaN,
        "Normalized Income": NaN,
        "Net Income From Continuing And Discontinued Operation": NaN,
        "Total Expenses": NaN,
        "Total Operating Income As Reported": NaN,
        "Diluted Average Shares": NaN,
        "Basic Average Shares": NaN,
        "Diluted EPS": NaN,
        "Basic EPS": NaN,
        "Diluted NI Availto Com Stockholders": NaN,
        "Net Income Common Stockholders": NaN,
        "Net Income": NaN,
        "Minority Interests": NaN,
        "Net Income Including Noncontrolling Interests": NaN,
        "Net Income Continuous Operations": NaN,
        "Earnings From Equity Interest Net Of Tax": NaN,
        "Tax Provision": NaN,
        "Pretax Income": NaN,
        "Other Income Expense": NaN,
        "Other Non Operating Income Expenses": NaN,
        "Special Income Charges": NaN,
        "Other Special Charges": -2356000.0,
        "Impairment Of Capital Assets": NaN,
        "Net Non Operating Interest Income Expense": NaN,
        "Interest Expense Non Operating": NaN,
        "Interest Income Non Operating": NaN,
        "Operating Income": NaN,
        "Operating Expense": NaN,
        "Depreciation Amortization Depletion Income Statement": NaN,
        "Depreciation And Amortization In Income Statement": NaN,
        "Selling General And Administration": NaN,
        "Gross Profit": NaN,
        "Cost Of Revenue": NaN,
        "Total Revenue": NaN,
        "Operating Revenue": NaN
    },
    "2023-06-30": {
        "Tax Effect Of Unusual Items": NaN,
        "Tax Rate For Calcs": NaN,
        "Normalized EBITDA": NaN,
        "Total Unusual Items": NaN,
        "Total Unusual Items Excluding Goodwill": NaN,
        "Net Income From Continuing Operation Net Minority Interest": NaN,
        "Reconciled Depreciation": NaN,
        "Reconciled Cost Of Revenue": NaN,
        "EBITDA": NaN,
        "EBIT": NaN,
        "Net Interest Income": NaN,
        "Interest Expense": NaN,
        "Interest Income": NaN,
        "Normalized Income": NaN,
        "Net Income From Continuing And Discontinued Operation": NaN,
        "Total Expenses": NaN,
        "Total Operating Income As Reported": NaN,
        "Diluted Average Shares": 50616435.0,
        "Basic Average Shares": 47629163.0,
        "Diluted EPS": 1.39,
        "Basic EPS": 1.48,
        "Diluted NI Availto Com Stockholders": NaN,
        "Net Income Common Stockholders": NaN,
        "Net Income": NaN,
        "Minority Interests": NaN,
        "Net Income Including Noncontrolling Interests": NaN,
        "Net Income Continuous Operations": NaN,
        "Earnings From Equity Interest Net Of Tax": NaN,
        "Tax Provision": NaN,
        "Pretax Income": NaN,
        "Other Income Expense": NaN,
        "Other Non Operating Income Expenses": NaN,
        "Special Income Charges": NaN,
        "Other Special Charges": NaN,
        "Impairment Of Capital Assets": NaN,
        "Net Non Operating Interest Income Expense": NaN,
        "Interest Expense Non Operating": NaN,
        "Interest Income Non Operating": NaN,
        "Operating Income": NaN,
        "Operating Expense": NaN,
        "Depreciation Amortization Depletion Income Statement": NaN,
        "Depreciation And Amortization In Income Statement": NaN,
        "Selling General And Administration": NaN,
        "Gross Profit": NaN,
        "Cost Of Revenue": NaN,
        "Total Revenue": NaN,
        "Operating Revenue": NaN
    },
    "2023-09-30": {
        "Tax Effect Of Unusual Items": NaN,
        "Tax Rate For Calcs": NaN,
        "Normalized EBITDA": NaN,
        "Total Unusual Items": NaN,
        "Total Unusual Items Excluding Goodwill": NaN,
        "Net Income From Continuing Operation Net Minority Interest": NaN,
        "Reconciled Depreciation": NaN,
        "Reconciled Cost Of Revenue": NaN,
        "EBITDA": NaN,
        "EBIT": NaN,
        "Net Interest Income": NaN,
        "Interest Expense": NaN,
        "Interest Income": NaN,
        "Normalized Income": NaN,
        "Net Income From Continuing And Discontinued Operation": NaN,
        "Total Expenses": NaN,
        "Total Operating Income As Reported": NaN,
        "Diluted Average Shares": 47722263.0,
        "Basic Average Shares": 47722263.0,
        "Diluted EPS": -1.14,
        "Basic EPS": -1.14,
        "Diluted NI Availto Com Stockholders": NaN,
        "Net Income Common Stockholders": NaN,
        "Net Income": NaN,
        "Minority Interests": NaN,
        "Net Income Including Noncontrolling Interests": NaN,
        "Net Income Continuous Operations": NaN,
        "Earnings From Equity Interest Net Of Tax": NaN,
        "Tax Provision": NaN,
        "Pretax Income": NaN,
        "Other Income Expense": NaN,
        "Other Non Operating Income Expenses": NaN,
        "Special Income Charges": NaN,
        "Other Special Charges": NaN,
        "Impairment Of Capital Assets": NaN,
        "Net Non Operating Interest Income Expense": NaN,
        "Interest Expense Non Operating": NaN,
        "Interest Income Non Operating": NaN,
        "Operating Income": NaN,
        "Operating Expense": NaN,
        "Depreciation Amortization Depletion Income Statement": NaN,
        "Depreciation And Amortization In Income Statement": NaN,
        "Selling General And Administration": NaN,
        "Gross Profit": NaN,
        "Cost Of Revenue": NaN,
        "Total Revenue": NaN,
        "Operating Revenue": NaN
    },
    "2023-12-31": {
        "Tax Effect Of Unusual Items": -1044540.0,
        "Tax Rate For Calcs": 0.21,
        "Normalized EBITDA": 31948000.0,
        "Total Unusual Items": -4974000.0,
        "Total Unusual Items Excluding Goodwill": -4974000.0,
        "Net Income From Continuing Operation Net Minority Interest": -10983000.0,
        "Reconciled Depreciation": 18181000.0,
        "Reconciled Cost Of Revenue": 19268000.0,
        "EBITDA": 26974000.0,
        "EBIT": 8793000.0,
        "Net Interest Income": -11694000.0,
        "Interest Expense": 14173000.0,
        "Interest Income": 2479000.0,
        "Normalized Income": -7053540.0,
        "Net Income From Continuing And Discontinued Operation": -10983000.0,
        "Total Expenses": 108605000.0,
        "Total Operating Income As Reported": 6765000.0,
        "Diluted Average Shares": NaN,
        "Basic Average Shares": NaN,
        "Diluted EPS": NaN,
        "Basic EPS": NaN,
        "Diluted NI Availto Com Stockholders": -10983000.0,
        "Net Income Common Stockholders": -10983000.0,
        "Net Income": -10983000.0,
        "Minority Interests": -515000.0,
        "Net Income Including Noncontrolling Interests": -10468000.0,
        "Net Income Continuous Operations": -10468000.0,
        "Earnings From Equity Interest Net Of Tax": -2403000.0,
        "Tax Provision": 2685000.0,
        "Pretax Income": -5380000.0,
        "Other Income Expense": -5425000.0,
        "Other Non Operating Income Expenses": -451000.0,
        "Special Income Charges": -4974000.0,
        "Other Special Charges": 0.0,
        "Impairment Of Capital Assets": 4974000.0,
        "Net Non Operating Interest Income Expense": -11694000.0,
        "Interest Expense Non Operating": 14173000.0,
        "Interest Income Non Operating": 2479000.0,
        "Operating Income": 11739000.0,
        "Operating Expense": 71966000.0,
        "Depreciation Amortization Depletion Income Statement": 810000.0,
        "Depreciation And Amortization In Income Statement": 810000.0,
        "Selling General And Administration": 71156000.0,
        "Gross Profit": 83705000.0,
        "Cost Of Revenue": 36639000.0,
        "Total Revenue": 120344000.0,
        "Operating Revenue": 120344000.0
    },
    "2024-03-31": {
        "Tax Effect Of Unusual Items": 1850182.945154,
        "Tax Rate For Calcs": 0.234974,
        "Normalized EBITDA": 30311000.0,
        "Total Unusual Items": 7874000.0,
        "Total Unusual Items Excluding Goodwill": 7874000.0,
        "Net Income From Continuing Operation Net Minority Interest": 7493000.0,
        "Reconciled Depreciation": 14539000.0,
        "Reconciled Cost Of Revenue": 19977000.0,
        "EBITDA": 38185000.0,
        "EBIT": 23646000.0,
        "Net Interest Income": -11000000.0,
        "Interest Expense": 12998000.0,
        "Interest Income": 1998000.0,
        "Normalized Income": 1469182.945154,
        "Net Income From Continuing And Discontinued Operation": 7493000.0,
        "Total Expenses": 91522000.0,
        "Total Operating Income As Reported": 12888000.0,
        "Diluted Average Shares": 49921803.0,
        "Basic Average Shares": 48385386.0,
        "Diluted EPS": 0.15,
        "Basic EPS": 0.15,
        "Diluted NI Availto Com Stockholders": 7493000.0,
        "Net Income Common Stockholders": 7493000.0,
        "Net Income": 7493000.0,
        "Minority Interests": -242000.0,
        "Net Income Including Noncontrolling Interests": 7735000.0,
        "Net Income Continuous Operations": 7735000.0,
        "Earnings From Equity Interest Net Of Tax": -411000.0,
        "Tax Provision": 2502000.0,
        "Pretax Income": 10648000.0,
        "Other Income Expense": 8760000.0,
        "Other Non Operating Income Expenses": 886000.0,
        "Special Income Charges": 7874000.0,
        "Other Special Charges": -7874000.0,
        "Impairment Of Capital Assets": 0.0,
        "Net Non Operating Interest Income Expense": -11000000.0,
        "Interest Expense Non Operating": 12998000.0,
        "Interest Income Non Operating": 1998000.0,
        "Operating Income": 12888000.0,
        "Operating Expense": 58856000.0,
        "Depreciation Amortization Depletion Income Statement": 1850000.0,
        "Depreciation And Amortization In Income Statement": 1850000.0,
        "Selling General And Administration": 57006000.0,
        "Gross Profit": 71744000.0,
        "Cost Of Revenue": 32666000.0,
        "Total Revenue": 104410000.0,
        "Operating Revenue": 104410000.0
    },
    "2024-06-30": {
        "Tax Effect Of Unusual Items": -21341956.264051,
        "Tax Rate For Calcs": 0.291028,
        "Normalized EBITDA": 37465000.0,
        "Total Unusual Items": -73333000.0,
        "Total Unusual Items Excluding Goodwill": -73333000.0,
        "Net Income From Continuing Operation Net Minority Interest": -45431000.0,
        "Reconciled Depreciation": 15337000.0,
        "Reconciled Cost Of Revenue": 20919000.0,
        "EBITDA": -35868000.0,
        "EBIT": -51205000.0,
        "Net Interest Income": -10627000.0,
        "Interest Expense": 12404000.0,
        "Interest Income": 1777000.0,
        "Normalized Income": 6560043.735949,
        "Net Income From Continuing And Discontinued Operation": -45431000.0,
        "Total Expenses": 97407000.0,
        "Total Operating Income As Reported": -60421000.0,
        "Diluted Average Shares": 48483639.0,
        "Basic Average Shares": 48483639.0,
        "Diluted EPS": -0.94,
        "Basic EPS": -0.94,
        "Diluted NI Availto Com Stockholders": -45431000.0,
        "Net Income Common Stockholders": -45431000.0,
        "Net Income": -45431000.0,
        "Minority Interests": -334000.0,
        "Net Income Including Noncontrolling Interests": -45097000.0,
        "Net Income Continuous Operations": -45097000.0,
        "Earnings From Equity Interest Net Of Tax": 0.0,
        "Tax Provision": -18512000.0,
        "Pretax Income": -63609000.0,
        "Other Income Expense": -73319000.0,
        "Other Non Operating Income Expenses": 14000.0,
        "Special Income Charges": -73333000.0,
        "Other Special Charges": -7425000.0,
        "Impairment Of Capital Assets": 80758000.0,
        "Net Non Operating Interest Income Expense": -10627000.0,
        "Interest Expense Non Operating": 12404000.0,
        "Interest Income Non Operating": 1777000.0,
        "Operating Income": 20337000.0,
        "Operating Expense": 64144000.0,
        "Depreciation Amortization Depletion Income Statement": 2993000.0,
        "Depreciation And Amortization In Income Statement": 2993000.0,
        "Selling General And Administration": 61151000.0,
        "Gross Profit": 84481000.0,
        "Cost Of Revenue": 33263000.0,
        "Total Revenue": 117744000.0,
        "Operating Revenue": 117744000.0
    },
    "2024-09-30": {
        "Tax Effect Of Unusual Items": -2384305.0,
        "Tax Rate For Calcs": 0.055,
        "Normalized EBITDA": 44650000.0,
        "Total Unusual Items": -43351000.0,
        "Total Unusual Items Excluding Goodwill": -43351000.0,
        "Net Income From Continuing Operation Net Minority Interest": -31798000.0,
        "Reconciled Depreciation": 22862000.0,
        "Reconciled Cost Of Revenue": 12296000.0,
        "EBITDA": 1299000.0,
        "EBIT": -21563000.0,
        "Net Interest Income": -10561000.0,
        "Interest Expense": 11649000.0,
        "Interest Income": 1088000.0,
        "Normalized Income": 9168695.0,
        "Net Income From Continuing And Discontinued Operation": -31798000.0,
        "Total Expenses": 89767000.0,
        "Total Operating Income As Reported": -26197000.0,
        "Diluted Average Shares": 47105290.0,
        "Basic Average Shares": 47105290.0,
        "Diluted EPS": -0.68,
        "Basic EPS": -0.68,
        "Diluted NI Availto Com Stockholders": -31798000.0,
        "Net Income Common Stockholders": -31798000.0,
        "Net Income": -31798000.0,
        "Minority Interests": -400000.0,
        "Net Income Including Noncontrolling Interests": -31398000.0,
        "Net Income Continuous Operations": -31398000.0,
        "Earnings From Equity Interest Net Of Tax": 0.0,
        "Tax Provision": -1814000.0,
        "Pretax Income": -33212000.0,
        "Other Income Expense": -43277000.0,
        "Other Non Operating Income Expenses": 74000.0,
        "Special Income Charges": -43351000.0,
        "Other Special Charges": -3472000.0,
        "Impairment Of Capital Assets": 46823000.0,
        "Net Non Operating Interest Income Expense": -10561000.0,
        "Interest Expense Non Operating": 11649000.0,
        "Interest Income Non Operating": 1088000.0,
        "Operating Income": 20626000.0,
        "Operating Expense": 55847000.0,
        "Depreciation Amortization Depletion Income Statement": 1238000.0,
        "Depreciation And Amortization In Income Statement": 1238000.0,
        "Selling General And Administration": 54609000.0,
        "Gross Profit": 76473000.0,
        "Cost Of Revenue": 33920000.0,
        "Total Revenue": 110393000.0,
        "Operating Revenue": 110393000.0
    },
    "2024-12-31": {
        "Tax Effect Of Unusual Items": -4131540.0,
        "Tax Rate For Calcs": 0.21,
        "Normalized EBITDA": 29613000.0,
        "Total Unusual Items": -19674000.0,
        "Total Unusual Items Excluding Goodwill": -19674000.0,
        "Net Income From Continuing Operation Net Minority Interest": -35658000.0,
        "Reconciled Depreciation": 6255000.0,
        "Reconciled Cost Of Revenue": 30869000.0,
        "EBITDA": 9939000.0,
        "EBIT": 3684000.0,
        "Net Interest Income": -10403000.0,
        "Interest Expense": 11520000.0,
        "Interest Income": 1117000.0,
        "Normalized Income": -20115540.0,
        "Net Income From Continuing And Discontinued Operation": -35658000.0,
        "Total Expenses": 94808000.0,
        "Total Operating Income As Reported": -1855000.0,
        "Diluted Average Shares": 45659589.0,
        "Basic Average Shares": 45659589.0,
        "Diluted EPS": -0.78,
        "Basic EPS": -0.78,
        "Diluted NI Availto Com Stockholders": -35658000.0,
        "Net Income Common Stockholders": -35658000.0,
        "Net Income": -35658000.0,
        "Minority Interests": -239000.0,
        "Net Income Including Noncontrolling Interests": -35419000.0,
        "Net Income Continuous Operations": -35419000.0,
        "Earnings From Equity Interest Net Of Tax": 0.0,
        "Tax Provision": 27583000.0,
        "Pretax Income": -7836000.0,
        "Other Income Expense": -19752000.0,
        "Other Non Operating Income Expenses": -78000.0,
        "Special Income Charges": -19674000.0,
        "Other Special Charges": -4500000.0,
        "Impairment Of Capital Assets": 24174000.0,
        "Net Non Operating Interest Income Expense": -10403000.0,
        "Interest Expense Non Operating": 11520000.0,
        "Interest Income Non Operating": 1117000.0,
        "Operating Income": 22319000.0,
        "Operating Expense": 59319000.0,
        "Depreciation Amortization Depletion Income Statement": 1635000.0,
        "Depreciation And Amortization In Income Statement": 1635000.0,
        "Selling General And Administration": 57684000.0,
        "Gross Profit": 81638000.0,
        "Cost Of Revenue": 35489000.0,
        "Total Revenue": 117127000.0,
        "Operating Revenue": 117127000.0
    },
    "2025-03-31": {
        "Tax Effect Of Unusual Items": 1080240.0,
        "Tax Rate For Calcs": 0.21,
        "Normalized EBITDA": 23141000.0,
        "Total Unusual Items": 5144000.0,
        "Total Unusual Items Excluding Goodwill": 5144000.0,
        "Net Income From Continuing Operation Net Minority Interest": -11742000.0,
        "Reconciled Depreciation": 13442000.0,
        "Reconciled Cost Of Revenue": 19486000.0,
        "EBITDA": 28285000.0,
        "EBIT": 14843000.0,
        "Net Interest Income": -9958000.0,
        "Interest Expense": 10924000.0,
        "Interest Income": 966000.0,
        "Normalized Income": -15805760.0,
        "Net Income From Continuing And Discontinued Operation": -11742000.0,
        "Total Expenses": 83694000.0,
        "Total Operating Income As Reported": 2098000.0,
        "Diluted Average Shares": 44421652.0,
        "Basic Average Shares": 44421652.0,
        "Diluted EPS": -0.26,
        "Basic EPS": -0.26,
        "Diluted NI Availto Com Stockholders": -11742000.0,
        "Net Income Common Stockholders": -11742000.0,
        "Net Income": -11742000.0,
        "Minority Interests": -3000.0,
        "Net Income Including Noncontrolling Interests": -11739000.0,
        "Net Income Continuous Operations": -11739000.0,
        "Earnings From Equity Interest Net Of Tax": 0.0,
        "Tax Provision": 15658000.0,
        "Pretax Income": 3919000.0,
        "Other Income Expense": 5336000.0,
        "Other Non Operating Income Expenses": 192000.0,
        "Special Income Charges": 5144000.0,
        "Other Special Charges": -11587000.0,
        "Impairment Of Capital Assets": 6443000.0,
        "Net Non Operating Interest Income Expense": -9958000.0,
        "Interest Expense Non Operating": 10924000.0,
        "Interest Income Non Operating": 966000.0,
        "Operating Income": 8541000.0,
        "Operating Expense": 53081000.0,
        "Depreciation Amortization Depletion Income Statement": 2315000.0,
        "Depreciation And Amortization In Income Statement": 2315000.0,
        "Selling General And Administration": 50766000.0,
        "Gross Profit": 61622000.0,
        "Cost Of Revenue": 30613000.0,
        "Total Revenue": 92235000.0,
        "Operating Revenue": 92235000.0
    },
    "2025-06-30": {
        "Tax Effect Of Unusual Items": -21474543.205403,
        "Tax Rate For Calcs": 0.215217,
        "Normalized EBITDA": 23871000.0,
        "Total Unusual Items": -99781000.0,
        "Total Unusual Items Excluding Goodwill": -99781000.0,
        "Net Income From Continuing Operation Net Minority Interest": -77902000.0,
        "Reconciled Depreciation": 13737000.0,
        "Reconciled Cost Of Revenue": 18447000.0,
        "EBITDA": -75910000.0,
        "EBIT": -89647000.0,
        "Net Interest Income": -9088000.0,
        "Interest Expense": 9704000.0,
        "Interest Income": 616000.0,
        "Normalized Income": 404456.794597,
        "Net Income From Continuing And Discontinued Operation": -77902000.0,
        "Total Expenses": 82237000.0,
        "Total Operating Income As Reported": -120684000.0,
        "Diluted Average Shares": 44738306.0,
        "Basic Average Shares": 44738306.0,
        "Diluted EPS": -1.74,
        "Basic EPS": -1.74,
        "Diluted NI Availto Com Stockholders": -77902000.0,
        "Net Income Common Stockholders": -77902000.0,
        "Net Income": -77902000.0,
        "Minority Interests": 67000.0,
        "Net Income Including Noncontrolling Interests": -77969000.0,
        "Net Income Continuous Operations": -77969000.0,
        "Earnings From Equity Interest Net Of Tax": 0.0,
        "Tax Provision": -21382000.0,
        "Pretax Income": -99351000.0,
        "Other Income Expense": -99657000.0,
        "Other Non Operating Income Expenses": 124000.0,
        "Special Income Charges": -99781000.0,
        "Other Special Charges": -30297000.0,
        "Impairment Of Capital Assets": 130078000.0,
        "Net Non Operating Interest Income Expense": -9088000.0,
        "Interest Expense Non Operating": 9704000.0,
        "Interest Income Non Operating": 616000.0,
        "Operating Income": 9394000.0,
        "Operating Expense": 53576000.0,
        "Depreciation Amortization Depletion Income Statement": 3523000.0,
        "Depreciation And Amortization In Income Statement": 3523000.0,
        "Selling General And Administration": 50053000.0,
        "Gross Profit": 62970000.0,
        "Cost Of Revenue": 28661000.0,
        "Total Revenue": 91631000.0,
        "Operating Revenue": 91631000.0
    }
}