{
    "2023-03-31": {
        "Tax Effect Of Unusual Items": NaN,
        "Tax Rate For Calcs": NaN,
        "Normalized EBITDA": NaN,
        "Total Unusual Items": NaN,
        "Total Unusual Items Excluding Goodwill": NaN,
        "Net Income From Continuing Operation Net Minority Interest": NaN,
        "Reconciled Depreciation": NaN,
        "Reconciled Cost Of Revenue": NaN,
        "EBITDA": NaN,
        "EBIT": NaN,
        "Net Interest Income": NaN,
        "Interest Expense": NaN,
        "Normalized Income": NaN,
        "Net Income From Continuing And Discontinued Operation": NaN,
        "Total Expenses": NaN,
        "Total Operating Income As Reported": NaN,
        "Diluted Average Shares": 32259110.0,
        "Basic Average Shares": 32259110.0,
        "Diluted EPS": -4.38,
        "Basic EPS": -4.38,
        "Diluted NI Availto Com Stockholders": NaN,
        "Net Income Common Stockholders": NaN,
        "Preferred Stock Dividends": NaN,
        "Net Income": NaN,
        "Net Income Including Noncontrolling Interests": NaN,
        "Net Income Continuous Operations": NaN,
        "Tax Provision": NaN,
        "Pretax Income": NaN,
        "Other Income Expense": NaN,
        "Other Non Operating Income Expenses": NaN,
        "Special Income Charges": NaN,
        "Impairment Of Capital Assets": NaN,
        "Restructuring And Mergern Acquisition": NaN,
        "Net Non Operating Interest Income Expense": NaN,
        "Interest Expense Non Operating": NaN,
        "Operating Income": NaN,
        "Operating Expense": NaN,
        "Depreciation Amortization Depletion Income Statement": NaN,
        "Depreciation And Amortization In Income Statement": NaN,
        "Amortization": NaN,
        "Amortization Of Intangibles Income Statement": NaN,
        "Depreciation Income Statement": NaN,
        "Research And Development": NaN,
        "Selling General And Administration": NaN,
        "Selling And Marketing Expense": NaN,
        "General And Administrative Expense": NaN,
        "Other Gand A": NaN,
        "Gross Profit": NaN,
        "Cost Of Revenue": NaN,
        "Total Revenue": NaN,
        "Operating Revenue": NaN
    },
    "2022-12-31": {
        "Tax Effect Of Unusual Items": NaN,
        "Tax Rate For Calcs": NaN,
        "Normalized EBITDA": NaN,
        "Total Unusual Items": NaN,
        "Total Unusual Items Excluding Goodwill": NaN,
        "Net Income From Continuing Operation Net Minority Interest": NaN,
        "Reconciled Depreciation": NaN,
        "Reconciled Cost Of Revenue": NaN,
        "EBITDA": NaN,
        "EBIT": NaN,
        "Net Interest Income": NaN,
        "Interest Expense": NaN,
        "Normalized Income": NaN,
        "Net Income From Continuing And Discontinued Operation": NaN,
        "Total Expenses": NaN,
        "Total Operating Income As Reported": NaN,
        "Diluted Average Shares": 31906980.0,
        "Basic Average Shares": 31906980.0,
        "Diluted EPS": -0.75,
        "Basic EPS": -0.75,
        "Diluted NI Availto Com Stockholders": NaN,
        "Net Income Common Stockholders": NaN,
        "Preferred Stock Dividends": NaN,
        "Net Income": NaN,
        "Net Income Including Noncontrolling Interests": NaN,
        "Net Income Continuous Operations": NaN,
        "Tax Provision": NaN,
        "Pretax Income": NaN,
        "Other Income Expense": NaN,
        "Other Non Operating Income Expenses": NaN,
        "Special Income Charges": NaN,
        "Impairment Of Capital Assets": NaN,
        "Restructuring And Mergern Acquisition": NaN,
        "Net Non Operating Interest Income Expense": NaN,
        "Interest Expense Non Operating": NaN,
        "Operating Income": NaN,
        "Operating Expense": NaN,
        "Depreciation Amortization Depletion Income Statement": NaN,
        "Depreciation And Amortization In Income Statement": NaN,
        "Amortization": NaN,
        "Amortization Of Intangibles Income Statement": NaN,
        "Depreciation Income Statement": NaN,
        "Research And Development": NaN,
        "Selling General And Administration": NaN,
        "Selling And Marketing Expense": NaN,
        "General And Administrative Expense": NaN,
        "Other Gand A": NaN,
        "Gross Profit": NaN,
        "Cost Of Revenue": NaN,
        "Total Revenue": NaN,
        "Operating Revenue": NaN
    },
    "2022-09-30": {
        "Tax Effect Of Unusual Items": -500305.984939,
        "Tax Rate For Calcs": 0.139516,
        "Normalized EBITDA": 16511000.0,
        "Total Unusual Items": -3586000.0,
        "Total Unusual Items Excluding Goodwill": -3586000.0,
        "Net Income From Continuing Operation Net Minority Interest": -6513000.0,
        "Reconciled Depreciation": 13140000.0,
        "Reconciled Cost Of Revenue": 22703000.0,
        "EBITDA": 12925000.0,
        "EBIT": -215000.0,
        "Net Interest Income": -7354000.0,
        "Interest Expense": 7354000.0,
        "Normalized Income": -3427305.984939,
        "Net Income From Continuing And Discontinued Operation": -6513000.0,
        "Total Expenses": 76517000.0,
        "Total Operating Income As Reported": -554000.0,
        "Diluted Average Shares": 31655206.0,
        "Basic Average Shares": 31655206.0,
        "Diluted EPS": -0.22,
        "Basic EPS": -0.22,
        "Diluted NI Availto Com Stockholders": -7059000.0,
        "Net Income Common Stockholders": -7059000.0,
        "Preferred Stock Dividends": 546000.0,
        "Net Income": -6513000.0,
        "Net Income Including Noncontrolling Interests": -6513000.0,
        "Net Income Continuous Operations": -6513000.0,
        "Tax Provision": -1056000.0,
        "Pretax Income": -7569000.0,
        "Other Income Expense": -3247000.0,
        "Other Non Operating Income Expenses": 339000.0,
        "Special Income Charges": -3586000.0,
        "Impairment Of Capital Assets": NaN,
        "Restructuring And Mergern Acquisition": 3586000.0,
        "Net Non Operating Interest Income Expense": -7354000.0,
        "Interest Expense Non Operating": 7354000.0,
        "Operating Income": 3032000.0,
        "Operating Expense": 50791000.0,
        "Depreciation Amortization Depletion Income Statement": 10117000.0,
        "Depreciation And Amortization In Income Statement": 10117000.0,
        "Amortization": 9754000.0,
        "Amortization Of Intangibles Income Statement": 9754000.0,
        "Depreciation Income Statement": 363000.0,
        "Research And Development": 11645000.0,
        "Selling General And Administration": 29029000.0,
        "Selling And Marketing Expense": 14361000.0,
        "General And Administrative Expense": 14668000.0,
        "Other Gand A": 14668000.0,
        "Gross Profit": 53823000.0,
        "Cost Of Revenue": 25726000.0,
        "Total Revenue": 79549000.0,
        "Operating Revenue": 79549000.0
    },
    "2022-06-30": {
        "Tax Effect Of Unusual Items": -137835.754521,
        "Tax Rate For Calcs": 0.027987,
        "Normalized EBITDA": 9745000.0,
        "Total Unusual Items": -4925000.0,
        "Total Unusual Items Excluding Goodwill": -4925000.0,
        "Net Income From Continuing Operation Net Minority Interest": -16393000.0,
        "Reconciled Depreciation": 13931000.0,
        "Reconciled Cost Of Revenue": 23424000.0,
        "EBITDA": 4820000.0,
        "EBIT": -9111000.0,
        "Net Interest Income": -7754000.0,
        "Interest Expense": 7754000.0,
        "Normalized Income": -11605835.754521,
        "Net Income From Continuing And Discontinued Operation": -16393000.0,
        "Total Expenses": 86190000.0,
        "Total Operating Income As Reported": -10888000.0,
        "Diluted Average Shares": 31380505.0,
        "Basic Average Shares": 31380505.0,
        "Diluted EPS": -0.52,
        "Basic EPS": -0.52,
        "Diluted NI Availto Com Stockholders": -16393000.0,
        "Net Income Common Stockholders": -16393000.0,
        "Preferred Stock Dividends": NaN,
        "Net Income": -16393000.0,
        "Net Income Including Noncontrolling Interests": -16393000.0,
        "Net Income Continuous Operations": -16393000.0,
        "Tax Provision": -472000.0,
        "Pretax Income": -16865000.0,
        "Other Income Expense": -3148000.0,
        "Other Non Operating Income Expenses": 1777000.0,
        "Special Income Charges": -4925000.0,
        "Impairment Of Capital Assets": NaN,
        "Restructuring And Mergern Acquisition": 4925000.0,
        "Net Non Operating Interest Income Expense": -7754000.0,
        "Interest Expense Non Operating": 7754000.0,
        "Operating Income": -5963000.0,
        "Operating Expense": 59637000.0,
        "Depreciation Amortization Depletion Income Statement": 10802000.0,
        "Depreciation And Amortization In Income Statement": 10802000.0,
        "Amortization": 10409000.0,
        "Amortization Of Intangibles Income Statement": 10409000.0,
        "Depreciation Income Statement": 393000.0,
        "Research And Development": 11676000.0,
        "Selling General And Administration": 37159000.0,
        "Selling And Marketing Expense": 15331000.0,
        "General And Administrative Expense": 21828000.0,
        "Other Gand A": 21828000.0,
        "Gross Profit": 53674000.0,
        "Cost Of Revenue": 26553000.0,
        "Total Revenue": 80227000.0,
        "Operating Revenue": 80227000.0
    },
    "2022-03-31": {
        "Diluted EPS": -0.73,
        "Total Revenue": 79,
        "Gross Profit": 54,
        "Operating Income": -15,
        "EBIT": 2,
        "Net Income": -23
    },
    "2021-12-31": {
        "Diluted EPS": -0.24,
        "Total Revenue": 76,
        "Gross Profit": 51,
        "Operating Income": -2,
        "EBIT": 14,
        "Net Income": -7
    },
    "2021-09-30": {
        "Diluted EPS": -0.36,
        "Total Revenue": 76,
        "Gross Profit": 51,
        "Operating Income": -6,
        "EBIT": 10,
        "Net Income": -11
    },
    "2021-06-30": {
        "Diluted EPS": -0.63,
        "Total Revenue": 76,
        "Gross Profit": 51,
        "Operating Income": -9,
        "EBIT": 6,
        "Net Income": -19
    },
    "2021-03-31": {
        "Diluted EPS": -0.69,
        "Total Revenue": 74,
        "Gross Profit": 50,
        "Operating Income": -18,
        "EBIT": -3,
        "Net Income": -21
    },
    "2020-12-31": {
        "Diluted EPS": -0.12,
        "Total Revenue": 78,
        "Gross Profit": 51,
        "Operating Income": 1,
        "EBIT": 15,
        "Net Income": -6
    },
    "2020-09-30": {
        "Diluted EPS": -0.42,
        "Total Revenue": 74,
        "Gross Profit": 49,
        "Operating Income": -3,
        "EBIT": 10,
        "Net Income": -11
    },
    "2020-06-30": {
        "Diluted EPS": -0.57,
        "Total Revenue": 71,
        "Gross Profit": 48,
        "Operating Income": -7,
        "EBIT": 6,
        "Net Income": -14
    },
    "2020-03-31": {
        "Diluted EPS": -0.81,
        "Total Revenue": 68,
        "Gross Profit": 46,
        "Operating Income": -15,
        "EBIT": -3,
        "Net Income": -20
    },
    "2019-12-31": {
        "Diluted EPS": -0.84,
        "Total Revenue": 66,
        "Gross Profit": 45,
        "Operating Income": -13,
        "EBIT": -1,
        "Net Income": -20
    },
    "2019-09-30": {
        "Diluted EPS": -0.5,
        "Total Revenue": 55,
        "Gross Profit": 38,
        "Operating Income": -4,
        "EBIT": 6,
        "Net Income": -12
    },
    "2019-06-30": {
        "Diluted EPS": -0.24,
        "Total Revenue": 53,
        "Gross Profit": 36,
        "Operating Income": -6,
        "EBIT": 3,
        "Net Income": -5
    },
    "2019-03-31": {
        "Diluted EPS": -0.38,
        "Total Revenue": 48,
        "Gross Profit": 34,
        "Operating Income": -3,
        "EBIT": 6,
        "Net Income": -8
    },
    "2018-12-31": {
        "Diluted EPS": 0.09,
        "Total Revenue": 45,
        "Gross Profit": 30,
        "Operating Income": -5,
        "EBIT": 3,
        "Net Income": 2
    },
    "2018-09-30": {
        "Diluted EPS": -0.21,
        "Total Revenue": 37,
        "Gross Profit": 25,
        "Operating Income": 0,
        "EBIT": 6,
        "Net Income": -4
    },
    "2018-06-30": {
        "Diluted EPS": -0.26,
        "Total Revenue": 36,
        "Gross Profit": 25,
        "Operating Income": -1,
        "EBIT": 5,
        "Net Income": -5
    },
    "2018-03-31": {
        "Diluted EPS": -0.16,
        "Total Revenue": 32,
        "Gross Profit": 21,
        "Operating Income": 0,
        "EBIT": 4,
        "Net Income": -3
    },
    "2017-12-31": {
        "Diluted EPS": -0.18,
        "Total Revenue": 28,
        "Gross Profit": 18,
        "Operating Income": -2,
        "EBIT": 1,
        "Net Income": -4
    },
    "2017-09-30": {
        "Diluted EPS": -0.18,
        "Total Revenue": 26,
        "Gross Profit": 17,
        "Operating Income": -2,
        "EBIT": 1,
        "Net Income": -4
    },
    "2017-06-30": {
        "Diluted EPS": -0.33,
        "Total Revenue": 23,
        "Gross Profit": 15,
        "Operating Income": -3,
        "EBIT": 0,
        "Net Income": -6
    },
    "2017-03-31": {
        "Diluted EPS": -0.33,
        "Total Revenue": 21,
        "Gross Profit": 14,
        "Operating Income": -4,
        "EBIT": -1,
        "Net Income": -6
    },
    "2016-12-31": {
        "Diluted EPS": -0.1,
        "Total Revenue": 19,
        "Gross Profit": 12,
        "Operating Income": -1,
        "EBIT": 2,
        "Net Income": -2
    },
    "2016-09-30": {
        "Diluted EPS": -0.14,
        "Total Revenue": 19,
        "Gross Profit": 12,
        "Operating Income": -1,
        "EBIT": 1,
        "Net Income": -2
    },
    "2016-06-30": {
        "Diluted EPS": -0.22,
        "Total Revenue": 19,
        "Gross Profit": 12,
        "Operating Income": -2,
        "EBIT": 0,
        "Net Income": -4
    },
    "2016-03-31": {
        "Diluted EPS": -0.36,
        "Total Revenue": 18,
        "Gross Profit": 11,
        "Operating Income": -4,
        "EBIT": -2,
        "Net Income": -6
    },
    "2015-12-31": {
        "Diluted EPS": -0.28,
        "Total Revenue": 18,
        "Gross Profit": 11,
        "Operating Income": -3,
        "EBIT": 0,
        "Net Income": -4
    },
    "2015-09-30": {
        "Diluted EPS": -0.16,
        "Total Revenue": 17,
        "Gross Profit": 11,
        "Operating Income": -2,
        "EBIT": 0,
        "Net Income": -2
    },
    "2015-06-30": {
        "Diluted EPS": -0.22,
        "Total Revenue": 18,
        "Gross Profit": 11,
        "Operating Income": -3,
        "EBIT": 0,
        "Net Income": -3
    },
    "2015-03-31": {
        "Diluted EPS": -0.25,
        "Total Revenue": 18,
        "Gross Profit": 11,
        "Operating Income": -3,
        "EBIT": -1,
        "Net Income": -4
    },
    "2014-12-31": {
        "Diluted EPS": 1.65,
        "Total Revenue": 16,
        "Gross Profit": 10,
        "Operating Income": -4,
        "EBIT": -2,
        "Net Income": -3
    },
    "2014-09-30": {
        "Diluted EPS": -0.8,
        "Total Revenue": 16,
        "Gross Profit": 10,
        "Operating Income": -2,
        "EBIT": 0,
        "Net Income": -3
    },
    "2014-06-30": {
        "Diluted EPS": -0.8,
        "Total Revenue": 16,
        "Gross Profit": 11,
        "Operating Income": -1,
        "EBIT": 1,
        "Net Income": -3
    },
    "2014-03-31": {
        "Diluted EPS": -4.48,
        "Total Revenue": 16,
        "Gross Profit": 10,
        "Operating Income": -12,
        "EBIT": -10,
        "Net Income": -13
    },
    "2013-12-31": {
        "Diluted EPS": 0.0,
        "Total Revenue": NaN,
        "Gross Profit": NaN,
        "Operating Income": NaN,
        "EBIT": NaN,
        "Net Income": NaN
    },
    "2013-09-30": {
        "Diluted EPS": -1.17,
        "Total Revenue": 10,
        "Gross Profit": 7,
        "Operating Income": -1,
        "EBIT": -1,
        "Net Income": -1
    },
    "2012-12-31": {
        "Diluted EPS": 0.0,
        "Total Revenue": NaN,
        "Gross Profit": NaN,
        "Operating Income": NaN,
        "EBIT": NaN,
        "Net Income": NaN
    },
    "2023-06-30": {
        "Tax Effect Of Unusual Items": NaN,
        "Tax Rate For Calcs": NaN,
        "Normalized EBITDA": NaN,
        "Total Unusual Items": NaN,
        "Total Unusual Items Excluding Goodwill": NaN,
        "Net Income From Continuing Operation Net Minority Interest": NaN,
        "Reconciled Depreciation": NaN,
        "Reconciled Cost Of Revenue": NaN,
        "EBITDA": NaN,
        "EBIT": NaN,
        "Net Interest Income": NaN,
        "Interest Expense": NaN,
        "Interest Income": NaN,
        "Normalized Income": NaN,
        "Net Income From Continuing And Discontinued Operation": NaN,
        "Total Expenses": NaN,
        "Total Operating Income As Reported": NaN,
        "Diluted Average Shares": 32473872.0,
        "Basic Average Shares": 32473872.0,
        "Diluted EPS": -0.51,
        "Basic EPS": -0.51,
        "Diluted NI Availto Com Stockholders": NaN,
        "Net Income Common Stockholders": NaN,
        "Preferred Stock Dividends": NaN,
        "Net Income": NaN,
        "Net Income Including Noncontrolling Interests": NaN,
        "Net Income Continuous Operations": NaN,
        "Tax Provision": NaN,
        "Pretax Income": NaN,
        "Other Income Expense": NaN,
        "Other Non Operating Income Expenses": NaN,
        "Special Income Charges": NaN,
        "Impairment Of Capital Assets": NaN,
        "Restructuring And Mergern Acquisition": NaN,
        "Net Non Operating Interest Income Expense": NaN,
        "Interest Expense Non Operating": NaN,
        "Interest Income Non Operating": NaN,
        "Operating Income": NaN,
        "Operating Expense": NaN,
        "Depreciation Amortization Depletion Income Statement": NaN,
        "Depreciation And Amortization In Income Statement": NaN,
        "Amortization": NaN,
        "Amortization Of Intangibles Income Statement": NaN,
        "Depreciation Income Statement": NaN,
        "Research And Development": NaN,
        "Selling General And Administration": NaN,
        "Selling And Marketing Expense": NaN,
        "General And Administrative Expense": NaN,
        "Other Gand A": NaN,
        "Gross Profit": NaN,
        "Cost Of Revenue": NaN,
        "Total Revenue": NaN,
        "Operating Revenue": NaN
    },
    "2023-09-30": {
        "Tax Effect Of Unusual Items": NaN,
        "Tax Rate For Calcs": NaN,
        "Normalized EBITDA": NaN,
        "Total Unusual Items": NaN,
        "Total Unusual Items Excluding Goodwill": NaN,
        "Net Income From Continuing Operation Net Minority Interest": NaN,
        "Reconciled Depreciation": NaN,
        "Reconciled Cost Of Revenue": NaN,
        "EBITDA": NaN,
        "EBIT": NaN,
        "Net Interest Income": NaN,
        "Interest Expense": 2525000.0,
        "Interest Income": NaN,
        "Normalized Income": NaN,
        "Net Income From Continuing And Discontinued Operation": NaN,
        "Total Expenses": NaN,
        "Total Operating Income As Reported": NaN,
        "Diluted Average Shares": 32579544.0,
        "Basic Average Shares": 32579544.0,
        "Diluted EPS": -0.31,
        "Basic EPS": -0.31,
        "Diluted NI Availto Com Stockholders": NaN,
        "Net Income Common Stockholders": NaN,
        "Preferred Stock Dividends": NaN,
        "Net Income": NaN,
        "Net Income Including Noncontrolling Interests": NaN,
        "Net Income Continuous Operations": NaN,
        "Tax Provision": NaN,
        "Pretax Income": NaN,
        "Other Income Expense": NaN,
        "Other Non Operating Income Expenses": NaN,
        "Special Income Charges": NaN,
        "Impairment Of Capital Assets": NaN,
        "Restructuring And Mergern Acquisition": NaN,
        "Net Non Operating Interest Income Expense": NaN,
        "Interest Expense Non Operating": 2525000.0,
        "Interest Income Non Operating": NaN,
        "Operating Income": NaN,
        "Operating Expense": NaN,
        "Depreciation Amortization Depletion Income Statement": NaN,
        "Depreciation And Amortization In Income Statement": NaN,
        "Amortization": NaN,
        "Amortization Of Intangibles Income Statement": NaN,
        "Depreciation Income Statement": NaN,
        "Research And Development": NaN,
        "Selling General And Administration": NaN,
        "Selling And Marketing Expense": NaN,
        "General And Administrative Expense": NaN,
        "Other Gand A": NaN,
        "Gross Profit": NaN,
        "Cost Of Revenue": NaN,
        "Total Revenue": NaN,
        "Operating Revenue": NaN
    },
    "2023-12-31": {
        "Tax Effect Of Unusual Items": NaN,
        "Tax Rate For Calcs": NaN,
        "Normalized EBITDA": NaN,
        "Total Unusual Items": NaN,
        "Total Unusual Items Excluding Goodwill": NaN,
        "Net Income From Continuing Operation Net Minority Interest": NaN,
        "Reconciled Depreciation": NaN,
        "Reconciled Cost Of Revenue": NaN,
        "EBITDA": NaN,
        "EBIT": NaN,
        "Net Interest Income": NaN,
        "Interest Expense": 5322000.0,
        "Interest Income": NaN,
        "Normalized Income": NaN,
        "Net Income From Continuing And Discontinued Operation": NaN,
        "Total Expenses": NaN,
        "Total Operating Income As Reported": NaN,
        "Diluted Average Shares": NaN,
        "Basic Average Shares": NaN,
        "Diluted EPS": NaN,
        "Basic EPS": NaN,
        "Diluted NI Availto Com Stockholders": NaN,
        "Net Income Common Stockholders": NaN,
        "Preferred Stock Dividends": NaN,
        "Net Income": NaN,
        "Net Income Including Noncontrolling Interests": NaN,
        "Net Income Continuous Operations": NaN,
        "Tax Provision": NaN,
        "Pretax Income": NaN,
        "Other Income Expense": NaN,
        "Other Non Operating Income Expenses": NaN,
        "Special Income Charges": NaN,
        "Gain On Sale Of Business": NaN,
        "Impairment Of Capital Assets": NaN,
        "Restructuring And Mergern Acquisition": NaN,
        "Net Non Operating Interest Income Expense": NaN,
        "Interest Expense Non Operating": 5322000.0,
        "Interest Income Non Operating": NaN,
        "Operating Income": NaN,
        "Operating Expense": NaN,
        "Depreciation Amortization Depletion Income Statement": NaN,
        "Depreciation And Amortization In Income Statement": NaN,
        "Amortization": NaN,
        "Amortization Of Intangibles Income Statement": NaN,
        "Depreciation Income Statement": NaN,
        "Research And Development": NaN,
        "Selling General And Administration": NaN,
        "Selling And Marketing Expense": NaN,
        "General And Administrative Expense": NaN,
        "Other Gand A": NaN,
        "Gross Profit": NaN,
        "Cost Of Revenue": NaN,
        "Total Revenue": NaN,
        "Operating Revenue": NaN
    },
    "2024-03-31": {
        "Tax Effect Of Unusual Items": NaN,
        "Tax Rate For Calcs": NaN,
        "Normalized EBITDA": NaN,
        "Total Unusual Items": NaN,
        "Total Unusual Items Excluding Goodwill": NaN,
        "Net Income From Continuing Operation Net Minority Interest": NaN,
        "Reconciled Depreciation": NaN,
        "Reconciled Cost Of Revenue": NaN,
        "EBITDA": NaN,
        "EBIT": NaN,
        "Net Interest Income": NaN,
        "Interest Expense": NaN,
        "Interest Income": NaN,
        "Normalized Income": NaN,
        "Net Income From Continuing And Discontinued Operation": NaN,
        "Total Expenses": NaN,
        "Total Operating Income As Reported": NaN,
        "Diluted Average Shares": NaN,
        "Basic Average Shares": NaN,
        "Diluted EPS": NaN,
        "Basic EPS": NaN,
        "Diluted NI Availto Com Stockholders": NaN,
        "Net Income Common Stockholders": NaN,
        "Preferred Stock Dividends": NaN,
        "Net Income": NaN,
        "Net Income Including Noncontrolling Interests": NaN,
        "Net Income Continuous Operations": NaN,
        "Tax Provision": NaN,
        "Pretax Income": NaN,
        "Other Income Expense": NaN,
        "Other Non Operating Income Expenses": NaN,
        "Special Income Charges": NaN,
        "Gain On Sale Of Business": NaN,
        "Other Special Charges": NaN,
        "Impairment Of Capital Assets": NaN,
        "Restructuring And Mergern Acquisition": 0.0,
        "Net Non Operating Interest Income Expense": NaN,
        "Interest Expense Non Operating": NaN,
        "Interest Income Non Operating": NaN,
        "Operating Income": NaN,
        "Operating Expense": NaN,
        "Depreciation Amortization Depletion Income Statement": NaN,
        "Depreciation And Amortization In Income Statement": NaN,
        "Amortization": NaN,
        "Amortization Of Intangibles Income Statement": NaN,
        "Depreciation Income Statement": NaN,
        "Research And Development": NaN,
        "Selling General And Administration": NaN,
        "Selling And Marketing Expense": NaN,
        "General And Administrative Expense": NaN,
        "Other Gand A": NaN,
        "Gross Profit": NaN,
        "Cost Of Revenue": NaN,
        "Total Revenue": NaN,
        "Operating Revenue": NaN
    },
    "2024-06-30": {
        "Tax Effect Of Unusual Items": NaN,
        "Tax Rate For Calcs": NaN,
        "Normalized EBITDA": NaN,
        "Total Unusual Items": NaN,
        "Total Unusual Items Excluding Goodwill": NaN,
        "Net Income From Continuing Operation Net Minority Interest": NaN,
        "Reconciled Depreciation": NaN,
        "Reconciled Cost Of Revenue": NaN,
        "EBITDA": NaN,
        "EBIT": NaN,
        "Net Interest Income": NaN,
        "Interest Expense": 5056000.0,
        "Interest Income": NaN,
        "Normalized Income": NaN,
        "Net Income From Continuing And Discontinued Operation": NaN,
        "Total Expenses": NaN,
        "Total Operating Income As Reported": NaN,
        "Diluted Average Shares": NaN,
        "Basic Average Shares": NaN,
        "Diluted EPS": NaN,
        "Basic EPS": NaN,
        "Diluted NI Availto Com Stockholders": NaN,
        "Net Income Common Stockholders": NaN,
        "Preferred Stock Dividends": NaN,
        "Net Income": NaN,
        "Net Income Including Noncontrolling Interests": NaN,
        "Net Income Continuous Operations": NaN,
        "Tax Provision": NaN,
        "Pretax Income": NaN,
        "Other Income Expense": NaN,
        "Other Non Operating Income Expenses": NaN,
        "Special Income Charges": NaN,
        "Gain On Sale Of Business": 0.0,
        "Other Special Charges": NaN,
        "Impairment Of Capital Assets": NaN,
        "Restructuring And Mergern Acquisition": 0.0,
        "Net Non Operating Interest Income Expense": NaN,
        "Interest Expense Non Operating": 5056000.0,
        "Interest Income Non Operating": NaN,
        "Operating Income": NaN,
        "Operating Expense": NaN,
        "Depreciation Amortization Depletion Income Statement": NaN,
        "Depreciation And Amortization In Income Statement": NaN,
        "Amortization": NaN,
        "Amortization Of Intangibles Income Statement": NaN,
        "Depreciation Income Statement": NaN,
        "Research And Development": NaN,
        "Selling General And Administration": NaN,
        "Selling And Marketing Expense": NaN,
        "General And Administrative Expense": NaN,
        "Other Gand A": NaN,
        "Gross Profit": NaN,
        "Cost Of Revenue": NaN,
        "Total Revenue": NaN,
        "Operating Revenue": NaN
    },
    "2024-09-30": {
        "Tax Effect Of Unusual Items": 0.0,
        "Tax Rate For Calcs": 0.21,
        "Normalized EBITDA": 10496000.0,
        "Total Unusual Items": 0.0,
        "Total Unusual Items Excluding Goodwill": 0.0,
        "Net Income From Continuing Operation Net Minority Interest": -1733000.0,
        "Reconciled Depreciation": 13807000.0,
        "Reconciled Cost Of Revenue": 17388000.0,
        "EBITDA": 10496000.0,
        "EBIT": -3311000.0,
        "Net Interest Income": 2337000.0,
        "Interest Expense": NaN,
        "Interest Income": 2337000.0,
        "Normalized Income": -1733000.0,
        "Net Income From Continuing And Discontinued Operation": -1733000.0,
        "Total Expenses": 70003000.0,
        "Total Operating Income As Reported": -3311000.0,
        "Diluted Average Shares": 27292410.0,
        "Basic Average Shares": 27292410.0,
        "Diluted EPS": -0.12,
        "Basic EPS": -0.12,
        "Diluted NI Availto Com Stockholders": -3139000.0,
        "Net Income Common Stockholders": -3139000.0,
        "Preferred Stock Dividends": 1406000.0,
        "Net Income": -1733000.0,
        "Net Income Including Noncontrolling Interests": -1733000.0,
        "Net Income Continuous Operations": -1733000.0,
        "Tax Provision": 530000.0,
        "Pretax Income": -1203000.0,
        "Other Income Expense": -229000.0,
        "Other Non Operating Income Expenses": -229000.0,
        "Special Income Charges": 0.0,
        "Gain On Sale Of Business": 0.0,
        "Other Special Charges": NaN,
        "Impairment Of Capital Assets": 0.0,
        "Restructuring And Mergern Acquisition": 0.0,
        "Net Non Operating Interest Income Expense": 2337000.0,
        "Interest Expense Non Operating": NaN,
        "Interest Income Non Operating": 2337000.0,
        "Operating Income": -3311000.0,
        "Operating Expense": 50298000.0,
        "Depreciation Amortization Depletion Income Statement": 11490000.0,
        "Depreciation And Amortization In Income Statement": 11490000.0,
        "Amortization": 11158000.0,
        "Amortization Of Intangibles Income Statement": 11158000.0,
        "Depreciation Income Statement": 332000.0,
        "Research And Development": 11432000.0,
        "Selling General And Administration": 27376000.0,
        "Selling And Marketing Expense": 16325000.0,
        "General And Administrative Expense": 11051000.0,
        "Other Gand A": 11051000.0,
        "Gross Profit": 46987000.0,
        "Cost Of Revenue": 19705000.0,
        "Total Revenue": 66692000.0,
        "Operating Revenue": 66692000.0
    },
    "2024-12-31": {
        "Tax Effect Of Unusual Items": -3990.0,
        "Tax Rate For Calcs": 0.21,
        "Normalized EBITDA": 12878000.0,
        "Total Unusual Items": -19000.0,
        "Total Unusual Items Excluding Goodwill": -19000.0,
        "Net Income From Continuing Operation Net Minority Interest": -3430000.0,
        "Reconciled Depreciation": 13580000.0,
        "Reconciled Cost Of Revenue": 17640000.0,
        "EBITDA": 12859000.0,
        "EBIT": -721000.0,
        "Net Interest Income": -1262000.0,
        "Interest Expense": 1262000.0,
        "Interest Income": NaN,
        "Normalized Income": -3414990.0,
        "Net Income From Continuing And Discontinued Operation": -3430000.0,
        "Total Expenses": 69980000.0,
        "Total Operating Income As Reported": -1972000.0,
        "Diluted Average Shares": 27605490.0,
        "Basic Average Shares": 27605490.0,
        "Diluted EPS": -0.18,
        "Basic EPS": -0.18,
        "Diluted NI Availto Com Stockholders": -4851000.0,
        "Net Income Common Stockholders": -4851000.0,
        "Preferred Stock Dividends": 1421000.0,
        "Net Income": -3430000.0,
        "Net Income Including Noncontrolling Interests": -3430000.0,
        "Net Income Continuous Operations": -3430000.0,
        "Tax Provision": 1447000.0,
        "Pretax Income": -1983000.0,
        "Other Income Expense": 1232000.0,
        "Other Non Operating Income Expenses": 1251000.0,
        "Special Income Charges": -19000.0,
        "Gain On Sale Of Business": NaN,
        "Other Special Charges": NaN,
        "Impairment Of Capital Assets": 0.0,
        "Restructuring And Mergern Acquisition": 19000.0,
        "Net Non Operating Interest Income Expense": -1262000.0,
        "Interest Expense Non Operating": 1262000.0,
        "Interest Income Non Operating": NaN,
        "Operating Income": -1953000.0,
        "Operating Expense": 50116000.0,
        "Depreciation Amortization Depletion Income Statement": 11356000.0,
        "Depreciation And Amortization In Income Statement": 11356000.0,
        "Amortization": 11043000.0,
        "Amortization Of Intangibles Income Statement": 11043000.0,
        "Depreciation Income Statement": 313000.0,
        "Research And Development": 11293000.0,
        "Selling General And Administration": 27467000.0,
        "Selling And Marketing Expense": 16167000.0,
        "General And Administrative Expense": 11300000.0,
        "Other Gand A": 11300000.0,
        "Gross Profit": 48163000.0,
        "Cost Of Revenue": 19864000.0,
        "Total Revenue": 68027000.0,
        "Operating Revenue": 68027000.0
    },
    "2025-03-31": {
        "Tax Effect Of Unusual Items": -1246522.634502,
        "Tax Rate For Calcs": 0.049461,
        "Normalized EBITDA": 10113000.0,
        "Total Unusual Items": -25202000.0,
        "Total Unusual Items Excluding Goodwill": -25202000.0,
        "Net Income From Continuing Operation Net Minority Interest": -25848000.0,
        "Reconciled Depreciation": 9661000.0,
        "Reconciled Cost Of Revenue": 16382000.0,
        "EBITDA": -15089000.0,
        "EBIT": -24750000.0,
        "Net Interest Income": -2443000.0,
        "Interest Expense": 2443000.0,
        "Interest Income": NaN,
        "Normalized Income": -1892522.634502,
        "Net Income From Continuing And Discontinued Operation": -25848000.0,
        "Total Expenses": 62962000.0,
        "Total Operating Income As Reported": -1052000.0,
        "Diluted Average Shares": 28220936.0,
        "Basic Average Shares": 28220936.0,
        "Diluted EPS": -0.97,
        "Basic EPS": -0.97,
        "Diluted NI Availto Com Stockholders": -27286000.0,
        "Net Income Common Stockholders": -27286000.0,
        "Preferred Stock Dividends": 1438000.0,
        "Net Income": -25848000.0,
        "Net Income Including Noncontrolling Interests": -25848000.0,
        "Net Income Continuous Operations": -25848000.0,
        "Tax Provision": -1345000.0,
        "Pretax Income": -27193000.0,
        "Other Income Expense": -25443000.0,
        "Other Non Operating Income Expenses": -241000.0,
        "Special Income Charges": -25202000.0,
        "Gain On Sale Of Business": -23457000.0,
        "Other Special Charges": NaN,
        "Impairment Of Capital Assets": 0.0,
        "Restructuring And Mergern Acquisition": 1745000.0,
        "Net Non Operating Interest Income Expense": -2443000.0,
        "Interest Expense Non Operating": 2443000.0,
        "Interest Income Non Operating": NaN,
        "Operating Income": 693000.0,
        "Operating Expense": 44914000.0,
        "Depreciation Amortization Depletion Income Statement": 7995000.0,
        "Depreciation And Amortization In Income Statement": 7995000.0,
        "Amortization": 7735000.0,
        "Amortization Of Intangibles Income Statement": 7735000.0,
        "Depreciation Income Statement": 260000.0,
        "Research And Development": 11542000.0,
        "Selling General And Administration": 25377000.0,
        "Selling And Marketing Expense": 13756000.0,
        "General And Administrative Expense": 11621000.0,
        "Other Gand A": 11621000.0,
        "Gross Profit": 45607000.0,
        "Cost Of Revenue": 18048000.0,
        "Total Revenue": 63655000.0,
        "Operating Revenue": 63655000.0
    },
    "2025-06-30": {
        "Tax Effect Of Unusual Items": -126721.363636,
        "Tax Rate For Calcs": 0.012955,
        "Normalized EBITDA": 8873000.0,
        "Total Unusual Items": -9782000.0,
        "Total Unusual Items Excluding Goodwill": -9782000.0,
        "Net Income From Continuing Operation Net Minority Interest": -13029000.0,
        "Reconciled Depreciation": 8155000.0,
        "Reconciled Cost Of Revenue": 12144000.0,
        "EBITDA": -909000.0,
        "EBIT": -9064000.0,
        "Net Interest Income": -4136000.0,
        "Interest Expense": 4136000.0,
        "Interest Income": NaN,
        "Normalized Income": -3373721.363636,
        "Net Income From Continuing And Discontinued Operation": -13029000.0,
        "Total Expenses": 51070000.0,
        "Total Operating Income As Reported": -7035000.0,
        "Diluted Average Shares": 28518839.0,
        "Basic Average Shares": 28518839.0,
        "Diluted EPS": -0.51,
        "Basic EPS": -0.51,
        "Diluted NI Availto Com Stockholders": -14483000.0,
        "Net Income Common Stockholders": -14483000.0,
        "Preferred Stock Dividends": 1454000.0,
        "Net Income": -13029000.0,
        "Net Income Including Noncontrolling Interests": -13029000.0,
        "Net Income Continuous Operations": -13029000.0,
        "Tax Provision": -171000.0,
        "Pretax Income": -13200000.0,
        "Other Income Expense": -11377000.0,
        "Other Non Operating Income Expenses": -1595000.0,
        "Special Income Charges": -9782000.0,
        "Gain On Sale Of Business": -7313000.0,
        "Other Special Charges": NaN,
        "Impairment Of Capital Assets": 2469000.0,
        "Restructuring And Mergern Acquisition": NaN,
        "Net Non Operating Interest Income Expense": -4136000.0,
        "Interest Expense Non Operating": 4136000.0,
        "Interest Income Non Operating": NaN,
        "Operating Income": 2313000.0,
        "Operating Expense": 37635000.0,
        "Depreciation Amortization Depletion Income Statement": 6864000.0,
        "Depreciation And Amortization In Income Statement": 6864000.0,
        "Amortization": 6601000.0,
        "Amortization Of Intangibles Income Statement": 6601000.0,
        "Depreciation Income Statement": 263000.0,
        "Research And Development": 9781000.0,
        "Selling General And Administration": 20990000.0,
        "Selling And Marketing Expense": 10771000.0,
        "General And Administrative Expense": 10219000.0,
        "Other Gand A": 10219000.0,
        "Gross Profit": 39948000.0,
        "Cost Of Revenue": 13435000.0,
        "Total Revenue": 53383000.0,
        "Operating Revenue": 53383000.0
    },
    "2025-09-30": {
        "Tax Effect Of Unusual Items": -666160.753077,
        "Tax Rate For Calcs": 0.187545,
        "Normalized EBITDA": 13926000.0,
        "Total Unusual Items": -3552000.0,
        "Total Unusual Items Excluding Goodwill": -3552000.0,
        "Net Income From Continuing Operation Net Minority Interest": -1122000.0,
        "Reconciled Depreciation": 7551000.0,
        "Reconciled Cost Of Revenue": 10483000.0,
        "EBITDA": 10374000.0,
        "EBIT": 2823000.0,
        "Net Interest Income": -4204000.0,
        "Interest Expense": 4204000.0,
        "Interest Income": NaN,
        "Normalized Income": 1763839.246923,
        "Net Income From Continuing And Discontinued Operation": -1122000.0,
        "Total Expenses": 44400000.0,
        "Total Operating Income As Reported": 5348000.0,
        "Diluted Average Shares": 28784856.0,
        "Basic Average Shares": 28784856.0,
        "Diluted EPS": -0.09,
        "Basic EPS": -0.09,
        "Diluted NI Availto Com Stockholders": -2592000.0,
        "Net Income Common Stockholders": -2592000.0,
        "Preferred Stock Dividends": 1470000.0,
        "Net Income": -1122000.0,
        "Net Income Including Noncontrolling Interests": -1122000.0,
        "Net Income Continuous Operations": -1122000.0,
        "Tax Provision": -259000.0,
        "Pretax Income": -1381000.0,
        "Other Income Expense": -3303000.0,
        "Other Non Operating Income Expenses": 249000.0,
        "Special Income Charges": -3552000.0,
        "Gain On Sale Of Business": -1251000.0,
        "Other Special Charges": 2301000.0,
        "Impairment Of Capital Assets": 0.0,
        "Restructuring And Mergern Acquisition": NaN,
        "Net Non Operating Interest Income Expense": -4204000.0,
        "Interest Expense Non Operating": 4204000.0,
        "Interest Income Non Operating": NaN,
        "Operating Income": 6126000.0,
        "Operating Expense": 32723000.0,
        "Depreciation Amortization Depletion Income Statement": 6357000.0,
        "Depreciation And Amortization In Income Statement": 6357000.0,
        "Amortization": 6140000.0,
        "Amortization Of Intangibles Income Statement": 6140000.0,
        "Depreciation Income Statement": 217000.0,
        "Research And Development": 7872000.0,
        "Selling General And Administration": 18494000.0,
        "Selling And Marketing Expense": 9707000.0,
        "General And Administrative Expense": 8787000.0,
        "Other Gand A": 8787000.0,
        "Gross Profit": 38849000.0,
        "Cost Of Revenue": 11677000.0,
        "Total Revenue": 50526000.0,
        "Operating Revenue": 50526000.0
    }
}