{
    "2023-03-31": {
        "Tax Effect Of Unusual Items": NaN,
        "Tax Rate For Calcs": NaN,
        "Normalized EBITDA": NaN,
        "Net Income From Continuing Operation Net Minority Interest": NaN,
        "Reconciled Depreciation": NaN,
        "Reconciled Cost Of Revenue": NaN,
        "EBITDA": NaN,
        "EBIT": NaN,
        "Net Interest Income": -1101000.0,
        "Interest Expense": 1101000.0,
        "Normalized Income": NaN,
        "Net Income From Continuing And Discontinued Operation": NaN,
        "Total Expenses": NaN,
        "Total Operating Income As Reported": NaN,
        "Diluted Average Shares": NaN,
        "Basic Average Shares": NaN,
        "Diluted EPS": NaN,
        "Basic EPS": NaN,
        "Diluted NI Availto Com Stockholders": NaN,
        "Average Dilution Earnings": NaN,
        "Net Income Common Stockholders": NaN,
        "Net Income": NaN,
        "Net Income Including Noncontrolling Interests": NaN,
        "Net Income Continuous Operations": NaN,
        "Tax Provision": NaN,
        "Pretax Income": NaN,
        "Other Income Expense": NaN,
        "Other Non Operating Income Expenses": NaN,
        "Net Non Operating Interest Income Expense": -1101000.0,
        "Interest Expense Non Operating": 1101000.0,
        "Operating Income": NaN,
        "Operating Expense": NaN,
        "Provision For Doubtful Accounts": NaN,
        "Research And Development": NaN,
        "Selling General And Administration": NaN,
        "Selling And Marketing Expense": NaN,
        "General And Administrative Expense": NaN,
        "Other Gand A": NaN,
        "Gross Profit": NaN,
        "Cost Of Revenue": NaN,
        "Total Revenue": NaN,
        "Operating Revenue": NaN
    },
    "2022-12-31": {
        "Tax Effect Of Unusual Items": NaN,
        "Tax Rate For Calcs": NaN,
        "Normalized EBITDA": NaN,
        "Net Income From Continuing Operation Net Minority Interest": NaN,
        "Reconciled Depreciation": NaN,
        "Reconciled Cost Of Revenue": NaN,
        "EBITDA": NaN,
        "EBIT": NaN,
        "Net Interest Income": -1121000.0,
        "Interest Expense": 1121000.0,
        "Normalized Income": NaN,
        "Net Income From Continuing And Discontinued Operation": NaN,
        "Total Expenses": NaN,
        "Total Operating Income As Reported": NaN,
        "Diluted Average Shares": NaN,
        "Basic Average Shares": NaN,
        "Diluted EPS": NaN,
        "Basic EPS": NaN,
        "Diluted NI Availto Com Stockholders": NaN,
        "Average Dilution Earnings": NaN,
        "Net Income Common Stockholders": NaN,
        "Net Income": NaN,
        "Net Income Including Noncontrolling Interests": NaN,
        "Net Income Continuous Operations": NaN,
        "Tax Provision": NaN,
        "Pretax Income": NaN,
        "Other Income Expense": NaN,
        "Other Non Operating Income Expenses": NaN,
        "Net Non Operating Interest Income Expense": -1121000.0,
        "Interest Expense Non Operating": 1121000.0,
        "Operating Income": NaN,
        "Operating Expense": NaN,
        "Provision For Doubtful Accounts": NaN,
        "Research And Development": NaN,
        "Selling General And Administration": NaN,
        "Selling And Marketing Expense": NaN,
        "General And Administrative Expense": NaN,
        "Other Gand A": NaN,
        "Gross Profit": NaN,
        "Cost Of Revenue": NaN,
        "Total Revenue": NaN,
        "Operating Revenue": NaN
    },
    "2022-09-30": {
        "Tax Effect Of Unusual Items": NaN,
        "Tax Rate For Calcs": NaN,
        "Normalized EBITDA": NaN,
        "Net Income From Continuing Operation Net Minority Interest": NaN,
        "Reconciled Depreciation": NaN,
        "Reconciled Cost Of Revenue": NaN,
        "EBITDA": NaN,
        "EBIT": NaN,
        "Net Interest Income": -1117000.0,
        "Interest Expense": 1117000.0,
        "Normalized Income": NaN,
        "Net Income From Continuing And Discontinued Operation": NaN,
        "Total Expenses": NaN,
        "Total Operating Income As Reported": NaN,
        "Diluted Average Shares": NaN,
        "Basic Average Shares": NaN,
        "Diluted EPS": NaN,
        "Basic EPS": NaN,
        "Diluted NI Availto Com Stockholders": NaN,
        "Average Dilution Earnings": 0.0,
        "Net Income Common Stockholders": NaN,
        "Net Income": NaN,
        "Net Income Including Noncontrolling Interests": NaN,
        "Net Income Continuous Operations": NaN,
        "Tax Provision": NaN,
        "Pretax Income": NaN,
        "Other Income Expense": NaN,
        "Other Non Operating Income Expenses": NaN,
        "Net Non Operating Interest Income Expense": -1117000.0,
        "Interest Expense Non Operating": 1117000.0,
        "Operating Income": NaN,
        "Operating Expense": NaN,
        "Provision For Doubtful Accounts": NaN,
        "Research And Development": NaN,
        "Selling General And Administration": NaN,
        "Selling And Marketing Expense": NaN,
        "General And Administrative Expense": NaN,
        "Other Gand A": NaN,
        "Gross Profit": NaN,
        "Cost Of Revenue": NaN,
        "Total Revenue": NaN,
        "Operating Revenue": NaN
    },
    "2022-06-30": {
        "Tax Effect Of Unusual Items": 0.0,
        "Tax Rate For Calcs": 0.4,
        "Normalized EBITDA": -19890000.0,
        "Net Income From Continuing Operation Net Minority Interest": -23820000.0,
        "Reconciled Depreciation": 2783000.0,
        "Reconciled Cost Of Revenue": 40857000.0,
        "EBITDA": -19890000.0,
        "EBIT": -22673000.0,
        "Net Interest Income": -1120000.0,
        "Interest Expense": 1120000.0,
        "Normalized Income": -23820000.0,
        "Net Income From Continuing And Discontinued Operation": -23820000.0,
        "Total Expenses": 179946000.0,
        "Total Operating Income As Reported": -23048000.0,
        "Diluted Average Shares": 130061000.0,
        "Basic Average Shares": 130061000.0,
        "Diluted EPS": -0.18,
        "Basic EPS": -0.18,
        "Diluted NI Availto Com Stockholders": -23820000.0,
        "Average Dilution Earnings": NaN,
        "Net Income Common Stockholders": -23820000.0,
        "Net Income": -23820000.0,
        "Net Income Including Noncontrolling Interests": -23820000.0,
        "Net Income Continuous Operations": -23820000.0,
        "Tax Provision": 27000.0,
        "Pretax Income": -23793000.0,
        "Other Income Expense": 375000.0,
        "Other Non Operating Income Expenses": 375000.0,
        "Net Non Operating Interest Income Expense": -1120000.0,
        "Interest Expense Non Operating": 1120000.0,
        "Operating Income": -23048000.0,
        "Operating Expense": 139089000.0,
        "Provision For Doubtful Accounts": 6652000.0,
        "Research And Development": 35830000.0,
        "Selling General And Administration": 96607000.0,
        "Selling And Marketing Expense": 63283000.0,
        "General And Administrative Expense": 33324000.0,
        "Other Gand A": 33324000.0,
        "Gross Profit": 116041000.0,
        "Cost Of Revenue": 40857000.0,
        "Total Revenue": 156898000.0,
        "Operating Revenue": 156898000.0
    },
    "2023-06-30": {
        "Tax Effect Of Unusual Items": NaN,
        "Tax Rate For Calcs": NaN,
        "Normalized EBITDA": NaN,
        "Net Income From Continuing Operation Net Minority Interest": NaN,
        "Reconciled Depreciation": NaN,
        "Reconciled Cost Of Revenue": NaN,
        "EBITDA": NaN,
        "EBIT": NaN,
        "Net Interest Income": -713000.0,
        "Interest Expense": 713000.0,
        "Normalized Income": NaN,
        "Net Income From Continuing And Discontinued Operation": NaN,
        "Total Expenses": NaN,
        "Total Operating Income As Reported": NaN,
        "Diluted Average Shares": NaN,
        "Basic Average Shares": NaN,
        "Diluted EPS": NaN,
        "Basic EPS": NaN,
        "Diluted NI Availto Com Stockholders": NaN,
        "Average Dilution Earnings": NaN,
        "Net Income Common Stockholders": NaN,
        "Net Income": NaN,
        "Net Income Including Noncontrolling Interests": NaN,
        "Net Income Continuous Operations": NaN,
        "Tax Provision": NaN,
        "Pretax Income": NaN,
        "Other Income Expense": NaN,
        "Other Non Operating Income Expenses": NaN,
        "Net Non Operating Interest Income Expense": -713000.0,
        "Interest Expense Non Operating": 713000.0,
        "Operating Income": NaN,
        "Operating Expense": NaN,
        "Provision For Doubtful Accounts": NaN,
        "Research And Development": NaN,
        "Selling General And Administration": NaN,
        "Selling And Marketing Expense": NaN,
        "General And Administrative Expense": NaN,
        "Other Gand A": NaN,
        "Gross Profit": NaN,
        "Cost Of Revenue": NaN,
        "Total Revenue": NaN,
        "Operating Revenue": NaN
    },
    "2022-03-31": {
        "Diluted EPS": -0.19,
        "Total Revenue": 141,
        "Gross Profit": 103,
        "Operating Income": -24,
        "EBIT": -20,
        "Net Income": -25
    },
    "2021-12-31": {
        "Diluted EPS": -0.18,
        "Total Revenue": 137,
        "Gross Profit": 100,
        "Operating Income": -22,
        "EBIT": -18,
        "Net Income": -23
    },
    "2021-09-30": {
        "Diluted EPS": -0.07,
        "Total Revenue": 128,
        "Gross Profit": 93,
        "Operating Income": -8,
        "EBIT": -4,
        "Net Income": -9
    },
    "2021-06-30": {
        "Diluted EPS": -0.13,
        "Total Revenue": 124,
        "Gross Profit": 91,
        "Operating Income": -16,
        "EBIT": -13,
        "Net Income": -17
    },
    "2021-03-31": {
        "Diluted EPS": -0.06,
        "Total Revenue": 114,
        "Gross Profit": 83,
        "Operating Income": -8,
        "EBIT": -4,
        "Net Income": -8
    },
    "2020-12-31": {
        "Diluted EPS": 0.01,
        "Total Revenue": 106,
        "Gross Profit": 77,
        "Operating Income": 1,
        "EBIT": 4,
        "Net Income": 1
    },
    "2020-09-30": {
        "Diluted EPS": -0.02,
        "Total Revenue": 97,
        "Gross Profit": 70,
        "Operating Income": -3,
        "EBIT": 1,
        "Net Income": -3
    },
    "2020-06-30": {
        "Diluted EPS": -0.09,
        "Total Revenue": 88,
        "Gross Profit": 62,
        "Operating Income": -11,
        "EBIT": -8,
        "Net Income": -11
    },
    "2020-03-31": {
        "Diluted EPS": -0.09,
        "Total Revenue": 83,
        "Gross Profit": 60,
        "Operating Income": -9,
        "EBIT": -6,
        "Net Income": -10
    },
    "2019-12-31": {
        "Diluted EPS": -0.05,
        "Total Revenue": 80,
        "Gross Profit": 57,
        "Operating Income": -7,
        "EBIT": -4,
        "Net Income": -6
    },
    "2019-09-30": {
        "Diluted EPS": -0.03,
        "Total Revenue": 78,
        "Gross Profit": 56,
        "Operating Income": -4,
        "EBIT": -1,
        "Net Income": -4
    },
    "2019-06-30": {
        "Diluted EPS": -0.02,
        "Total Revenue": 74,
        "Gross Profit": 52,
        "Operating Income": -3,
        "EBIT": -1,
        "Net Income": -2
    },
    "2019-03-31": {
        "Diluted EPS": -0.05,
        "Total Revenue": 68,
        "Gross Profit": 47,
        "Operating Income": -5,
        "EBIT": -3,
        "Net Income": -5
    },
    "2018-12-31": {
        "Diluted EPS": 0.03,
        "Total Revenue": 67,
        "Gross Profit": 46,
        "Operating Income": -3,
        "EBIT": -1,
        "Net Income": -5
    },
    "2018-09-30": {
        "Diluted EPS": -0.2,
        "Total Revenue": 64,
        "Gross Profit": 44,
        "Operating Income": -3,
        "EBIT": -2,
        "Net Income": -7
    },
    "2018-06-30": {
        "Diluted EPS": -0.01,
        "Total Revenue": 63,
        "Gross Profit": 42,
        "Operating Income": 0,
        "EBIT": 2,
        "Net Income": 0
    },
    "2018-03-31": {
        "Diluted EPS": -0.2,
        "Total Revenue": 59,
        "Gross Profit": 40,
        "Operating Income": -6,
        "EBIT": -5,
        "Net Income": -7
    },
    "2017-12-31": {
        "Diluted EPS": 0.0,
        "Total Revenue": NaN,
        "Gross Profit": NaN,
        "Operating Income": NaN,
        "EBIT": NaN,
        "Net Income": NaN
    },
    "2017-09-30": {
        "Diluted EPS": -0.01,
        "Total Revenue": 52,
        "Gross Profit": 35,
        "Operating Income": 0,
        "EBIT": 0,
        "Net Income": 0
    },
    "2016-12-31": {
        "Diluted EPS": 0.0,
        "Total Revenue": NaN,
        "Gross Profit": NaN,
        "Operating Income": NaN,
        "EBIT": NaN,
        "Net Income": NaN
    },
    "2023-09-30": {
        "Tax Effect Of Unusual Items": NaN,
        "Tax Rate For Calcs": NaN,
        "Normalized EBITDA": NaN,
        "Net Income From Continuing Operation Net Minority Interest": NaN,
        "Reconciled Depreciation": NaN,
        "Reconciled Cost Of Revenue": NaN,
        "EBITDA": NaN,
        "EBIT": NaN,
        "Net Interest Income": -711000.0,
        "Interest Expense": 711000.0,
        "Normalized Income": NaN,
        "Net Income From Continuing And Discontinued Operation": NaN,
        "Total Expenses": NaN,
        "Total Operating Income As Reported": NaN,
        "Diluted Average Shares": NaN,
        "Basic Average Shares": NaN,
        "Diluted EPS": NaN,
        "Basic EPS": NaN,
        "Diluted NI Availto Com Stockholders": NaN,
        "Average Dilution Earnings": NaN,
        "Net Income Common Stockholders": NaN,
        "Net Income": NaN,
        "Net Income Including Noncontrolling Interests": NaN,
        "Net Income Continuous Operations": NaN,
        "Tax Provision": NaN,
        "Pretax Income": NaN,
        "Other Income Expense": NaN,
        "Other Non Operating Income Expenses": NaN,
        "Net Non Operating Interest Income Expense": -711000.0,
        "Interest Expense Non Operating": 711000.0,
        "Operating Income": NaN,
        "Operating Expense": NaN,
        "Provision For Doubtful Accounts": NaN,
        "Research And Development": NaN,
        "Selling General And Administration": NaN,
        "Selling And Marketing Expense": NaN,
        "General And Administrative Expense": NaN,
        "Other Gand A": NaN,
        "Gross Profit": NaN,
        "Cost Of Revenue": NaN,
        "Total Revenue": NaN,
        "Operating Revenue": NaN
    },
    "2023-12-31": {
        "Tax Effect Of Unusual Items": 0.0,
        "Tax Rate For Calcs": 0.21,
        "Normalized EBITDA": -42203000.0,
        "Net Income From Continuing Operation Net Minority Interest": 17374000.0,
        "Reconciled Depreciation": 4642000.0,
        "Reconciled Cost Of Revenue": 45868000.0,
        "EBITDA": -42203000.0,
        "EBIT": -46845000.0,
        "Net Interest Income": NaN,
        "Interest Expense": NaN,
        "Normalized Income": 17374000.0,
        "Net Income From Continuing And Discontinued Operation": 17374000.0,
        "Total Expenses": 175506000.0,
        "Total Operating Income As Reported": 8428000.0,
        "Diluted Average Shares": 143803000.0,
        "Basic Average Shares": 136620000.0,
        "Diluted EPS": 0.13,
        "Basic EPS": 0.13,
        "Diluted NI Availto Com Stockholders": 55510000.0,
        "Average Dilution Earnings": NaN,
        "Net Income Common Stockholders": 17374000.0,
        "Net Income": 17374000.0,
        "Net Income Including Noncontrolling Interests": 17374000.0,
        "Net Income Continuous Operations": 17374000.0,
        "Tax Provision": -1557000.0,
        "Pretax Income": 15817000.0,
        "Other Income Expense": 4864000.0,
        "Other Non Operating Income Expenses": 4864000.0,
        "Net Non Operating Interest Income Expense": NaN,
        "Interest Expense Non Operating": NaN,
        "Operating Income": 8428000.0,
        "Operating Expense": 129638000.0,
        "Provision For Doubtful Accounts": 2114000.0,
        "Research And Development": 46217000.0,
        "Selling General And Administration": 81307000.0,
        "Selling And Marketing Expense": 49304000.0,
        "General And Administrative Expense": 32003000.0,
        "Other Gand A": 32003000.0,
        "Gross Profit": 138066000.0,
        "Cost Of Revenue": 45868000.0,
        "Total Revenue": 183934000.0,
        "Operating Revenue": 183934000.0
    },
    "2024-03-31": {
        "Tax Effect Of Unusual Items": 0.0,
        "Tax Rate For Calcs": 0.06722,
        "Normalized EBITDA": 17042000.0,
        "Net Income From Continuing Operation Net Minority Interest": 18442000.0,
        "Reconciled Depreciation": 3993000.0,
        "Reconciled Cost Of Revenue": 44193000.0,
        "EBITDA": 17042000.0,
        "EBIT": 13049000.0,
        "Normalized Income": 18442000.0,
        "Net Income From Continuing And Discontinued Operation": 18442000.0,
        "Total Expenses": 177888000.0,
        "Total Operating Income As Reported": 13049000.0,
        "Diluted Average Shares": 143657049.0,
        "Basic Average Shares": 136356961.0,
        "Diluted EPS": 0.13,
        "Basic EPS": 0.14,
        "Diluted NI Availto Com Stockholders": 19082000.0,
        "Average Dilution Earnings": 640000.0,
        "Net Income Common Stockholders": 18442000.0,
        "Net Income": 18442000.0,
        "Net Income Including Noncontrolling Interests": 18442000.0,
        "Net Income Continuous Operations": 18442000.0,
        "Tax Provision": 1329000.0,
        "Pretax Income": 19771000.0,
        "Other Income Expense": 6722000.0,
        "Other Non Operating Income Expenses": 6722000.0,
        "Operating Income": 13049000.0,
        "Operating Expense": 133695000.0,
        "Provision For Doubtful Accounts": 927000.0,
        "Research And Development": 52916000.0,
        "Selling General And Administration": 79852000.0,
        "Selling And Marketing Expense": 47851000.0,
        "General And Administrative Expense": 32001000.0,
        "Other Gand A": 32001000.0,
        "Gross Profit": 146744000.0,
        "Cost Of Revenue": 44193000.0,
        "Total Revenue": 190937000.0,
        "Operating Revenue": 190937000.0
    },
    "2024-06-30": {
        "Tax Effect Of Unusual Items": 0.0,
        "Tax Rate For Calcs": 0.050468,
        "Normalized EBITDA": 22269000.0,
        "Net Income From Continuing Operation Net Minority Interest": 22220000.0,
        "Reconciled Depreciation": 4488000.0,
        "Reconciled Cost Of Revenue": 43852000.0,
        "EBITDA": 22269000.0,
        "EBIT": 17781000.0,
        "Normalized Income": 22220000.0,
        "Net Income From Continuing And Discontinued Operation": 22220000.0,
        "Total Expenses": 175348000.0,
        "Total Operating Income As Reported": 17781000.0,
        "Diluted Average Shares": 138265913.0,
        "Basic Average Shares": 131435839.0,
        "Diluted EPS": 0.17,
        "Basic EPS": 0.17,
        "Diluted NI Availto Com Stockholders": 22866000.0,
        "Average Dilution Earnings": 646000.0,
        "Net Income Common Stockholders": 22220000.0,
        "Net Income": 22220000.0,
        "Net Income Including Noncontrolling Interests": 22220000.0,
        "Net Income Continuous Operations": 22220000.0,
        "Tax Provision": 1181000.0,
        "Pretax Income": 23401000.0,
        "Other Income Expense": 5620000.0,
        "Other Non Operating Income Expenses": 5620000.0,
        "Operating Income": 17781000.0,
        "Operating Expense": 131496000.0,
        "Provision For Doubtful Accounts": 1774000.0,
        "Research And Development": 52465000.0,
        "Selling General And Administration": 77257000.0,
        "Selling And Marketing Expense": 47333000.0,
        "General And Administrative Expense": 29924000.0,
        "Other Gand A": 29924000.0,
        "Gross Profit": 149277000.0,
        "Cost Of Revenue": 43852000.0,
        "Total Revenue": 193129000.0,
        "Operating Revenue": 193129000.0
    },
    "2024-09-30": {
        "Tax Effect Of Unusual Items": 0.0,
        "Tax Rate For Calcs": 0.039,
        "Normalized EBITDA": 24040000.0,
        "Net Income From Continuing Operation Net Minority Interest": 27758000.0,
        "Reconciled Depreciation": 3247000.0,
        "Reconciled Cost Of Revenue": 43408000.0,
        "EBITDA": 24040000.0,
        "EBIT": 20793000.0,
        "Normalized Income": 27758000.0,
        "Net Income From Continuing And Discontinued Operation": 27758000.0,
        "Total Expenses": 172983000.0,
        "Total Operating Income As Reported": 20793000.0,
        "Diluted Average Shares": 139294133.0,
        "Basic Average Shares": 132603307.0,
        "Diluted EPS": 0.2,
        "Basic EPS": 0.21,
        "Diluted NI Availto Com Stockholders": 28410000.0,
        "Average Dilution Earnings": 652000.0,
        "Net Income Common Stockholders": 27758000.0,
        "Net Income": 27758000.0,
        "Net Income Including Noncontrolling Interests": 27758000.0,
        "Net Income Continuous Operations": 27758000.0,
        "Tax Provision": 1126000.0,
        "Pretax Income": 28884000.0,
        "Other Income Expense": 8091000.0,
        "Other Non Operating Income Expenses": 8091000.0,
        "Operating Income": 20793000.0,
        "Operating Expense": 129575000.0,
        "Provision For Doubtful Accounts": 1795000.0,
        "Research And Development": 50411000.0,
        "Selling General And Administration": 77369000.0,
        "Selling And Marketing Expense": 46093000.0,
        "General And Administrative Expense": 31276000.0,
        "Other Gand A": 31276000.0,
        "Gross Profit": 150368000.0,
        "Cost Of Revenue": 43408000.0,
        "Total Revenue": 193776000.0,
        "Operating Revenue": 193776000.0
    },
    "2024-12-31": {
        "Tax Effect Of Unusual Items": 0.0,
        "Tax Rate For Calcs": 0.21,
        "Normalized EBITDA": 19505000.0,
        "Net Income From Continuing Operation Net Minority Interest": 147166000.0,
        "Reconciled Depreciation": 5922000.0,
        "Reconciled Cost Of Revenue": 42641000.0,
        "EBITDA": 19505000.0,
        "EBIT": 13583000.0,
        "Normalized Income": 147166000.0,
        "Net Income From Continuing And Discontinued Operation": 147166000.0,
        "Total Expenses": 177900000.0,
        "Total Operating Income As Reported": 13583000.0,
        "Diluted Average Shares": 143098000.0,
        "Basic Average Shares": 134265000.0,
        "Diluted EPS": 1.03,
        "Basic EPS": 1.1,
        "Diluted NI Availto Com Stockholders": 147451000.0,
        "Average Dilution Earnings": 285000.0,
        "Net Income Common Stockholders": 147166000.0,
        "Net Income": 147166000.0,
        "Net Income Including Noncontrolling Interests": 147166000.0,
        "Net Income Continuous Operations": 147166000.0,
        "Tax Provision": -128795000.0,
        "Pretax Income": 18371000.0,
        "Other Income Expense": 4788000.0,
        "Other Non Operating Income Expenses": 4788000.0,
        "Operating Income": 13583000.0,
        "Operating Expense": 135259000.0,
        "Provision For Doubtful Accounts": 2232000.0,
        "Research And Development": 53491000.0,
        "Selling General And Administration": 79536000.0,
        "Selling And Marketing Expense": 43934000.0,
        "General And Administrative Expense": 35602000.0,
        "Other Gand A": 35602000.0,
        "Gross Profit": 148842000.0,
        "Cost Of Revenue": 42641000.0,
        "Total Revenue": 191483000.0,
        "Operating Revenue": 191483000.0
    },
    "2025-03-31": {
        "Tax Effect Of Unusual Items": 0.0,
        "Tax Rate For Calcs": 0.162,
        "Normalized EBITDA": 43753000.0,
        "Net Income From Continuing Operation Net Minority Interest": 37730000.0,
        "Reconciled Depreciation": 5063000.0,
        "Reconciled Cost Of Revenue": 41806000.0,
        "EBITDA": 43753000.0,
        "EBIT": 38690000.0,
        "Normalized Income": 37730000.0,
        "Net Income From Continuing And Discontinued Operation": 37730000.0,
        "Total Expenses": 154016000.0,
        "Total Operating Income As Reported": 38690000.0,
        "Diluted Average Shares": 142777000.0,
        "Basic Average Shares": 135208000.0,
        "Diluted EPS": 0.27,
        "Basic EPS": 0.28,
        "Diluted NI Availto Com Stockholders": 38306000.0,
        "Average Dilution Earnings": 576000.0,
        "Net Income Common Stockholders": 37730000.0,
        "Net Income": 37730000.0,
        "Net Income Including Noncontrolling Interests": 37730000.0,
        "Net Income Continuous Operations": 37730000.0,
        "Tax Provision": 7277000.0,
        "Pretax Income": 45007000.0,
        "Other Income Expense": 6317000.0,
        "Other Non Operating Income Expenses": 6317000.0,
        "Operating Income": 38690000.0,
        "Operating Expense": 112210000.0,
        "Provision For Doubtful Accounts": 2259000.0,
        "Research And Development": 46152000.0,
        "Selling General And Administration": 63799000.0,
        "Selling And Marketing Expense": 35751000.0,
        "General And Administrative Expense": 28048000.0,
        "Other Gand A": 28048000.0,
        "Gross Profit": 150900000.0,
        "Cost Of Revenue": 41806000.0,
        "Total Revenue": 192706000.0,
        "Operating Revenue": 192706000.0
    },
    "2025-06-30": {
        "Tax Effect Of Unusual Items": 0.0,
        "Tax Rate For Calcs": 0.149,
        "Normalized EBITDA": 38627000.0,
        "Net Income From Continuing Operation Net Minority Interest": 32726000.0,
        "Reconciled Depreciation": 6062000.0,
        "Reconciled Cost Of Revenue": 43432000.0,
        "EBITDA": 38627000.0,
        "EBIT": 32565000.0,
        "Normalized Income": 32726000.0,
        "Net Income From Continuing And Discontinued Operation": 32726000.0,
        "Total Expenses": 162374000.0,
        "Total Operating Income As Reported": 32565000.0,
        "Diluted Average Shares": 140198000.0,
        "Basic Average Shares": 132183000.0,
        "Diluted EPS": 0.24,
        "Basic EPS": 0.25,
        "Diluted NI Availto Com Stockholders": 33305000.0,
        "Average Dilution Earnings": 579000.0,
        "Net Income Common Stockholders": 32726000.0,
        "Net Income": 32726000.0,
        "Net Income Including Noncontrolling Interests": 32726000.0,
        "Net Income Continuous Operations": 32726000.0,
        "Tax Provision": 5717000.0,
        "Pretax Income": 38443000.0,
        "Other Income Expense": 5878000.0,
        "Other Non Operating Income Expenses": 5878000.0,
        "Operating Income": 32565000.0,
        "Operating Expense": 118942000.0,
        "Provision For Doubtful Accounts": 1769000.0,
        "Research And Development": 44843000.0,
        "Selling General And Administration": 72330000.0,
        "Selling And Marketing Expense": 36671000.0,
        "General And Administrative Expense": 35659000.0,
        "Other Gand A": 35659000.0,
        "Gross Profit": 151507000.0,
        "Cost Of Revenue": 43432000.0,
        "Total Revenue": 194939000.0,
        "Operating Revenue": 194939000.0
    },
    "2025-09-30": {
        "Tax Effect Of Unusual Items": 0.0,
        "Tax Rate For Calcs": 0.178,
        "Normalized EBITDA": 30897000.0,
        "Net Income From Continuing Operation Net Minority Interest": 29335000.0,
        "Reconciled Depreciation": 1139000.0,
        "Reconciled Cost Of Revenue": 45843000.0,
        "EBITDA": 30897000.0,
        "EBIT": 29758000.0,
        "Normalized Income": 29335000.0,
        "Net Income From Continuing And Discontinued Operation": 29335000.0,
        "Total Expenses": 171972000.0,
        "Total Operating Income As Reported": 29758000.0,
        "Diluted Average Shares": 139666000.0,
        "Basic Average Shares": 131987000.0,
        "Diluted EPS": 0.21,
        "Basic EPS": 0.22,
        "Diluted NI Availto Com Stockholders": 29910000.0,
        "Average Dilution Earnings": 575000.0,
        "Net Income Common Stockholders": 29335000.0,
        "Net Income": 29335000.0,
        "Net Income Including Noncontrolling Interests": 29335000.0,
        "Net Income Continuous Operations": 29335000.0,
        "Tax Provision": 6340000.0,
        "Pretax Income": 35675000.0,
        "Other Income Expense": 5917000.0,
        "Other Non Operating Income Expenses": 5917000.0,
        "Operating Income": 29758000.0,
        "Operating Expense": 126129000.0,
        "Provision For Doubtful Accounts": 2393000.0,
        "Research And Development": 47494000.0,
        "Selling General And Administration": 76242000.0,
        "Selling And Marketing Expense": 34985000.0,
        "General And Administrative Expense": 41257000.0,
        "Other Gand A": 41257000.0,
        "Gross Profit": 155887000.0,
        "Cost Of Revenue": 45843000.0,
        "Total Revenue": 201730000.0,
        "Operating Revenue": 201730000.0
    }
}