{
    "2023-06-30": {
        "Tax Effect Of Unusual Items": 0.0,
        "Tax Rate For Calcs": 0.142,
        "Normalized EBITDA": 7699000.0,
        "Net Income From Continuing Operation Net Minority Interest": 895000.0,
        "Reconciled Depreciation": 4611000.0,
        "Reconciled Cost Of Revenue": 59167000.0,
        "EBITDA": 7699000.0,
        "EBIT": 3088000.0,
        "Net Interest Income": -2045000.0,
        "Interest Expense": 2045000.0,
        "Normalized Income": 895000.0,
        "Net Income From Continuing And Discontinued Operation": 895000.0,
        "Total Expenses": 65922000.0,
        "Total Operating Income As Reported": 3093000.0,
        "Diluted Average Shares": 9272660.0,
        "Basic Average Shares": 9066150.0,
        "Diluted EPS": 0.1,
        "Basic EPS": 0.1,
        "Diluted NI Availto Com Stockholders": 895000.0,
        "Net Income Common Stockholders": 895000.0,
        "Net Income": 895000.0,
        "Net Income Including Noncontrolling Interests": 895000.0,
        "Net Income Continuous Operations": 895000.0,
        "Tax Provision": 148000.0,
        "Pretax Income": 1043000.0,
        "Other Income Expense": -5000.0,
        "Other Non Operating Income Expenses": -5000.0,
        "Net Non Operating Interest Income Expense": -2045000.0,
        "Interest Expense Non Operating": 2045000.0,
        "Operating Income": 3093000.0,
        "Operating Expense": 6755000.0,
        "Selling General And Administration": 6755000.0,
        "Gross Profit": 9848000.0,
        "Cost Of Revenue": 59167000.0,
        "Total Revenue": 69015000.0,
        "Operating Revenue": 69015000.0
    },
    "2023-03-31": {
        "Tax Effect Of Unusual Items": 0.0,
        "Tax Rate For Calcs": 0.053,
        "Normalized EBITDA": 6523000.0,
        "Total Unusual Items": NaN,
        "Total Unusual Items Excluding Goodwill": NaN,
        "Net Income From Continuing Operation Net Minority Interest": -512000.0,
        "Reconciled Depreciation": 5032000.0,
        "Reconciled Cost Of Revenue": 58141000.0,
        "EBITDA": 6523000.0,
        "EBIT": 1491000.0,
        "Net Interest Income": -2032000.0,
        "Interest Expense": 2032000.0,
        "Normalized Income": -512000.0,
        "Net Income From Continuing And Discontinued Operation": -512000.0,
        "Total Expenses": 64416000.0,
        "Total Operating Income As Reported": 1449000.0,
        "Diluted Average Shares": 9055815.0,
        "Basic Average Shares": 9055815.0,
        "Diluted EPS": -0.06,
        "Basic EPS": -0.06,
        "Diluted NI Availto Com Stockholders": -512000.0,
        "Net Income Common Stockholders": -512000.0,
        "Net Income": -512000.0,
        "Net Income Including Noncontrolling Interests": -512000.0,
        "Net Income Continuous Operations": -512000.0,
        "Tax Provision": -29000.0,
        "Pretax Income": -541000.0,
        "Other Income Expense": 42000.0,
        "Other Non Operating Income Expenses": 42000.0,
        "Special Income Charges": NaN,
        "Net Non Operating Interest Income Expense": -2032000.0,
        "Interest Expense Non Operating": 2032000.0,
        "Operating Income": 1449000.0,
        "Operating Expense": 6275000.0,
        "Selling General And Administration": 6275000.0,
        "Gross Profit": 7724000.0,
        "Cost Of Revenue": 58141000.0,
        "Total Revenue": 65865000.0,
        "Operating Revenue": 65865000.0
    },
    "2022-12-31": {
        "Tax Effect Of Unusual Items": NaN,
        "Tax Rate For Calcs": NaN,
        "Normalized EBITDA": NaN,
        "Total Unusual Items": 0.0,
        "Total Unusual Items Excluding Goodwill": 0.0,
        "Net Income From Continuing Operation Net Minority Interest": NaN,
        "Reconciled Depreciation": NaN,
        "Reconciled Cost Of Revenue": NaN,
        "EBITDA": NaN,
        "EBIT": NaN,
        "Net Interest Income": NaN,
        "Interest Expense": NaN,
        "Normalized Income": NaN,
        "Net Income From Continuing And Discontinued Operation": NaN,
        "Total Expenses": NaN,
        "Total Operating Income As Reported": NaN,
        "Diluted Average Shares": NaN,
        "Basic Average Shares": NaN,
        "Diluted EPS": NaN,
        "Basic EPS": NaN,
        "Diluted NI Availto Com Stockholders": NaN,
        "Net Income Common Stockholders": NaN,
        "Net Income": NaN,
        "Net Income Including Noncontrolling Interests": NaN,
        "Net Income Continuous Operations": NaN,
        "Tax Provision": NaN,
        "Pretax Income": NaN,
        "Other Income Expense": NaN,
        "Other Non Operating Income Expenses": NaN,
        "Special Income Charges": 0.0,
        "Net Non Operating Interest Income Expense": NaN,
        "Interest Expense Non Operating": NaN,
        "Operating Income": NaN,
        "Operating Expense": NaN,
        "Selling General And Administration": NaN,
        "Gross Profit": NaN,
        "Cost Of Revenue": NaN,
        "Total Revenue": NaN,
        "Operating Revenue": NaN
    },
    "2022-09-30": {
        "Tax Effect Of Unusual Items": NaN,
        "Tax Rate For Calcs": NaN,
        "Normalized EBITDA": NaN,
        "Total Unusual Items": 0.0,
        "Total Unusual Items Excluding Goodwill": 0.0,
        "Net Income From Continuing Operation Net Minority Interest": NaN,
        "Reconciled Depreciation": NaN,
        "Reconciled Cost Of Revenue": NaN,
        "EBITDA": NaN,
        "EBIT": NaN,
        "Net Interest Income": NaN,
        "Interest Expense": NaN,
        "Normalized Income": NaN,
        "Net Income From Continuing And Discontinued Operation": NaN,
        "Total Expenses": NaN,
        "Total Operating Income As Reported": NaN,
        "Diluted Average Shares": NaN,
        "Basic Average Shares": NaN,
        "Diluted EPS": NaN,
        "Basic EPS": NaN,
        "Diluted NI Availto Com Stockholders": NaN,
        "Net Income Common Stockholders": NaN,
        "Net Income": NaN,
        "Net Income Including Noncontrolling Interests": NaN,
        "Net Income Continuous Operations": NaN,
        "Tax Provision": NaN,
        "Pretax Income": NaN,
        "Other Income Expense": NaN,
        "Other Non Operating Income Expenses": NaN,
        "Special Income Charges": 0.0,
        "Net Non Operating Interest Income Expense": NaN,
        "Interest Expense Non Operating": NaN,
        "Operating Income": NaN,
        "Operating Expense": NaN,
        "Selling General And Administration": NaN,
        "Gross Profit": NaN,
        "Cost Of Revenue": NaN,
        "Total Revenue": NaN,
        "Operating Revenue": NaN
    },
    "2022-06-30": {
        "Tax Effect Of Unusual Items": 0.0,
        "Tax Rate For Calcs": 0.4,
        "Normalized EBITDA": 4324000.0,
        "Total Unusual Items": NaN,
        "Total Unusual Items Excluding Goodwill": NaN,
        "Net Income From Continuing Operation Net Minority Interest": -1437000.0,
        "Reconciled Depreciation": 4823000.0,
        "Reconciled Cost Of Revenue": 47417000.0,
        "EBITDA": 4324000.0,
        "EBIT": -499000.0,
        "Net Interest Income": -870000.0,
        "Interest Expense": 870000.0,
        "Normalized Income": -1437000.0,
        "Net Income From Continuing And Discontinued Operation": -1437000.0,
        "Total Expenses": 52694000.0,
        "Total Operating Income As Reported": -538000.0,
        "Diluted Average Shares": 8960770.0,
        "Basic Average Shares": 8960770.0,
        "Diluted EPS": -0.16,
        "Basic EPS": -0.16,
        "Diluted NI Availto Com Stockholders": -1437000.0,
        "Net Income Common Stockholders": -1437000.0,
        "Net Income": -1437000.0,
        "Net Income Including Noncontrolling Interests": -1437000.0,
        "Net Income Continuous Operations": -1437000.0,
        "Tax Provision": 68000.0,
        "Pretax Income": -1369000.0,
        "Other Income Expense": 39000.0,
        "Other Non Operating Income Expenses": 39000.0,
        "Special Income Charges": NaN,
        "Net Non Operating Interest Income Expense": -870000.0,
        "Total Other Finance Cost": NaN,
        "Interest Expense Non Operating": 870000.0,
        "Operating Income": -538000.0,
        "Operating Expense": 5277000.0,
        "Selling General And Administration": 5277000.0,
        "Gross Profit": 4739000.0,
        "Cost Of Revenue": 47417000.0,
        "Total Revenue": 52156000.0,
        "Operating Revenue": 52156000.0
    },
    "2022-03-31": {
        "Diluted EPS": -0.18,
        "Total Revenue": 48,
        "Gross Profit": 4,
        "Operating Income": -1,
        "EBIT": 4,
        "Net Income": -2
    },
    "2021-12-31": {
        "Diluted EPS": -0.17,
        "Total Revenue": 43,
        "Gross Profit": 4,
        "Operating Income": -1,
        "EBIT": 4,
        "Net Income": -2
    },
    "2021-09-30": {
        "Diluted EPS": 0.87,
        "Total Revenue": 37,
        "Gross Profit": 2,
        "Operating Income": -3,
        "EBIT": 2,
        "Net Income": 8
    },
    "2021-06-30": {
        "Diluted EPS": -0.28,
        "Total Revenue": 39,
        "Gross Profit": 2,
        "Operating Income": -3,
        "EBIT": 2,
        "Net Income": -2
    },
    "2021-03-31": {
        "Diluted EPS": -0.51,
        "Total Revenue": 37,
        "Gross Profit": 0,
        "Operating Income": -5,
        "EBIT": -1,
        "Net Income": -5
    },
    "2020-12-31": {
        "Diluted EPS": -0.83,
        "Total Revenue": 31,
        "Gross Profit": -5,
        "Operating Income": -9,
        "EBIT": -5,
        "Net Income": -7
    },
    "2020-09-30": {
        "Diluted EPS": -0.79,
        "Total Revenue": 37,
        "Gross Profit": -4,
        "Operating Income": -9,
        "EBIT": -4,
        "Net Income": -7
    },
    "2020-06-30": {
        "Diluted EPS": -0.38,
        "Total Revenue": 52,
        "Gross Profit": 2,
        "Operating Income": -3,
        "EBIT": 2,
        "Net Income": -3
    },
    "2020-03-31": {
        "Diluted EPS": -0.16,
        "Total Revenue": 58,
        "Gross Profit": 5,
        "Operating Income": -1,
        "EBIT": 4,
        "Net Income": -1
    },
    "2019-12-31": {
        "Diluted EPS": 0.01,
        "Total Revenue": 55,
        "Gross Profit": 6,
        "Operating Income": 1,
        "EBIT": 6,
        "Net Income": 0
    },
    "2019-09-30": {
        "Diluted EPS": 0.09,
        "Total Revenue": 57,
        "Gross Profit": 5,
        "Operating Income": 1,
        "EBIT": 6,
        "Net Income": 1
    },
    "2019-06-30": {
        "Diluted EPS": 0.24,
        "Total Revenue": 71,
        "Gross Profit": 9,
        "Operating Income": 4,
        "EBIT": 8,
        "Net Income": 2
    },
    "2019-03-31": {
        "Diluted EPS": 0.14,
        "Total Revenue": 60,
        "Gross Profit": 7,
        "Operating Income": 2,
        "EBIT": 7,
        "Net Income": 1
    },
    "2018-12-31": {
        "Diluted EPS": 0.06,
        "Total Revenue": 57,
        "Gross Profit": 6,
        "Operating Income": 1,
        "EBIT": 5,
        "Net Income": 1
    },
    "2018-09-30": {
        "Diluted EPS": 0.44,
        "Total Revenue": 69,
        "Gross Profit": 10,
        "Operating Income": 5,
        "EBIT": 10,
        "Net Income": 4
    },
    "2018-06-30": {
        "Diluted EPS": 0.5,
        "Total Revenue": 66,
        "Gross Profit": 12,
        "Operating Income": 6,
        "EBIT": 11,
        "Net Income": 4
    },
    "2018-03-31": {
        "Diluted EPS": 0.28,
        "Total Revenue": 64,
        "Gross Profit": 9,
        "Operating Income": 4,
        "EBIT": 9,
        "Net Income": 2
    },
    "2017-12-31": {
        "Diluted EPS": 1.07,
        "Total Revenue": 50,
        "Gross Profit": 6,
        "Operating Income": 1,
        "EBIT": 6,
        "Net Income": 8
    },
    "2017-09-30": {
        "Diluted EPS": -0.04,
        "Total Revenue": 51,
        "Gross Profit": 5,
        "Operating Income": 1,
        "EBIT": 6,
        "Net Income": 0
    },
    "2017-06-30": {
        "Diluted EPS": 0.17,
        "Total Revenue": 53,
        "Gross Profit": 7,
        "Operating Income": 3,
        "EBIT": 7,
        "Net Income": 1
    },
    "2017-03-31": {
        "Diluted EPS": -0.17,
        "Total Revenue": 49,
        "Gross Profit": 4,
        "Operating Income": 0,
        "EBIT": 4,
        "Net Income": -1
    },
    "2016-12-31": {
        "Diluted EPS": -0.22,
        "Total Revenue": 34,
        "Gross Profit": 3,
        "Operating Income": -1,
        "EBIT": 3,
        "Net Income": -2
    },
    "2016-09-30": {
        "Diluted EPS": -0.07,
        "Total Revenue": 40,
        "Gross Profit": 5,
        "Operating Income": 0,
        "EBIT": 5,
        "Net Income": -1
    },
    "2016-06-30": {
        "Diluted EPS": -0.11,
        "Total Revenue": 41,
        "Gross Profit": 4,
        "Operating Income": 0,
        "EBIT": 4,
        "Net Income": -1
    },
    "2016-03-31": {
        "Diluted EPS": -0.34,
        "Total Revenue": 40,
        "Gross Profit": 1,
        "Operating Income": -2,
        "EBIT": 2,
        "Net Income": -2
    },
    "2015-12-31": {
        "Diluted EPS": -0.48,
        "Total Revenue": 32,
        "Gross Profit": -1,
        "Operating Income": -5,
        "EBIT": -1,
        "Net Income": -3
    },
    "2015-09-30": {
        "Diluted EPS": -2.41,
        "Total Revenue": 43,
        "Gross Profit": 0,
        "Operating Income": -26,
        "EBIT": -1,
        "Net Income": -17
    },
    "2015-06-30": {
        "Diluted EPS": -0.05,
        "Total Revenue": 50,
        "Gross Profit": 5,
        "Operating Income": 0,
        "EBIT": 5,
        "Net Income": 0
    },
    "2015-03-31": {
        "Diluted EPS": 0.02,
        "Total Revenue": 56,
        "Gross Profit": 6,
        "Operating Income": 1,
        "EBIT": 6,
        "Net Income": 0
    },
    "2014-12-31": {
        "Diluted EPS": 0.24,
        "Total Revenue": 53,
        "Gross Profit": 9,
        "Operating Income": 3,
        "EBIT": 8,
        "Net Income": 2
    },
    "2014-09-30": {
        "Diluted EPS": 0.2,
        "Total Revenue": 54,
        "Gross Profit": 9,
        "Operating Income": 3,
        "EBIT": 7,
        "Net Income": 1
    },
    "2014-06-30": {
        "Diluted EPS": 0.2,
        "Total Revenue": 52,
        "Gross Profit": 8,
        "Operating Income": 3,
        "EBIT": 8,
        "Net Income": 1
    },
    "2014-03-31": {
        "Diluted EPS": -0.07,
        "Total Revenue": 47,
        "Gross Profit": 6,
        "Operating Income": 1,
        "EBIT": 6,
        "Net Income": 0
    },
    "2013-12-31": {
        "Diluted EPS": -0.4,
        "Total Revenue": 40,
        "Gross Profit": 1,
        "Operating Income": -3,
        "EBIT": 2,
        "Net Income": -3
    },
    "2013-09-30": {
        "Diluted EPS": -0.25,
        "Total Revenue": 48,
        "Gross Profit": 2,
        "Operating Income": -2,
        "EBIT": 2,
        "Net Income": -2
    },
    "2013-06-30": {
        "Diluted EPS": 0.06,
        "Total Revenue": 43,
        "Gross Profit": 5,
        "Operating Income": 0,
        "EBIT": 4,
        "Net Income": 0
    },
    "2013-03-31": {
        "Diluted EPS": 0.01,
        "Total Revenue": 49,
        "Gross Profit": 5,
        "Operating Income": 0,
        "EBIT": 4,
        "Net Income": 0
    },
    "2012-12-31": {
        "Diluted EPS": 0.16,
        "Total Revenue": 47,
        "Gross Profit": 6,
        "Operating Income": 2,
        "EBIT": 6,
        "Net Income": 1
    },
    "2012-09-30": {
        "Diluted EPS": 0.38,
        "Total Revenue": 61,
        "Gross Profit": 9,
        "Operating Income": 5,
        "EBIT": 8,
        "Net Income": 3
    },
    "2012-06-30": {
        "Diluted EPS": 0.62,
        "Total Revenue": 68,
        "Gross Profit": 12,
        "Operating Income": 7,
        "EBIT": 11,
        "Net Income": 5
    },
    "2012-03-31": {
        "Diluted EPS": 0.86,
        "Total Revenue": 75,
        "Gross Profit": 14,
        "Operating Income": 10,
        "EBIT": 13,
        "Net Income": 6
    },
    "2011-12-31": {
        "Diluted EPS": 0.58,
        "Total Revenue": 62,
        "Gross Profit": 12,
        "Operating Income": 7,
        "EBIT": 11,
        "Net Income": 4
    },
    "2011-09-30": {
        "Diluted EPS": 0.55,
        "Total Revenue": 67,
        "Gross Profit": 13,
        "Operating Income": 7,
        "EBIT": 9,
        "Net Income": 4
    },
    "2011-06-30": {
        "Diluted EPS": 0.79,
        "Total Revenue": 63,
        "Gross Profit": 12,
        "Operating Income": 8,
        "EBIT": 10,
        "Net Income": 6
    },
    "2011-03-31": {
        "Diluted EPS": 0.64,
        "Total Revenue": 60,
        "Gross Profit": 11,
        "Operating Income": 7,
        "EBIT": 8,
        "Net Income": 4
    },
    "2010-12-31": {
        "Diluted EPS": 0.51,
        "Total Revenue": 52,
        "Gross Profit": 9,
        "Operating Income": 5,
        "EBIT": 7,
        "Net Income": 4
    },
    "2010-09-30": {
        "Diluted EPS": 0.6,
        "Total Revenue": 52,
        "Gross Profit": 10,
        "Operating Income": 6,
        "EBIT": 8,
        "Net Income": 4
    },
    "2010-06-30": {
        "Diluted EPS": 0.61,
        "Total Revenue": 51,
        "Gross Profit": 10,
        "Operating Income": 6,
        "EBIT": 8,
        "Net Income": 4
    },
    "2010-03-31": {
        "Diluted EPS": 0.21,
        "Total Revenue": 35,
        "Gross Profit": 5,
        "Operating Income": 2,
        "EBIT": 4,
        "Net Income": 1
    },
    "2009-12-31": {
        "Diluted EPS": 0.14,
        "Total Revenue": 27,
        "Gross Profit": 3,
        "Operating Income": 1,
        "EBIT": 2,
        "Net Income": 1
    },
    "2009-09-30": {
        "Diluted EPS": 0.05,
        "Total Revenue": 25,
        "Gross Profit": 3,
        "Operating Income": 0,
        "EBIT": 2,
        "Net Income": 0
    },
    "2009-06-30": {
        "Diluted EPS": -0.06,
        "Total Revenue": 31,
        "Gross Profit": 3,
        "Operating Income": 1,
        "EBIT": 2,
        "Net Income": 0
    },
    "2009-03-31": {
        "Diluted EPS": -0.57,
        "Total Revenue": 42,
        "Gross Profit": -2,
        "Operating Income": -6,
        "EBIT": -5,
        "Net Income": -4
    },
    "2023-09-30": {
        "Tax Effect Of Unusual Items": 0.0,
        "Tax Rate For Calcs": 0.134529,
        "Normalized EBITDA": 9056000.0,
        "Net Income From Continuing Operation Net Minority Interest": 1930000.0,
        "Reconciled Depreciation": 4688000.0,
        "Reconciled Cost Of Revenue": 60424000.0,
        "EBITDA": 9056000.0,
        "EBIT": 4368000.0,
        "Net Interest Income": -2138000.0,
        "Interest Expense": 2138000.0,
        "Normalized Income": 1930000.0,
        "Net Income From Continuing And Discontinued Operation": 1930000.0,
        "Total Expenses": 66873000.0,
        "Total Operating Income As Reported": 4410000.0,
        "Diluted Average Shares": 9650000.0,
        "Basic Average Shares": 9190476.0,
        "Diluted EPS": 0.2,
        "Basic EPS": 0.21,
        "Diluted NI Availto Com Stockholders": 1930000.0,
        "Net Income Common Stockholders": 1930000.0,
        "Net Income": 1930000.0,
        "Net Income Including Noncontrolling Interests": 1930000.0,
        "Net Income Continuous Operations": 1930000.0,
        "Tax Provision": 300000.0,
        "Pretax Income": 2230000.0,
        "Other Income Expense": -42000.0,
        "Other Non Operating Income Expenses": -42000.0,
        "Net Non Operating Interest Income Expense": -2138000.0,
        "Interest Expense Non Operating": 2138000.0,
        "Operating Income": 4410000.0,
        "Operating Expense": 6449000.0,
        "Selling General And Administration": 6449000.0,
        "Gross Profit": 10859000.0,
        "Cost Of Revenue": 60424000.0,
        "Total Revenue": 71283000.0,
        "Operating Revenue": 71283000.0
    },
    "2023-12-31": {
        "Tax Effect Of Unusual Items": 0.0,
        "Tax Rate For Calcs": 0.21,
        "Normalized EBITDA": 9877000.0,
        "Net Income From Continuing Operation Net Minority Interest": 2597000.0,
        "Reconciled Depreciation": 5102000.0,
        "Reconciled Cost Of Revenue": 66672000.0,
        "EBITDA": 9877000.0,
        "EBIT": 4775000.0,
        "Net Interest Income": -2199000.0,
        "Interest Expense": 2199000.0,
        "Normalized Income": 2597000.0,
        "Net Income From Continuing And Discontinued Operation": 2597000.0,
        "Total Expenses": 74976000.0,
        "Total Operating Income As Reported": 4804000.0,
        "Diluted Average Shares": 9445132.0,
        "Basic Average Shares": 9133716.0,
        "Diluted EPS": 0.27,
        "Basic EPS": 0.28,
        "Diluted NI Availto Com Stockholders": 2597000.0,
        "Net Income Common Stockholders": 2597000.0,
        "Net Income": 2597000.0,
        "Net Income Including Noncontrolling Interests": 2597000.0,
        "Net Income Continuous Operations": 2597000.0,
        "Tax Provision": -21000.0,
        "Pretax Income": 2576000.0,
        "Other Income Expense": -29000.0,
        "Other Non Operating Income Expenses": -29000.0,
        "Net Non Operating Interest Income Expense": -2199000.0,
        "Interest Expense Non Operating": 2199000.0,
        "Operating Income": 4804000.0,
        "Operating Expense": 8304000.0,
        "Selling General And Administration": 8304000.0,
        "Gross Profit": 13108000.0,
        "Cost Of Revenue": 66672000.0,
        "Total Revenue": 79780000.0,
        "Operating Revenue": 79780000.0
    },
    "2024-03-31": {
        "Tax Effect Of Unusual Items": 0.0,
        "Tax Rate For Calcs": 0.204,
        "Normalized EBITDA": 12249000.0,
        "Net Income From Continuing Operation Net Minority Interest": 4137000.0,
        "Reconciled Depreciation": 5005000.0,
        "Reconciled Cost Of Revenue": 62970000.0,
        "EBITDA": 12249000.0,
        "EBIT": 7244000.0,
        "Net Interest Income": -2049000.0,
        "Interest Expense": 2049000.0,
        "Normalized Income": 4137000.0,
        "Net Income From Continuing And Discontinued Operation": 4137000.0,
        "Total Expenses": 70379000.0,
        "Total Operating Income As Reported": 7258000.0,
        "Diluted Average Shares": 9636144.0,
        "Basic Average Shares": 9187730.0,
        "Diluted EPS": 0.43,
        "Basic EPS": 0.45,
        "Diluted NI Availto Com Stockholders": 4137000.0,
        "Net Income Common Stockholders": 4137000.0,
        "Net Income": 4137000.0,
        "Net Income Including Noncontrolling Interests": 4137000.0,
        "Net Income Continuous Operations": 4137000.0,
        "Tax Provision": 1058000.0,
        "Pretax Income": 5195000.0,
        "Other Income Expense": -14000.0,
        "Other Non Operating Income Expenses": -14000.0,
        "Net Non Operating Interest Income Expense": -2049000.0,
        "Interest Expense Non Operating": 2049000.0,
        "Operating Income": 7258000.0,
        "Operating Expense": 7409000.0,
        "Selling General And Administration": 7409000.0,
        "Gross Profit": 14667000.0,
        "Cost Of Revenue": 62970000.0,
        "Total Revenue": 77637000.0,
        "Operating Revenue": 77637000.0
    },
    "2024-06-30": {
        "Tax Effect Of Unusual Items": 0.0,
        "Tax Rate For Calcs": 0.189,
        "Normalized EBITDA": 18002000.0,
        "Net Income From Continuing Operation Net Minority Interest": 8865000.0,
        "Reconciled Depreciation": 5175000.0,
        "Reconciled Cost Of Revenue": 61746000.0,
        "EBITDA": 18002000.0,
        "EBIT": 12827000.0,
        "Net Interest Income": -1902000.0,
        "Interest Expense": 1902000.0,
        "Normalized Income": 8865000.0,
        "Net Income From Continuing And Discontinued Operation": 8865000.0,
        "Total Expenses": 69910000.0,
        "Total Operating Income As Reported": 12849000.0,
        "Diluted Average Shares": 9843471.0,
        "Basic Average Shares": 9209721.0,
        "Diluted EPS": 0.9,
        "Basic EPS": 0.96,
        "Diluted NI Availto Com Stockholders": 8865000.0,
        "Net Income Common Stockholders": 8865000.0,
        "Net Income": 8865000.0,
        "Net Income Including Noncontrolling Interests": 8865000.0,
        "Net Income Continuous Operations": 8865000.0,
        "Tax Provision": 2060000.0,
        "Pretax Income": 10925000.0,
        "Other Income Expense": -22000.0,
        "Other Non Operating Income Expenses": -22000.0,
        "Net Non Operating Interest Income Expense": -1902000.0,
        "Interest Expense Non Operating": 1902000.0,
        "Operating Income": 12849000.0,
        "Operating Expense": 8164000.0,
        "Selling General And Administration": 8164000.0,
        "Gross Profit": 21013000.0,
        "Cost Of Revenue": 61746000.0,
        "Total Revenue": 82759000.0,
        "Operating Revenue": 82759000.0
    },
    "2024-09-30": {
        "Tax Effect Of Unusual Items": 0.0,
        "Tax Rate For Calcs": 0.179997,
        "Normalized EBITDA": 20532000.0,
        "Net Income From Continuing Operation Net Minority Interest": 11052000.0,
        "Reconciled Depreciation": 5265000.0,
        "Reconciled Cost Of Revenue": 65258000.0,
        "EBITDA": 20532000.0,
        "EBIT": 15267000.0,
        "Net Interest Income": -1789000.0,
        "Interest Expense": 1789000.0,
        "Normalized Income": 11052000.0,
        "Net Income From Continuing And Discontinued Operation": 11052000.0,
        "Total Expenses": 74225000.0,
        "Total Operating Income As Reported": 13025000.0,
        "Diluted Average Shares": 9942602.0,
        "Basic Average Shares": 9269811.0,
        "Diluted EPS": 1.11,
        "Basic EPS": 1.19,
        "Diluted NI Availto Com Stockholders": 11052000.0,
        "Net Income Common Stockholders": 11052000.0,
        "Net Income": 11052000.0,
        "Net Income Including Noncontrolling Interests": 11052000.0,
        "Net Income Continuous Operations": 11052000.0,
        "Tax Provision": 2426000.0,
        "Pretax Income": 13478000.0,
        "Other Income Expense": 2242000.0,
        "Other Non Operating Income Expenses": 2242000.0,
        "Net Non Operating Interest Income Expense": -1789000.0,
        "Interest Expense Non Operating": 1789000.0,
        "Operating Income": 13025000.0,
        "Operating Expense": 8967000.0,
        "Selling General And Administration": 8967000.0,
        "Gross Profit": 21992000.0,
        "Cost Of Revenue": 65258000.0,
        "Total Revenue": 87250000.0,
        "Operating Revenue": 87250000.0
    }
}