{
    "2023-03-31": {
        "Tax Effect Of Unusual Items": NaN,
        "Tax Rate For Calcs": NaN,
        "Normalized EBITDA": NaN,
        "Net Income From Continuing Operation Net Minority Interest": NaN,
        "Reconciled Depreciation": NaN,
        "Reconciled Cost Of Revenue": NaN,
        "EBITDA": NaN,
        "EBIT": NaN,
        "Net Interest Income": 1507000.0,
        "Interest Expense": 64000.0,
        "Interest Income": 1571000.0,
        "Normalized Income": NaN,
        "Net Income From Continuing And Discontinued Operation": NaN,
        "Total Expenses": NaN,
        "Total Operating Income As Reported": NaN,
        "Diluted Average Shares": NaN,
        "Basic Average Shares": NaN,
        "Diluted EPS": NaN,
        "Basic EPS": NaN,
        "Diluted NI Availto Com Stockholders": NaN,
        "Net Income Common Stockholders": NaN,
        "Net Income": NaN,
        "Net Income Including Noncontrolling Interests": NaN,
        "Net Income Continuous Operations": NaN,
        "Tax Provision": NaN,
        "Pretax Income": NaN,
        "Other Income Expense": NaN,
        "Other Non Operating Income Expenses": NaN,
        "Net Non Operating Interest Income Expense": 1507000.0,
        "Interest Expense Non Operating": 64000.0,
        "Interest Income Non Operating": 1571000.0,
        "Operating Income": NaN,
        "Operating Expense": NaN,
        "Selling General And Administration": NaN,
        "Gross Profit": NaN,
        "Cost Of Revenue": NaN,
        "Total Revenue": NaN,
        "Operating Revenue": NaN
    },
    "2022-12-31": {
        "Tax Effect Of Unusual Items": NaN,
        "Tax Rate For Calcs": NaN,
        "Normalized EBITDA": NaN,
        "Net Income From Continuing Operation Net Minority Interest": NaN,
        "Reconciled Depreciation": NaN,
        "Reconciled Cost Of Revenue": NaN,
        "EBITDA": NaN,
        "EBIT": NaN,
        "Net Interest Income": 1154000.0,
        "Interest Expense": 64000.0,
        "Interest Income": 1218000.0,
        "Normalized Income": NaN,
        "Net Income From Continuing And Discontinued Operation": NaN,
        "Total Expenses": NaN,
        "Total Operating Income As Reported": NaN,
        "Diluted Average Shares": NaN,
        "Basic Average Shares": NaN,
        "Diluted EPS": NaN,
        "Basic EPS": NaN,
        "Diluted NI Availto Com Stockholders": NaN,
        "Net Income Common Stockholders": NaN,
        "Net Income": NaN,
        "Net Income Including Noncontrolling Interests": NaN,
        "Net Income Continuous Operations": NaN,
        "Tax Provision": NaN,
        "Pretax Income": NaN,
        "Other Income Expense": NaN,
        "Other Non Operating Income Expenses": NaN,
        "Net Non Operating Interest Income Expense": 1154000.0,
        "Interest Expense Non Operating": 64000.0,
        "Interest Income Non Operating": 1218000.0,
        "Operating Income": NaN,
        "Operating Expense": NaN,
        "Selling General And Administration": NaN,
        "Gross Profit": NaN,
        "Cost Of Revenue": NaN,
        "Total Revenue": NaN,
        "Operating Revenue": NaN
    },
    "2022-09-30": {
        "Tax Effect Of Unusual Items": NaN,
        "Tax Rate For Calcs": NaN,
        "Normalized EBITDA": NaN,
        "Net Income From Continuing Operation Net Minority Interest": NaN,
        "Reconciled Depreciation": NaN,
        "Reconciled Cost Of Revenue": NaN,
        "EBITDA": NaN,
        "EBIT": NaN,
        "Net Interest Income": 514000.0,
        "Interest Expense": 64000.0,
        "Interest Income": 578000.0,
        "Normalized Income": NaN,
        "Net Income From Continuing And Discontinued Operation": NaN,
        "Total Expenses": NaN,
        "Total Operating Income As Reported": NaN,
        "Diluted Average Shares": NaN,
        "Basic Average Shares": NaN,
        "Diluted EPS": NaN,
        "Basic EPS": NaN,
        "Diluted NI Availto Com Stockholders": NaN,
        "Net Income Common Stockholders": NaN,
        "Net Income": NaN,
        "Net Income Including Noncontrolling Interests": NaN,
        "Net Income Continuous Operations": NaN,
        "Tax Provision": NaN,
        "Pretax Income": NaN,
        "Other Income Expense": 514000.0,
        "Other Non Operating Income Expenses": 514000.0,
        "Net Non Operating Interest Income Expense": 514000.0,
        "Interest Expense Non Operating": 64000.0,
        "Interest Income Non Operating": 578000.0,
        "Operating Income": NaN,
        "Operating Expense": NaN,
        "Selling General And Administration": NaN,
        "Gross Profit": NaN,
        "Cost Of Revenue": NaN,
        "Total Revenue": NaN,
        "Operating Revenue": NaN
    },
    "2022-06-30": {
        "Tax Effect Of Unusual Items": 0.0,
        "Tax Rate For Calcs": 0.196831,
        "Normalized EBITDA": 12810000.0,
        "Net Income From Continuing Operation Net Minority Interest": 10238000.0,
        "Reconciled Depreciation": 5546000.0,
        "Reconciled Cost Of Revenue": 44011000.0,
        "EBITDA": 12810000.0,
        "EBIT": 12810000.0,
        "Net Interest Income": 114000.0,
        "Interest Expense": 63000.0,
        "Interest Income": 177000.0,
        "Normalized Income": 10238000.0,
        "Net Income From Continuing And Discontinued Operation": 10238000.0,
        "Total Expenses": 47859000.0,
        "Total Operating Income As Reported": 12633000.0,
        "Diluted Average Shares": 5680000.0,
        "Basic Average Shares": 5672000.0,
        "Diluted EPS": 1.8,
        "Basic EPS": 1.8,
        "Diluted NI Availto Com Stockholders": 10238000.0,
        "Net Income Common Stockholders": 10238000.0,
        "Net Income": 10238000.0,
        "Net Income Including Noncontrolling Interests": 10238000.0,
        "Net Income Continuous Operations": 10238000.0,
        "Tax Provision": 2509000.0,
        "Pretax Income": 12747000.0,
        "Net Non Operating Interest Income Expense": 114000.0,
        "Interest Expense Non Operating": 63000.0,
        "Interest Income Non Operating": 177000.0,
        "Operating Income": 12633000.0,
        "Operating Expense": 3848000.0,
        "Selling General And Administration": 3848000.0,
        "Gross Profit": 16481000.0,
        "Cost Of Revenue": 44011000.0,
        "Total Revenue": 60492000.0,
        "Operating Revenue": 60492000.0
    },
    "2022-03-31": {
        "Diluted EPS": 1.53,
        "Total Revenue": 51,
        "Gross Profit": 14,
        "Operating Income": 11,
        "EBIT": 16,
        "Net Income": 9
    },
    "2021-12-31": {
        "Diluted EPS": 1.35,
        "Total Revenue": 46,
        "Gross Profit": 13,
        "Operating Income": 10,
        "EBIT": 15,
        "Net Income": 8
    },
    "2021-09-30": {
        "Diluted EPS": 1.99,
        "Total Revenue": 52,
        "Gross Profit": 17,
        "Operating Income": 14,
        "EBIT": 19,
        "Net Income": 11
    },
    "2021-06-30": {
        "Diluted EPS": 1.96,
        "Total Revenue": 49,
        "Gross Profit": 17,
        "Operating Income": 14,
        "EBIT": 19,
        "Net Income": 11
    },
    "2021-03-31": {
        "Diluted EPS": 1.24,
        "Total Revenue": 42,
        "Gross Profit": 12,
        "Operating Income": 9,
        "EBIT": 14,
        "Net Income": 7
    },
    "2020-12-31": {
        "Diluted EPS": 1.29,
        "Total Revenue": 41,
        "Gross Profit": 13,
        "Operating Income": 8,
        "EBIT": 14,
        "Net Income": 7
    },
    "2020-09-30": {
        "Diluted EPS": 1.65,
        "Total Revenue": 44,
        "Gross Profit": 14,
        "Operating Income": 11,
        "EBIT": 16,
        "Net Income": 9
    },
    "2020-06-30": {
        "Diluted EPS": 1.08,
        "Total Revenue": 38,
        "Gross Profit": 10,
        "Operating Income": 7,
        "EBIT": 12,
        "Net Income": 6
    },
    "2020-03-31": {
        "Diluted EPS": 0.98,
        "Total Revenue": 38,
        "Gross Profit": 10,
        "Operating Income": 7,
        "EBIT": 11,
        "Net Income": 6
    },
    "2019-12-31": {
        "Diluted EPS": 0.9,
        "Total Revenue": 38,
        "Gross Profit": 10,
        "Operating Income": 6,
        "EBIT": 11,
        "Net Income": 5
    },
    "2019-09-30": {
        "Diluted EPS": 1.76,
        "Total Revenue": 44,
        "Gross Profit": 13,
        "Operating Income": 11,
        "EBIT": 15,
        "Net Income": 10
    },
    "2019-06-30": {
        "Diluted EPS": 1.07,
        "Total Revenue": 39,
        "Gross Profit": 10,
        "Operating Income": 7,
        "EBIT": 11,
        "Net Income": 6
    },
    "2019-03-31": {
        "Diluted EPS": 0.91,
        "Total Revenue": 38,
        "Gross Profit": 9,
        "Operating Income": 6,
        "EBIT": 10,
        "Net Income": 5
    },
    "2018-12-31": {
        "Diluted EPS": 0.76,
        "Total Revenue": 35,
        "Gross Profit": 7,
        "Operating Income": 4,
        "EBIT": 9,
        "Net Income": 4
    },
    "2018-09-30": {
        "Diluted EPS": 0.81,
        "Total Revenue": 35,
        "Gross Profit": 7,
        "Operating Income": 4,
        "EBIT": 9,
        "Net Income": 5
    },
    "2018-06-30": {
        "Diluted EPS": 1.18,
        "Total Revenue": 39,
        "Gross Profit": 10,
        "Operating Income": 7,
        "EBIT": 11,
        "Net Income": 7
    },
    "2018-03-31": {
        "Diluted EPS": 0.76,
        "Total Revenue": 35,
        "Gross Profit": 7,
        "Operating Income": 5,
        "EBIT": 9,
        "Net Income": 4
    },
    "2017-12-31": {
        "Diluted EPS": 2.08,
        "Total Revenue": 35,
        "Gross Profit": 8,
        "Operating Income": 5,
        "EBIT": 9,
        "Net Income": 12
    },
    "2017-09-30": {
        "Diluted EPS": 1.01,
        "Total Revenue": 37,
        "Gross Profit": 10,
        "Operating Income": 7,
        "EBIT": 11,
        "Net Income": 6
    },
    "2017-06-30": {
        "Diluted EPS": 0.94,
        "Total Revenue": 37,
        "Gross Profit": 9,
        "Operating Income": 6,
        "EBIT": 10,
        "Net Income": 5
    },
    "2017-03-31": {
        "Diluted EPS": 0.83,
        "Total Revenue": 36,
        "Gross Profit": 8,
        "Operating Income": 6,
        "EBIT": 10,
        "Net Income": 5
    },
    "2016-12-31": {
        "Diluted EPS": 0.71,
        "Total Revenue": 34,
        "Gross Profit": 7,
        "Operating Income": 5,
        "EBIT": 9,
        "Net Income": 4
    },
    "2016-09-30": {
        "Diluted EPS": 1.09,
        "Total Revenue": 39,
        "Gross Profit": 11,
        "Operating Income": 8,
        "EBIT": 12,
        "Net Income": 6
    },
    "2016-06-30": {
        "Diluted EPS": 0.66,
        "Total Revenue": 33,
        "Gross Profit": 7,
        "Operating Income": 5,
        "EBIT": 9,
        "Net Income": 4
    },
    "2016-03-31": {
        "Diluted EPS": 0.73,
        "Total Revenue": 34,
        "Gross Profit": 8,
        "Operating Income": 5,
        "EBIT": 9,
        "Net Income": 4
    },
    "2015-12-31": {
        "Diluted EPS": 0.41,
        "Total Revenue": 31,
        "Gross Profit": 5,
        "Operating Income": 3,
        "EBIT": 7,
        "Net Income": 2
    },
    "2015-09-30": {
        "Diluted EPS": 1.01,
        "Total Revenue": 37,
        "Gross Profit": 10,
        "Operating Income": 8,
        "EBIT": 12,
        "Net Income": 6
    },
    "2015-06-30": {
        "Diluted EPS": 0.46,
        "Total Revenue": 32,
        "Gross Profit": 7,
        "Operating Income": 5,
        "EBIT": 9,
        "Net Income": 3
    },
    "2015-03-31": {
        "Diluted EPS": 0.42,
        "Total Revenue": 30,
        "Gross Profit": 6,
        "Operating Income": 3,
        "EBIT": 7,
        "Net Income": 2
    },
    "2014-12-31": {
        "Diluted EPS": 0.68,
        "Total Revenue": 35,
        "Gross Profit": 8,
        "Operating Income": 5,
        "EBIT": 9,
        "Net Income": 4
    },
    "2014-09-30": {
        "Diluted EPS": 0.97,
        "Total Revenue": 39,
        "Gross Profit": 10,
        "Operating Income": 7,
        "EBIT": 11,
        "Net Income": 5
    },
    "2014-06-30": {
        "Diluted EPS": 1.02,
        "Total Revenue": 39,
        "Gross Profit": 10,
        "Operating Income": 8,
        "EBIT": 12,
        "Net Income": 6
    },
    "2014-03-31": {
        "Diluted EPS": 0.8,
        "Total Revenue": 37,
        "Gross Profit": 9,
        "Operating Income": 6,
        "EBIT": 10,
        "Net Income": 4
    },
    "2013-12-31": {
        "Diluted EPS": 0.47,
        "Total Revenue": 30,
        "Gross Profit": 6,
        "Operating Income": 4,
        "EBIT": 7,
        "Net Income": 3
    },
    "2013-09-30": {
        "Diluted EPS": 0.86,
        "Total Revenue": 37,
        "Gross Profit": 9,
        "Operating Income": 7,
        "EBIT": 11,
        "Net Income": 5
    },
    "2013-06-30": {
        "Diluted EPS": 0.83,
        "Total Revenue": 35,
        "Gross Profit": 9,
        "Operating Income": 7,
        "EBIT": 10,
        "Net Income": 5
    },
    "2013-03-31": {
        "Diluted EPS": 0.5,
        "Total Revenue": 32,
        "Gross Profit": 6,
        "Operating Income": 4,
        "EBIT": 8,
        "Net Income": 3
    },
    "2012-12-31": {
        "Diluted EPS": 0.68,
        "Total Revenue": 32,
        "Gross Profit": 8,
        "Operating Income": 6,
        "EBIT": 9,
        "Net Income": 4
    },
    "2012-09-30": {
        "Diluted EPS": 0.71,
        "Total Revenue": 34,
        "Gross Profit": 8,
        "Operating Income": 6,
        "EBIT": 9,
        "Net Income": 4
    },
    "2012-06-30": {
        "Diluted EPS": 0.73,
        "Total Revenue": 36,
        "Gross Profit": 8,
        "Operating Income": 6,
        "EBIT": 10,
        "Net Income": 4
    },
    "2012-03-31": {
        "Diluted EPS": 0.75,
        "Total Revenue": 36,
        "Gross Profit": 9,
        "Operating Income": 7,
        "EBIT": 11,
        "Net Income": 5
    },
    "2011-12-31": {
        "Diluted EPS": 0.73,
        "Total Revenue": 33,
        "Gross Profit": 9,
        "Operating Income": 7,
        "EBIT": 10,
        "Net Income": 5
    },
    "2011-09-30": {
        "Diluted EPS": 1.11,
        "Total Revenue": 39,
        "Gross Profit": 13,
        "Operating Income": 10,
        "EBIT": 14,
        "Net Income": 7
    },
    "2011-06-30": {
        "Diluted EPS": 0.9,
        "Total Revenue": 37,
        "Gross Profit": 10,
        "Operating Income": 8,
        "EBIT": 12,
        "Net Income": 6
    },
    "2011-03-31": {
        "Diluted EPS": 0.75,
        "Total Revenue": 33,
        "Gross Profit": 9,
        "Operating Income": 7,
        "EBIT": 11,
        "Net Income": 5
    },
    "2010-12-31": {
        "Diluted EPS": 0.49,
        "Total Revenue": 29,
        "Gross Profit": 7,
        "Operating Income": 5,
        "EBIT": 9,
        "Net Income": 3
    },
    "2010-09-30": {
        "Diluted EPS": 0.71,
        "Total Revenue": 32,
        "Gross Profit": 9,
        "Operating Income": 7,
        "EBIT": 10,
        "Net Income": 5
    },
    "2010-06-30": {
        "Diluted EPS": 0.88,
        "Total Revenue": 38,
        "Gross Profit": 11,
        "Operating Income": 9,
        "EBIT": 12,
        "Net Income": 6
    },
    "2010-03-31": {
        "Diluted EPS": 0.73,
        "Total Revenue": 34,
        "Gross Profit": 10,
        "Operating Income": 7,
        "EBIT": 10,
        "Net Income": 5
    },
    "2009-12-31": {
        "Diluted EPS": 0.48,
        "Total Revenue": 28,
        "Gross Profit": 7,
        "Operating Income": 5,
        "EBIT": 8,
        "Net Income": 3
    },
    "2009-09-30": {
        "Diluted EPS": 0.7,
        "Total Revenue": 32,
        "Gross Profit": 9,
        "Operating Income": 7,
        "EBIT": 10,
        "Net Income": 4
    },
    "2009-06-30": {
        "Diluted EPS": 0.53,
        "Total Revenue": 29,
        "Gross Profit": 7,
        "Operating Income": 5,
        "EBIT": 8,
        "Net Income": 3
    },
    "2009-03-31": {
        "Diluted EPS": 0.43,
        "Total Revenue": 28,
        "Gross Profit": 6,
        "Operating Income": 4,
        "EBIT": 8,
        "Net Income": 3
    },
    "2023-06-30": {
        "Tax Effect Of Unusual Items": NaN,
        "Tax Rate For Calcs": NaN,
        "Normalized EBITDA": NaN,
        "Net Income From Continuing Operation Net Minority Interest": NaN,
        "Reconciled Depreciation": NaN,
        "Reconciled Cost Of Revenue": NaN,
        "EBITDA": NaN,
        "EBIT": NaN,
        "Net Interest Income": 1825000.0,
        "Interest Expense": 64000.0,
        "Interest Income": 1889000.0,
        "Normalized Income": NaN,
        "Net Income From Continuing And Discontinued Operation": NaN,
        "Total Expenses": NaN,
        "Total Operating Income As Reported": NaN,
        "Diluted Average Shares": NaN,
        "Basic Average Shares": NaN,
        "Diluted EPS": NaN,
        "Basic EPS": NaN,
        "Diluted NI Availto Com Stockholders": NaN,
        "Net Income Common Stockholders": NaN,
        "Net Income": NaN,
        "Net Income Including Noncontrolling Interests": NaN,
        "Net Income Continuous Operations": NaN,
        "Tax Provision": NaN,
        "Pretax Income": NaN,
        "Other Income Expense": NaN,
        "Other Non Operating Income Expenses": NaN,
        "Net Non Operating Interest Income Expense": 1825000.0,
        "Interest Expense Non Operating": 64000.0,
        "Interest Income Non Operating": 1889000.0,
        "Operating Income": NaN,
        "Operating Expense": NaN,
        "Selling General And Administration": NaN,
        "Gross Profit": NaN,
        "Cost Of Revenue": NaN,
        "Total Revenue": NaN,
        "Operating Revenue": NaN
    },
    "2023-09-30": {
        "Tax Effect Of Unusual Items": NaN,
        "Tax Rate For Calcs": NaN,
        "Normalized EBITDA": NaN,
        "Net Income From Continuing Operation Net Minority Interest": NaN,
        "Reconciled Depreciation": NaN,
        "Reconciled Cost Of Revenue": NaN,
        "EBITDA": NaN,
        "EBIT": NaN,
        "Normalized Income": NaN,
        "Net Income From Continuing And Discontinued Operation": NaN,
        "Total Expenses": NaN,
        "Total Operating Income As Reported": NaN,
        "Diluted Average Shares": 28560000.0,
        "Basic Average Shares": 28480000.0,
        "Diluted EPS": 0.73,
        "Basic EPS": 0.73,
        "Diluted NI Availto Com Stockholders": NaN,
        "Net Income Common Stockholders": NaN,
        "Net Income": NaN,
        "Net Income Including Noncontrolling Interests": NaN,
        "Net Income Continuous Operations": NaN,
        "Tax Provision": NaN,
        "Pretax Income": NaN,
        "Other Income Expense": NaN,
        "Other Non Operating Income Expenses": NaN,
        "Operating Income": NaN,
        "Operating Expense": NaN,
        "Selling General And Administration": NaN,
        "Gross Profit": NaN,
        "Cost Of Revenue": NaN,
        "Total Revenue": NaN,
        "Operating Revenue": NaN
    },
    "2023-12-31": {
        "Tax Effect Of Unusual Items": 0.0,
        "Tax Rate For Calcs": 0.204902,
        "Normalized EBITDA": 25014000.0,
        "Net Income From Continuing Operation Net Minority Interest": 17000000.0,
        "Reconciled Depreciation": 6044000.0,
        "Reconciled Cost Of Revenue": 42103000.0,
        "EBITDA": 25014000.0,
        "EBIT": 18970000.0,
        "Normalized Income": 17000000.0,
        "Net Income From Continuing And Discontinued Operation": 17000000.0,
        "Total Expenses": 46722000.0,
        "Total Operating Income As Reported": 18970000.0,
        "Diluted Average Shares": 28560000.0,
        "Basic Average Shares": 28485000.0,
        "Diluted EPS": 0.596,
        "Basic EPS": 0.596,
        "Diluted NI Availto Com Stockholders": 17000000.0,
        "Net Income Common Stockholders": 17000000.0,
        "Net Income": 17000000.0,
        "Net Income Including Noncontrolling Interests": 17000000.0,
        "Net Income Continuous Operations": 17000000.0,
        "Tax Provision": 4381000.0,
        "Pretax Income": 21381000.0,
        "Other Income Expense": 2411000.0,
        "Other Non Operating Income Expenses": 2411000.0,
        "Operating Income": 18970000.0,
        "Operating Expense": 4619000.0,
        "Selling General And Administration": 4619000.0,
        "Gross Profit": 23589000.0,
        "Cost Of Revenue": 42103000.0,
        "Total Revenue": 65692000.0,
        "Operating Revenue": 65692000.0
    },
    "2024-03-31": {
        "Tax Effect Of Unusual Items": 0.0,
        "Tax Rate For Calcs": 0.207074,
        "Normalized EBITDA": 31813000.0,
        "Net Income From Continuing Operation Net Minority Interest": 22439000.0,
        "Reconciled Depreciation": 6054000.0,
        "Reconciled Cost Of Revenue": 41080000.0,
        "EBITDA": 31813000.0,
        "EBIT": 25759000.0,
        "Normalized Income": 22439000.0,
        "Net Income From Continuing And Discontinued Operation": 22439000.0,
        "Total Expenses": 45928000.0,
        "Total Operating Income As Reported": 25759000.0,
        "Diluted Average Shares": 28719000.0,
        "Basic Average Shares": 28623000.0,
        "Diluted EPS": 0.78,
        "Basic EPS": 0.79,
        "Diluted NI Availto Com Stockholders": 22439000.0,
        "Net Income Common Stockholders": 22439000.0,
        "Net Income": 22439000.0,
        "Net Income Including Noncontrolling Interests": 22439000.0,
        "Net Income Continuous Operations": 22439000.0,
        "Tax Provision": 5860000.0,
        "Pretax Income": 28299000.0,
        "Other Income Expense": 2540000.0,
        "Other Non Operating Income Expenses": 2540000.0,
        "Operating Income": 25759000.0,
        "Operating Expense": 4848000.0,
        "Selling General And Administration": 4848000.0,
        "Gross Profit": 30607000.0,
        "Cost Of Revenue": 41080000.0,
        "Total Revenue": 71687000.0,
        "Operating Revenue": 71687000.0
    },
    "2024-06-30": {
        "Tax Effect Of Unusual Items": 0.0,
        "Tax Rate For Calcs": 0.203783,
        "Normalized EBITDA": 35903000.0,
        "Net Income From Continuing Operation Net Minority Interest": 26057000.0,
        "Reconciled Depreciation": 5963000.0,
        "Reconciled Cost Of Revenue": 41723000.0,
        "EBITDA": 35903000.0,
        "EBIT": 29940000.0,
        "Normalized Income": 26057000.0,
        "Net Income From Continuing And Discontinued Operation": 26057000.0,
        "Total Expenses": 46605000.0,
        "Total Operating Income As Reported": 29940000.0,
        "Diluted Average Shares": 28698000.0,
        "Basic Average Shares": 28590000.0,
        "Diluted EPS": 0.91,
        "Basic EPS": 0.91,
        "Diluted NI Availto Com Stockholders": 26057000.0,
        "Net Income Common Stockholders": 26057000.0,
        "Net Income": 26057000.0,
        "Net Income Including Noncontrolling Interests": 26057000.0,
        "Net Income Continuous Operations": 26057000.0,
        "Tax Provision": 6669000.0,
        "Pretax Income": 32726000.0,
        "Other Income Expense": 2786000.0,
        "Other Non Operating Income Expenses": 2786000.0,
        "Operating Income": 29940000.0,
        "Operating Expense": 4882000.0,
        "Selling General And Administration": 4882000.0,
        "Gross Profit": 34822000.0,
        "Cost Of Revenue": 41723000.0,
        "Total Revenue": 76545000.0,
        "Operating Revenue": 76545000.0
    },
    "2024-09-30": {
        "Tax Effect Of Unusual Items": 0.0,
        "Tax Rate For Calcs": 0.190422,
        "Normalized EBITDA": 44245000.0,
        "Net Income From Continuing Operation Net Minority Interest": 33353000.0,
        "Reconciled Depreciation": 6108000.0,
        "Reconciled Cost Of Revenue": 46314000.0,
        "EBITDA": 44245000.0,
        "EBIT": 38137000.0,
        "Normalized Income": 33353000.0,
        "Net Income From Continuing And Discontinued Operation": 33353000.0,
        "Total Expenses": 51290000.0,
        "Total Operating Income As Reported": 38137000.0,
        "Diluted Average Shares": 28727000.0,
        "Basic Average Shares": 28594000.0,
        "Diluted EPS": 1.16,
        "Basic EPS": 1.17,
        "Diluted NI Availto Com Stockholders": 33353000.0,
        "Net Income Common Stockholders": 33353000.0,
        "Net Income": 33353000.0,
        "Net Income Including Noncontrolling Interests": 33353000.0,
        "Net Income Continuous Operations": 33353000.0,
        "Tax Provision": 7845000.0,
        "Pretax Income": 41198000.0,
        "Other Income Expense": 3061000.0,
        "Other Non Operating Income Expenses": 3061000.0,
        "Operating Income": 38137000.0,
        "Operating Expense": 4976000.0,
        "Selling General And Administration": 4976000.0,
        "Gross Profit": 43113000.0,
        "Cost Of Revenue": 46314000.0,
        "Total Revenue": 89427000.0,
        "Operating Revenue": 89427000.0
    },
    "2024-12-31": {
        "Tax Effect Of Unusual Items": 0.0,
        "Tax Rate For Calcs": 0.209895,
        "Normalized EBITDA": 37131000.0,
        "Net Income From Continuing Operation Net Minority Interest": 26990000.0,
        "Reconciled Depreciation": 6044000.0,
        "Reconciled Cost Of Revenue": 44623000.0,
        "EBITDA": 37131000.0,
        "EBIT": 31087000.0,
        "Normalized Income": 26990000.0,
        "Net Income From Continuing And Discontinued Operation": 26990000.0,
        "Total Expenses": 48975000.0,
        "Total Operating Income As Reported": 31087000.0,
        "Diluted Average Shares": 28727000.0,
        "Basic Average Shares": 28594000.0,
        "Diluted EPS": 0.94,
        "Basic EPS": 0.94,
        "Diluted NI Availto Com Stockholders": 26990000.0,
        "Net Income Common Stockholders": 26990000.0,
        "Net Income": 26990000.0,
        "Net Income Including Noncontrolling Interests": 26990000.0,
        "Net Income Continuous Operations": 26990000.0,
        "Tax Provision": 7170000.0,
        "Pretax Income": 34160000.0,
        "Other Income Expense": 3073000.0,
        "Other Non Operating Income Expenses": 3073000.0,
        "Operating Income": 31087000.0,
        "Operating Expense": 4352000.0,
        "Selling General And Administration": 4352000.0,
        "Gross Profit": 35439000.0,
        "Cost Of Revenue": 44623000.0,
        "Total Revenue": 80062000.0,
        "Operating Revenue": 80062000.0
    },
    "2025-03-31": {
        "Tax Effect Of Unusual Items": 0.0,
        "Tax Rate For Calcs": 0.206398,
        "Normalized EBITDA": 46031000.0,
        "Net Income From Continuing Operation Net Minority Interest": 34113000.0,
        "Reconciled Depreciation": 6137000.0,
        "Reconciled Cost Of Revenue": 45097000.0,
        "EBITDA": 46031000.0,
        "EBIT": 39894000.0,
        "Normalized Income": 34113000.0,
        "Net Income From Continuing And Discontinued Operation": 34113000.0,
        "Total Expenses": 51359000.0,
        "Total Operating Income As Reported": 39894000.0,
        "Diluted Average Shares": 28719000.0,
        "Basic Average Shares": 28623000.0,
        "Diluted EPS": 1.19,
        "Basic EPS": 1.19,
        "Diluted NI Availto Com Stockholders": 34113000.0,
        "Net Income Common Stockholders": 34113000.0,
        "Net Income": 34113000.0,
        "Net Income Including Noncontrolling Interests": 34113000.0,
        "Net Income Continuous Operations": 34113000.0,
        "Tax Provision": 8872000.0,
        "Pretax Income": 42985000.0,
        "Other Income Expense": 3091000.0,
        "Other Non Operating Income Expenses": 3091000.0,
        "Operating Income": 39894000.0,
        "Operating Expense": 6262000.0,
        "Selling General And Administration": 6262000.0,
        "Gross Profit": 46156000.0,
        "Cost Of Revenue": 45097000.0,
        "Total Revenue": 91253000.0,
        "Operating Revenue": 91253000.0
    }
}