{
    "2023-03-31": {
        "Tax Effect Of Unusual Items": NaN,
        "Tax Rate For Calcs": NaN,
        "Normalized EBITDA": NaN,
        "Total Unusual Items": NaN,
        "Total Unusual Items Excluding Goodwill": NaN,
        "Net Income From Continuing Operation Net Minority Interest": NaN,
        "Reconciled Depreciation": NaN,
        "Reconciled Cost Of Revenue": NaN,
        "EBITDA": NaN,
        "EBIT": NaN,
        "Net Interest Income": NaN,
        "Interest Expense": NaN,
        "Interest Income": NaN,
        "Normalized Income": NaN,
        "Net Income From Continuing And Discontinued Operation": NaN,
        "Total Expenses": NaN,
        "Total Operating Income As Reported": NaN,
        "Diluted Average Shares": NaN,
        "Basic Average Shares": NaN,
        "Diluted EPS": NaN,
        "Basic EPS": NaN,
        "Diluted NI Availto Com Stockholders": NaN,
        "Net Income Common Stockholders": NaN,
        "Net Income": NaN,
        "Minority Interests": NaN,
        "Net Income Including Noncontrolling Interests": NaN,
        "Net Income Continuous Operations": NaN,
        "Tax Provision": NaN,
        "Pretax Income": NaN,
        "Other Income Expense": NaN,
        "Special Income Charges": NaN,
        "Gain On Sale Of Ppe": NaN,
        "Gain On Sale Of Business": 0.0,
        "Impairment Of Capital Assets": NaN,
        "Earnings From Equity Interest": NaN,
        "Net Non Operating Interest Income Expense": NaN,
        "Interest Expense Non Operating": NaN,
        "Interest Income Non Operating": NaN,
        "Operating Income": NaN,
        "Operating Expense": NaN,
        "Depreciation Amortization Depletion Income Statement": NaN,
        "Depreciation And Amortization In Income Statement": NaN,
        "Selling General And Administration": NaN,
        "Gross Profit": NaN,
        "Cost Of Revenue": NaN,
        "Total Revenue": NaN,
        "Operating Revenue": NaN
    },
    "2022-12-31": {
        "Tax Effect Of Unusual Items": NaN,
        "Tax Rate For Calcs": NaN,
        "Normalized EBITDA": NaN,
        "Total Unusual Items": NaN,
        "Total Unusual Items Excluding Goodwill": NaN,
        "Net Income From Continuing Operation Net Minority Interest": NaN,
        "Reconciled Depreciation": NaN,
        "Reconciled Cost Of Revenue": NaN,
        "EBITDA": NaN,
        "EBIT": NaN,
        "Net Interest Income": NaN,
        "Interest Expense": NaN,
        "Interest Income": NaN,
        "Normalized Income": NaN,
        "Net Income From Continuing And Discontinued Operation": NaN,
        "Total Expenses": NaN,
        "Total Operating Income As Reported": NaN,
        "Diluted Average Shares": NaN,
        "Basic Average Shares": NaN,
        "Diluted EPS": NaN,
        "Basic EPS": NaN,
        "Diluted NI Availto Com Stockholders": NaN,
        "Net Income Common Stockholders": NaN,
        "Net Income": NaN,
        "Minority Interests": NaN,
        "Net Income Including Noncontrolling Interests": NaN,
        "Net Income Continuous Operations": NaN,
        "Tax Provision": NaN,
        "Pretax Income": NaN,
        "Other Income Expense": NaN,
        "Special Income Charges": NaN,
        "Gain On Sale Of Ppe": NaN,
        "Gain On Sale Of Business": 0.0,
        "Impairment Of Capital Assets": 0.0,
        "Earnings From Equity Interest": NaN,
        "Net Non Operating Interest Income Expense": NaN,
        "Interest Expense Non Operating": NaN,
        "Interest Income Non Operating": NaN,
        "Operating Income": NaN,
        "Operating Expense": NaN,
        "Depreciation Amortization Depletion Income Statement": NaN,
        "Depreciation And Amortization In Income Statement": NaN,
        "Selling General And Administration": NaN,
        "Gross Profit": NaN,
        "Cost Of Revenue": NaN,
        "Total Revenue": NaN,
        "Operating Revenue": NaN
    },
    "2022-09-30": {
        "Tax Effect Of Unusual Items": NaN,
        "Tax Rate For Calcs": NaN,
        "Normalized EBITDA": NaN,
        "Total Unusual Items": NaN,
        "Total Unusual Items Excluding Goodwill": NaN,
        "Net Income From Continuing Operation Net Minority Interest": NaN,
        "Reconciled Depreciation": NaN,
        "Reconciled Cost Of Revenue": NaN,
        "EBITDA": NaN,
        "EBIT": NaN,
        "Net Interest Income": NaN,
        "Interest Expense": NaN,
        "Interest Income": NaN,
        "Normalized Income": NaN,
        "Net Income From Continuing And Discontinued Operation": NaN,
        "Total Expenses": NaN,
        "Total Operating Income As Reported": NaN,
        "Diluted Average Shares": NaN,
        "Basic Average Shares": NaN,
        "Diluted EPS": NaN,
        "Basic EPS": NaN,
        "Diluted NI Availto Com Stockholders": NaN,
        "Net Income Common Stockholders": NaN,
        "Net Income": NaN,
        "Minority Interests": NaN,
        "Net Income Including Noncontrolling Interests": NaN,
        "Net Income Continuous Operations": NaN,
        "Tax Provision": NaN,
        "Pretax Income": NaN,
        "Other Income Expense": NaN,
        "Special Income Charges": NaN,
        "Gain On Sale Of Ppe": NaN,
        "Gain On Sale Of Business": 0.0,
        "Impairment Of Capital Assets": 0.0,
        "Earnings From Equity Interest": NaN,
        "Net Non Operating Interest Income Expense": NaN,
        "Interest Expense Non Operating": NaN,
        "Interest Income Non Operating": NaN,
        "Operating Income": NaN,
        "Operating Expense": NaN,
        "Depreciation Amortization Depletion Income Statement": NaN,
        "Depreciation And Amortization In Income Statement": NaN,
        "Selling General And Administration": NaN,
        "Gross Profit": NaN,
        "Cost Of Revenue": NaN,
        "Total Revenue": NaN,
        "Operating Revenue": NaN
    },
    "2022-06-30": {
        "Tax Effect Of Unusual Items": -3600000.0,
        "Tax Rate For Calcs": 0.4,
        "Normalized EBITDA": 261000000.0,
        "Total Unusual Items": -9000000.0,
        "Total Unusual Items Excluding Goodwill": -9000000.0,
        "Net Income From Continuing Operation Net Minority Interest": 21000000.0,
        "Reconciled Depreciation": 171000000.0,
        "Reconciled Cost Of Revenue": 468000000.0,
        "EBITDA": 252000000.0,
        "EBIT": 80000000.0,
        "Net Interest Income": -37000000.0,
        "Interest Expense": 40000000.0,
        "Interest Income": 3000000.0,
        "Normalized Income": 26400000.0,
        "Net Income From Continuing And Discontinued Operation": 21000000.0,
        "Total Expenses": 978000000.0,
        "Total Operating Income As Reported": 40000000.0,
        "Diluted Average Shares": 87000000.0,
        "Basic Average Shares": 86000000.0,
        "Diluted EPS": 0.25,
        "Basic EPS": 0.25,
        "Diluted NI Availto Com Stockholders": 21000000.0,
        "Net Income Common Stockholders": 21000000.0,
        "Net Income": 21000000.0,
        "Minority Interests": -1000000.0,
        "Net Income Including Noncontrolling Interests": 22000000.0,
        "Net Income Continuous Operations": 22000000.0,
        "Tax Provision": 18000000.0,
        "Pretax Income": 40000000.0,
        "Other Income Expense": 28000000.0,
        "Special Income Charges": -9000000.0,
        "Gain On Sale Of Ppe": -6000000.0,
        "Gain On Sale Of Business": 0.0,
        "Impairment Of Capital Assets": 3000000.0,
        "Earnings From Equity Interest": 37000000.0,
        "Net Non Operating Interest Income Expense": -37000000.0,
        "Interest Expense Non Operating": 40000000.0,
        "Interest Income Non Operating": 3000000.0,
        "Operating Income": 49000000.0,
        "Operating Expense": 511000000.0,
        "Depreciation Amortization Depletion Income Statement": 172000000.0,
        "Depreciation And Amortization In Income Statement": 172000000.0,
        "Selling General And Administration": 339000000.0,
        "Gross Profit": 560000000.0,
        "Cost Of Revenue": 467000000.0,
        "Total Revenue": 1027000000.0,
        "Operating Revenue": 1027000000.0
    },
    "2022-03-31": {
        "Diluted EPS": 0.57,
        "Total Revenue": NaN,
        "Gross Profit": 568,
        "Operating Income": 71,
        "EBIT": 242,
        "Net Income": 49
    },
    "2021-12-31": {
        "Diluted EPS": 0.31,
        "Total Revenue": NaN,
        "Gross Profit": 540,
        "Operating Income": 5,
        "EBIT": 173,
        "Net Income": 26
    },
    "2021-09-30": {
        "Diluted EPS": 0.38,
        "Total Revenue": NaN,
        "Gross Profit": 559,
        "Operating Income": 45,
        "EBIT": 205,
        "Net Income": 34
    },
    "2021-06-30": {
        "Diluted EPS": 0.39,
        "Total Revenue": NaN,
        "Gross Profit": 552,
        "Operating Income": 36,
        "EBIT": 216,
        "Net Income": 35
    },
    "2021-03-31": {
        "Diluted EPS": 0.69,
        "Total Revenue": NaN,
        "Gross Profit": 563,
        "Operating Income": 84,
        "EBIT": 254,
        "Net Income": 60
    },
    "2020-12-31": {
        "Diluted EPS": 0.06,
        "Total Revenue": NaN,
        "Gross Profit": 553,
        "Operating Income": 5,
        "EBIT": 172,
        "Net Income": 5
    },
    "2020-09-30": {
        "Diluted EPS": 0.97,
        "Total Revenue": NaN,
        "Gross Profit": 567,
        "Operating Income": 65,
        "EBIT": 227,
        "Net Income": 85
    },
    "2020-06-30": {
        "Diluted EPS": 0.78,
        "Total Revenue": 973,
        "Gross Profit": 558,
        "Operating Income": 53,
        "EBIT": 230,
        "Net Income": 68
    },
    "2020-03-31": {
        "Diluted EPS": 0.81,
        "Total Revenue": 963,
        "Gross Profit": 566,
        "Operating Income": 50,
        "EBIT": 227,
        "Net Income": 71
    },
    "2019-12-31": {
        "Diluted EPS": 0.2,
        "Total Revenue": NaN,
        "Gross Profit": 559,
        "Operating Income": -2,
        "EBIT": 176,
        "Net Income": 19
    },
    "2019-09-30": {
        "Diluted EPS": 0.27,
        "Total Revenue": NaN,
        "Gross Profit": 566,
        "Operating Income": 20,
        "EBIT": 199,
        "Net Income": 23
    },
    "2019-06-30": {
        "Diluted EPS": 0.35,
        "Total Revenue": 973,
        "Gross Profit": 556,
        "Operating Income": 30,
        "EBIT": 206,
        "Net Income": 31
    },
    "2019-03-31": {
        "Diluted EPS": 0.62,
        "Total Revenue": 966,
        "Gross Profit": 557,
        "Operating Income": 64,
        "EBIT": 233,
        "Net Income": 54
    },
    "2018-12-31": {
        "Diluted EPS": 0.23,
        "Total Revenue": NaN,
        "Gross Profit": 544,
        "Operating Income": 3,
        "EBIT": 165,
        "Net Income": 20
    },
    "2018-09-30": {
        "Diluted EPS": 0.41,
        "Total Revenue": NaN,
        "Gross Profit": 543,
        "Operating Income": 34,
        "EBIT": 195,
        "Net Income": 36
    },
    "2018-06-30": {
        "Diluted EPS": 0.56,
        "Total Revenue": 974,
        "Gross Profit": 547,
        "Operating Income": 56,
        "EBIT": 214,
        "Net Income": 49
    },
    "2018-03-31": {
        "Diluted EPS": 0.52,
        "Total Revenue": 942,
        "Gross Profit": 544,
        "Operating Income": 65,
        "EBIT": 224,
        "Net Income": 45
    },
    "2017-12-31": {
        "Diluted EPS": 3.2,
        "Total Revenue": NaN,
        "Gross Profit": 523,
        "Operating Income": -3,
        "EBIT": 152,
        "Net Income": 273
    },
    "2017-09-30": {
        "Diluted EPS": -3.51,
        "Total Revenue": 963,
        "Gross Profit": 517,
        "Operating Income": -360,
        "EBIT": -207,
        "Net Income": -299
    },
    "2017-06-30": {
        "Diluted EPS": 0.14,
        "Total Revenue": 963,
        "Gross Profit": 514,
        "Operating Income": 5,
        "EBIT": 159,
        "Net Income": 12
    },
    "2017-03-31": {
        "Diluted EPS": 0.31,
        "Total Revenue": 936,
        "Gross Profit": 533,
        "Operating Income": 54,
        "EBIT": 207,
        "Net Income": 26
    },
    "2016-12-31": {
        "Diluted EPS": -0.06,
        "Total Revenue": NaN,
        "Gross Profit": 536,
        "Operating Income": -14,
        "EBIT": 142,
        "Net Income": -5
    },
    "2016-09-30": {
        "Diluted EPS": 0.2,
        "Total Revenue": NaN,
        "Gross Profit": 547,
        "Operating Income": 22,
        "EBIT": 177,
        "Net Income": 17
    },
    "2016-06-30": {
        "Diluted EPS": 0.32,
        "Total Revenue": 992,
        "Gross Profit": 537,
        "Operating Income": 30,
        "EBIT": 184,
        "Net Income": 27
    },
    "2016-03-31": {
        "Diluted EPS": 0.1,
        "Total Revenue": 969,
        "Gross Profit": 529,
        "Operating Income": 10,
        "EBIT": 163,
        "Net Income": 9
    },
    "2015-12-31": {
        "Diluted EPS": -0.03,
        "Total Revenue": NaN,
        "Gross Profit": 558,
        "Operating Income": 11,
        "EBIT": 168,
        "Net Income": -2
    },
    "2015-09-30": {
        "Diluted EPS": 0.75,
        "Total Revenue": NaN,
        "Gross Profit": 583,
        "Operating Income": 78,
        "EBIT": 230,
        "Net Income": 64
    },
    "2015-06-30": {
        "Diluted EPS": 0.23,
        "Total Revenue": 976,
        "Gross Profit": 526,
        "Operating Income": 8,
        "EBIT": 159,
        "Net Income": 19
    },
    "2015-03-31": {
        "Diluted EPS": 1.89,
        "Total Revenue": 965,
        "Gross Profit": 536,
        "Operating Income": 250,
        "EBIT": 397,
        "Net Income": 160
    },
    "2014-12-31": {
        "Diluted EPS": -0.26,
        "Total Revenue": NaN,
        "Gross Profit": 464,
        "Operating Income": -49,
        "EBIT": 92,
        "Net Income": -22
    },
    "2014-09-30": {
        "Diluted EPS": -0.26,
        "Total Revenue": NaN,
        "Gross Profit": 493,
        "Operating Income": -51,
        "EBIT": 98,
        "Net Income": -22
    },
    "2014-06-30": {
        "Diluted EPS": -0.22,
        "Total Revenue": 958,
        "Gross Profit": 499,
        "Operating Income": -50,
        "EBIT": 98,
        "Net Income": -19
    },
    "2014-03-31": {
        "Diluted EPS": 0.23,
        "Total Revenue": 926,
        "Gross Profit": 475,
        "Operating Income": 8,
        "EBIT": 176,
        "Net Income": 19
    },
    "2013-12-31": {
        "Diluted EPS": 0.02,
        "Total Revenue": 903,
        "Gross Profit": 378,
        "Operating Income": -30,
        "EBIT": 180,
        "Net Income": 2
    },
    "2013-09-30": {
        "Diluted EPS": -0.12,
        "Total Revenue": 939,
        "Gross Profit": 568,
        "Operating Income": -43,
        "EBIT": 158,
        "Net Income": -10
    },
    "2013-06-30": {
        "Diluted EPS": 1.69,
        "Total Revenue": 995,
        "Gross Profit": 586,
        "Operating Income": 219,
        "EBIT": 422,
        "Net Income": 143
    },
    "2013-03-31": {
        "Diluted EPS": 0.06,
        "Total Revenue": NaN,
        "Gross Profit": 624,
        "Operating Income": 1,
        "EBIT": 191,
        "Net Income": 5
    },
    "2012-12-31": {
        "Diluted EPS": -0.47,
        "Total Revenue": NaN,
        "Gross Profit": 585,
        "Operating Income": -61,
        "EBIT": 108,
        "Net Income": -40
    },
    "2012-09-30": {
        "Diluted EPS": 0.42,
        "Total Revenue": NaN,
        "Gross Profit": 643,
        "Operating Income": 48,
        "EBIT": 193,
        "Net Income": 35
    },
    "2012-06-30": {
        "Diluted EPS": 0.62,
        "Total Revenue": NaN,
        "Gross Profit": 669,
        "Operating Income": 84,
        "EBIT": 232,
        "Net Income": 53
    },
    "2012-03-31": {
        "Diluted EPS": 0.73,
        "Total Revenue": NaN,
        "Gross Profit": 672,
        "Operating Income": 85,
        "EBIT": 232,
        "Net Income": 62
    },
    "2011-12-31": {
        "Diluted EPS": 0.03,
        "Total Revenue": NaN,
        "Gross Profit": 627,
        "Operating Income": 16,
        "EBIT": 158,
        "Net Income": 3
    },
    "2011-09-30": {
        "Diluted EPS": 0.73,
        "Total Revenue": NaN,
        "Gross Profit": 672,
        "Operating Income": 102,
        "EBIT": 243,
        "Net Income": 62
    },
    "2011-06-30": {
        "Diluted EPS": 0.88,
        "Total Revenue": NaN,
        "Gross Profit": 678,
        "Operating Income": 104,
        "EBIT": 251,
        "Net Income": 75
    },
    "2011-03-31": {
        "Diluted EPS": 0.41,
        "Total Revenue": NaN,
        "Gross Profit": 645,
        "Operating Income": 59,
        "EBIT": 202,
        "Net Income": 35
    },
    "2010-12-31": {
        "Diluted EPS": 0.12,
        "Total Revenue": NaN,
        "Gross Profit": 603,
        "Operating Income": -1,
        "EBIT": 142,
        "Net Income": 10
    },
    "2010-09-30": {
        "Diluted EPS": 0.44,
        "Total Revenue": NaN,
        "Gross Profit": 653,
        "Operating Income": 61,
        "EBIT": 202,
        "Net Income": 38
    },
    "2010-06-30": {
        "Diluted EPS": 0.47,
        "Total Revenue": NaN,
        "Gross Profit": 654,
        "Operating Income": 64,
        "EBIT": 208,
        "Net Income": 41
    },
    "2010-03-31": {
        "Diluted EPS": 0.54,
        "Total Revenue": NaN,
        "Gross Profit": 656,
        "Operating Income": 78,
        "EBIT": 221,
        "Net Income": 47
    },
    "2009-12-31": {
        "Diluted EPS": 0.1,
        "Total Revenue": NaN,
        "Gross Profit": 645,
        "Operating Income": 8,
        "EBIT": 150,
        "Net Income": 9
    },
    "2009-09-30": {
        "Diluted EPS": 0.39,
        "Total Revenue": NaN,
        "Gross Profit": 662,
        "Operating Income": 60,
        "EBIT": 206,
        "Net Income": 34
    },
    "2009-06-30": {
        "Diluted EPS": 0.94,
        "Total Revenue": NaN,
        "Gross Profit": 691,
        "Operating Income": 139,
        "EBIT": 278,
        "Net Income": 82
    },
    "2009-03-31": {
        "Diluted EPS": 0.97,
        "Total Revenue": NaN,
        "Gross Profit": 669,
        "Operating Income": 119,
        "EBIT": 257,
        "Net Income": 85
    },
    "2023-06-30": {
        "Tax Effect Of Unusual Items": NaN,
        "Tax Rate For Calcs": NaN,
        "Normalized EBITDA": NaN,
        "Total Unusual Items": NaN,
        "Total Unusual Items Excluding Goodwill": NaN,
        "Net Income From Continuing Operation Net Minority Interest": NaN,
        "Reconciled Depreciation": NaN,
        "Reconciled Cost Of Revenue": NaN,
        "EBITDA": NaN,
        "EBIT": NaN,
        "Net Interest Income": NaN,
        "Interest Expense": NaN,
        "Interest Income": NaN,
        "Normalized Income": NaN,
        "Net Income From Continuing And Discontinued Operation": NaN,
        "Total Expenses": NaN,
        "Total Operating Income As Reported": NaN,
        "Diluted Average Shares": NaN,
        "Basic Average Shares": NaN,
        "Diluted EPS": NaN,
        "Basic EPS": NaN,
        "Diluted NI Availto Com Stockholders": NaN,
        "Net Income Common Stockholders": NaN,
        "Net Income": NaN,
        "Minority Interests": NaN,
        "Net Income Including Noncontrolling Interests": NaN,
        "Net Income Continuous Operations": NaN,
        "Tax Provision": NaN,
        "Pretax Income": NaN,
        "Other Income Expense": NaN,
        "Special Income Charges": NaN,
        "Gain On Sale Of Ppe": NaN,
        "Gain On Sale Of Business": NaN,
        "Impairment Of Capital Assets": 0.0,
        "Earnings From Equity Interest": NaN,
        "Net Non Operating Interest Income Expense": NaN,
        "Interest Expense Non Operating": NaN,
        "Interest Income Non Operating": NaN,
        "Operating Income": NaN,
        "Operating Expense": NaN,
        "Depreciation Amortization Depletion Income Statement": NaN,
        "Depreciation And Amortization In Income Statement": NaN,
        "Selling General And Administration": NaN,
        "Gross Profit": NaN,
        "Cost Of Revenue": NaN,
        "Total Revenue": NaN,
        "Operating Revenue": NaN
    },
    "2023-09-30": {
        "Tax Effect Of Unusual Items": NaN,
        "Tax Rate For Calcs": NaN,
        "Normalized EBITDA": NaN,
        "Total Unusual Items": NaN,
        "Total Unusual Items Excluding Goodwill": NaN,
        "Net Income From Continuing Operation Net Minority Interest": NaN,
        "Reconciled Depreciation": NaN,
        "Reconciled Cost Of Revenue": NaN,
        "EBITDA": NaN,
        "EBIT": NaN,
        "Net Interest Income": NaN,
        "Interest Expense": NaN,
        "Interest Income": NaN,
        "Normalized Income": NaN,
        "Net Income From Continuing And Discontinued Operation": NaN,
        "Total Expenses": NaN,
        "Total Operating Income As Reported": NaN,
        "Diluted Average Shares": NaN,
        "Basic Average Shares": NaN,
        "Diluted EPS": NaN,
        "Basic EPS": NaN,
        "Diluted NI Availto Com Stockholders": NaN,
        "Net Income Common Stockholders": NaN,
        "Net Income": NaN,
        "Minority Interests": NaN,
        "Net Income Including Noncontrolling Interests": NaN,
        "Net Income Continuous Operations": NaN,
        "Tax Provision": NaN,
        "Pretax Income": NaN,
        "Other Income Expense": NaN,
        "Special Income Charges": NaN,
        "Gain On Sale Of Ppe": NaN,
        "Gain On Sale Of Business": 0.0,
        "Impairment Of Capital Assets": 0.0,
        "Earnings From Equity Interest": NaN,
        "Net Non Operating Interest Income Expense": NaN,
        "Interest Expense Non Operating": NaN,
        "Interest Income Non Operating": NaN,
        "Operating Income": NaN,
        "Operating Expense": NaN,
        "Depreciation Amortization Depletion Income Statement": NaN,
        "Depreciation And Amortization In Income Statement": NaN,
        "Selling General And Administration": NaN,
        "Gross Profit": NaN,
        "Cost Of Revenue": NaN,
        "Total Revenue": NaN,
        "Operating Revenue": NaN
    },
    "2023-12-31": {
        "Tax Effect Of Unusual Items": NaN,
        "Tax Rate For Calcs": NaN,
        "Normalized EBITDA": NaN,
        "Total Unusual Items": NaN,
        "Total Unusual Items Excluding Goodwill": NaN,
        "Net Income From Continuing Operation Net Minority Interest": NaN,
        "Reconciled Depreciation": NaN,
        "Reconciled Cost Of Revenue": NaN,
        "EBITDA": NaN,
        "EBIT": NaN,
        "Net Interest Income": NaN,
        "Interest Expense": NaN,
        "Interest Income": NaN,
        "Normalized Income": NaN,
        "Net Income From Continuing And Discontinued Operation": NaN,
        "Total Expenses": NaN,
        "Total Operating Income As Reported": NaN,
        "Diluted Average Shares": 88000000.0,
        "Basic Average Shares": 85000000.0,
        "Diluted EPS": 0.16,
        "Basic EPS": 0.17,
        "Diluted NI Availto Com Stockholders": NaN,
        "Net Income Common Stockholders": NaN,
        "Net Income": NaN,
        "Minority Interests": NaN,
        "Net Income Including Noncontrolling Interests": NaN,
        "Net Income Continuous Operations": NaN,
        "Tax Provision": NaN,
        "Pretax Income": NaN,
        "Other Income Expense": NaN,
        "Special Income Charges": NaN,
        "Gain On Sale Of Ppe": NaN,
        "Gain On Sale Of Business": 0.0,
        "Impairment Of Capital Assets": 0.0,
        "Earnings From Equity Interest": NaN,
        "Net Non Operating Interest Income Expense": NaN,
        "Interest Expense Non Operating": NaN,
        "Interest Income Non Operating": NaN,
        "Operating Income": NaN,
        "Operating Expense": NaN,
        "Depreciation Amortization Depletion Income Statement": NaN,
        "Depreciation And Amortization In Income Statement": NaN,
        "Selling General And Administration": NaN,
        "Gross Profit": NaN,
        "Cost Of Revenue": NaN,
        "Total Revenue": NaN,
        "Operating Revenue": NaN
    },
    "2024-03-31": {
        "Tax Effect Of Unusual Items": -1050000.0,
        "Tax Rate For Calcs": 0.21,
        "Normalized EBITDA": 265000000.0,
        "Total Unusual Items": -5000000.0,
        "Total Unusual Items Excluding Goodwill": -5000000.0,
        "Net Income From Continuing Operation Net Minority Interest": 18000000.0,
        "Reconciled Depreciation": 165000000.0,
        "Reconciled Cost Of Revenue": 398000000.0,
        "EBITDA": 260000000.0,
        "EBIT": 95000000.0,
        "Net Interest Income": -41000000.0,
        "Interest Expense": 43000000.0,
        "Interest Income": 2000000.0,
        "Normalized Income": 21950000.0,
        "Net Income From Continuing And Discontinued Operation": 18000000.0,
        "Total Expenses": 894000000.0,
        "Total Operating Income As Reported": 51000000.0,
        "Diluted Average Shares": 88000000.0,
        "Basic Average Shares": 85000000.0,
        "Diluted EPS": 0.2,
        "Basic EPS": 0.21,
        "Diluted NI Availto Com Stockholders": 18000000.0,
        "Net Income Common Stockholders": 18000000.0,
        "Net Income": 18000000.0,
        "Minority Interests": -6000000.0,
        "Net Income Including Noncontrolling Interests": 24000000.0,
        "Net Income Continuous Operations": 24000000.0,
        "Tax Provision": 28000000.0,
        "Pretax Income": 52000000.0,
        "Other Income Expense": 37000000.0,
        "Special Income Charges": -5000000.0,
        "Gain On Sale Of Ppe": -5000000.0,
        "Gain On Sale Of Business": NaN,
        "Impairment Of Capital Assets": NaN,
        "Earnings From Equity Interest": 42000000.0,
        "Net Non Operating Interest Income Expense": -41000000.0,
        "Interest Expense Non Operating": 43000000.0,
        "Interest Income Non Operating": 2000000.0,
        "Operating Income": 56000000.0,
        "Operating Expense": 496000000.0,
        "Depreciation Amortization Depletion Income Statement": 165000000.0,
        "Depreciation And Amortization In Income Statement": 165000000.0,
        "Selling General And Administration": 331000000.0,
        "Gross Profit": 552000000.0,
        "Cost Of Revenue": 398000000.0,
        "Total Revenue": 950000000.0,
        "Operating Revenue": 950000000.0
    },
    "2024-06-30": {
        "Tax Effect Of Unusual Items": -2730000.0,
        "Tax Rate For Calcs": 0.21,
        "Normalized EBITDA": 255000000.0,
        "Total Unusual Items": -13000000.0,
        "Total Unusual Items Excluding Goodwill": -13000000.0,
        "Net Income From Continuing Operation Net Minority Interest": 17000000.0,
        "Reconciled Depreciation": 164000000.0,
        "Reconciled Cost Of Revenue": 392000000.0,
        "EBITDA": 242000000.0,
        "EBIT": 77000000.0,
        "Net Interest Income": -42000000.0,
        "Interest Expense": 45000000.0,
        "Interest Income": 3000000.0,
        "Normalized Income": 27270000.0,
        "Net Income From Continuing And Discontinued Operation": 17000000.0,
        "Total Expenses": 878000000.0,
        "Total Operating Income As Reported": 36000000.0,
        "Diluted Average Shares": 88000000.0,
        "Basic Average Shares": 86000000.0,
        "Diluted EPS": 0.2,
        "Basic EPS": 0.2,
        "Diluted NI Availto Com Stockholders": 17000000.0,
        "Net Income Common Stockholders": 17000000.0,
        "Net Income": 17000000.0,
        "Minority Interests": -1000000.0,
        "Net Income Including Noncontrolling Interests": 18000000.0,
        "Net Income Continuous Operations": 18000000.0,
        "Tax Provision": 14000000.0,
        "Pretax Income": 32000000.0,
        "Other Income Expense": 25000000.0,
        "Special Income Charges": -13000000.0,
        "Gain On Sale Of Ppe": -13000000.0,
        "Gain On Sale Of Business": NaN,
        "Impairment Of Capital Assets": NaN,
        "Earnings From Equity Interest": 38000000.0,
        "Net Non Operating Interest Income Expense": -42000000.0,
        "Interest Expense Non Operating": 45000000.0,
        "Interest Income Non Operating": 3000000.0,
        "Operating Income": 49000000.0,
        "Operating Expense": 487000000.0,
        "Depreciation Amortization Depletion Income Statement": 165000000.0,
        "Depreciation And Amortization In Income Statement": 165000000.0,
        "Selling General And Administration": 322000000.0,
        "Gross Profit": 536000000.0,
        "Cost Of Revenue": 391000000.0,
        "Total Revenue": 927000000.0,
        "Operating Revenue": 927000000.0
    },
    "2024-09-30": {
        "Tax Effect Of Unusual Items": -19872000.0,
        "Tax Rate For Calcs": 0.144,
        "Normalized EBITDA": 265000000.0,
        "Total Unusual Items": -138000000.0,
        "Total Unusual Items Excluding Goodwill": -138000000.0,
        "Net Income From Continuing Operation Net Minority Interest": -79000000.0,
        "Reconciled Depreciation": 170000000.0,
        "Reconciled Cost Of Revenue": 380000000.0,
        "EBITDA": 127000000.0,
        "EBIT": -43000000.0,
        "Net Interest Income": -45000000.0,
        "Interest Expense": 49000000.0,
        "Interest Income": 4000000.0,
        "Normalized Income": 39128000.0,
        "Net Income From Continuing And Discontinued Operation": -79000000.0,
        "Total Expenses": 874000000.0,
        "Total Operating Income As Reported": -90000000.0,
        "Diluted Average Shares": 86000000.0,
        "Basic Average Shares": 86000000.0,
        "Diluted EPS": -0.92,
        "Basic EPS": -0.92,
        "Diluted NI Availto Com Stockholders": -79000000.0,
        "Net Income Common Stockholders": -79000000.0,
        "Net Income": -79000000.0,
        "Minority Interests": -1000000.0,
        "Net Income Including Noncontrolling Interests": -78000000.0,
        "Net Income Continuous Operations": -78000000.0,
        "Tax Provision": -14000000.0,
        "Pretax Income": -92000000.0,
        "Other Income Expense": -95000000.0,
        "Special Income Charges": -138000000.0,
        "Gain On Sale Of Ppe": -2000000.0,
        "Gain On Sale Of Business": NaN,
        "Impairment Of Capital Assets": 136000000.0,
        "Earnings From Equity Interest": 43000000.0,
        "Net Non Operating Interest Income Expense": -45000000.0,
        "Interest Expense Non Operating": 49000000.0,
        "Interest Income Non Operating": 4000000.0,
        "Operating Income": 48000000.0,
        "Operating Expense": 491000000.0,
        "Depreciation Amortization Depletion Income Statement": 167000000.0,
        "Depreciation And Amortization In Income Statement": 167000000.0,
        "Selling General And Administration": 324000000.0,
        "Gross Profit": 539000000.0,
        "Cost Of Revenue": 383000000.0,
        "Total Revenue": 922000000.0,
        "Operating Revenue": 922000000.0
    },
    "2024-12-31": {
        "Tax Effect Of Unusual Items": -630000.0,
        "Tax Rate For Calcs": 0.21,
        "Normalized EBITDA": 201000000.0,
        "Total Unusual Items": -3000000.0,
        "Total Unusual Items Excluding Goodwill": -3000000.0,
        "Net Income From Continuing Operation Net Minority Interest": 5000000.0,
        "Reconciled Depreciation": 166000000.0,
        "Reconciled Cost Of Revenue": 458000000.0,
        "EBITDA": 198000000.0,
        "EBIT": 32000000.0,
        "Net Interest Income": -43000000.0,
        "Interest Expense": 46000000.0,
        "Interest Income": 3000000.0,
        "Normalized Income": 7370000.0,
        "Net Income From Continuing And Discontinued Operation": 5000000.0,
        "Total Expenses": 977000000.0,
        "Total Operating Income As Reported": -9000000.0,
        "Diluted Average Shares": 88000000.0,
        "Basic Average Shares": 85000000.0,
        "Diluted EPS": 0.05,
        "Basic EPS": 0.05,
        "Diluted NI Availto Com Stockholders": 5000000.0,
        "Net Income Common Stockholders": 5000000.0,
        "Net Income": 5000000.0,
        "Minority Interests": 0.0,
        "Net Income Including Noncontrolling Interests": 5000000.0,
        "Net Income Continuous Operations": 5000000.0,
        "Tax Provision": -19000000.0,
        "Pretax Income": -14000000.0,
        "Other Income Expense": 35000000.0,
        "Special Income Charges": -3000000.0,
        "Gain On Sale Of Ppe": -3000000.0,
        "Gain On Sale Of Business": NaN,
        "Impairment Of Capital Assets": 0.0,
        "Earnings From Equity Interest": 38000000.0,
        "Net Non Operating Interest Income Expense": -43000000.0,
        "Interest Expense Non Operating": 46000000.0,
        "Interest Income Non Operating": 3000000.0,
        "Operating Income": -6000000.0,
        "Operating Expense": 519000000.0,
        "Depreciation Amortization Depletion Income Statement": 166000000.0,
        "Depreciation And Amortization In Income Statement": 166000000.0,
        "Selling General And Administration": 353000000.0,
        "Gross Profit": 513000000.0,
        "Cost Of Revenue": 458000000.0,
        "Total Revenue": 971000000.0,
        "Operating Revenue": 971000000.0
    },
    "2025-03-31": {
        "Tax Effect Of Unusual Items": -400000.0,
        "Tax Rate For Calcs": 0.4,
        "Normalized EBITDA": 244000000.0,
        "Total Unusual Items": -1000000.0,
        "Total Unusual Items Excluding Goodwill": -1000000.0,
        "Net Income From Continuing Operation Net Minority Interest": 18000000.0,
        "Reconciled Depreciation": 163000000.0,
        "Reconciled Cost Of Revenue": 354000000.0,
        "EBITDA": 243000000.0,
        "EBIT": 80000000.0,
        "Net Interest Income": -37000000.0,
        "Interest Expense": 40000000.0,
        "Interest Income": 3000000.0,
        "Normalized Income": 18600000.0,
        "Net Income From Continuing And Discontinued Operation": 18000000.0,
        "Total Expenses": 849000000.0,
        "Total Operating Income As Reported": 41000000.0,
        "Diluted Average Shares": NaN,
        "Basic Average Shares": NaN,
        "Diluted EPS": NaN,
        "Basic EPS": NaN,
        "Diluted NI Availto Com Stockholders": 18000000.0,
        "Net Income Common Stockholders": 18000000.0,
        "Net Income": 18000000.0,
        "Minority Interests": -2000000.0,
        "Net Income Including Noncontrolling Interests": 20000000.0,
        "Net Income Continuous Operations": 20000000.0,
        "Tax Provision": 20000000.0,
        "Pretax Income": 40000000.0,
        "Other Income Expense": 35000000.0,
        "Special Income Charges": -1000000.0,
        "Gain On Sale Of Ppe": -1000000.0,
        "Gain On Sale Of Business": NaN,
        "Impairment Of Capital Assets": NaN,
        "Earnings From Equity Interest": 36000000.0,
        "Net Non Operating Interest Income Expense": -37000000.0,
        "Interest Expense Non Operating": 40000000.0,
        "Interest Income Non Operating": 3000000.0,
        "Operating Income": 42000000.0,
        "Operating Expense": 495000000.0,
        "Depreciation Amortization Depletion Income Statement": 163000000.0,
        "Depreciation And Amortization In Income Statement": 163000000.0,
        "Selling General And Administration": 332000000.0,
        "Gross Profit": 537000000.0,
        "Cost Of Revenue": 354000000.0,
        "Total Revenue": 891000000.0,
        "Operating Revenue": 891000000.0
    }
}