{
    "2023-03-31": {
        "Tax Effect Of Unusual Items": NaN,
        "Tax Rate For Calcs": NaN,
        "Normalized EBITDA": NaN,
        "Total Unusual Items": 0.0,
        "Total Unusual Items Excluding Goodwill": 0.0,
        "Net Income From Continuing Operation Net Minority Interest": NaN,
        "Reconciled Depreciation": NaN,
        "Reconciled Cost Of Revenue": NaN,
        "EBITDA": NaN,
        "EBIT": NaN,
        "Net Interest Income": NaN,
        "Interest Expense": NaN,
        "Interest Income": NaN,
        "Normalized Income": NaN,
        "Net Income From Continuing And Discontinued Operation": NaN,
        "Total Expenses": NaN,
        "Total Operating Income As Reported": NaN,
        "Diluted Average Shares": NaN,
        "Basic Average Shares": NaN,
        "Diluted EPS": NaN,
        "Basic EPS": NaN,
        "Diluted NI Availto Com Stockholders": NaN,
        "Net Income Common Stockholders": NaN,
        "Net Income": NaN,
        "Net Income Including Noncontrolling Interests": NaN,
        "Net Income Continuous Operations": NaN,
        "Tax Provision": NaN,
        "Pretax Income": NaN,
        "Other Income Expense": NaN,
        "Other Non Operating Income Expenses": NaN,
        "Special Income Charges": 0.0,
        "Other Special Charges": NaN,
        "Write Off": 0.0,
        "Net Non Operating Interest Income Expense": NaN,
        "Interest Expense Non Operating": NaN,
        "Interest Income Non Operating": NaN,
        "Operating Income": NaN,
        "Operating Expense": NaN,
        "Research And Development": NaN,
        "Selling General And Administration": NaN,
        "Selling And Marketing Expense": NaN,
        "General And Administrative Expense": NaN,
        "Other Gand A": NaN,
        "Salaries And Wages": NaN,
        "Gross Profit": NaN,
        "Cost Of Revenue": NaN,
        "Total Revenue": NaN,
        "Operating Revenue": NaN
    },
    "2022-12-31": {
        "Tax Effect Of Unusual Items": NaN,
        "Tax Rate For Calcs": NaN,
        "Normalized EBITDA": NaN,
        "Total Unusual Items": 0.0,
        "Total Unusual Items Excluding Goodwill": 0.0,
        "Net Income From Continuing Operation Net Minority Interest": NaN,
        "Reconciled Depreciation": NaN,
        "Reconciled Cost Of Revenue": NaN,
        "EBITDA": NaN,
        "EBIT": NaN,
        "Net Interest Income": NaN,
        "Interest Expense": NaN,
        "Interest Income": NaN,
        "Normalized Income": NaN,
        "Net Income From Continuing And Discontinued Operation": NaN,
        "Total Expenses": NaN,
        "Total Operating Income As Reported": NaN,
        "Diluted Average Shares": NaN,
        "Basic Average Shares": NaN,
        "Diluted EPS": NaN,
        "Basic EPS": NaN,
        "Diluted NI Availto Com Stockholders": NaN,
        "Net Income Common Stockholders": NaN,
        "Net Income": NaN,
        "Net Income Including Noncontrolling Interests": NaN,
        "Net Income Continuous Operations": NaN,
        "Tax Provision": NaN,
        "Pretax Income": NaN,
        "Other Income Expense": NaN,
        "Other Non Operating Income Expenses": NaN,
        "Special Income Charges": 0.0,
        "Write Off": 0.0,
        "Net Non Operating Interest Income Expense": NaN,
        "Interest Expense Non Operating": NaN,
        "Interest Income Non Operating": NaN,
        "Operating Income": NaN,
        "Operating Expense": NaN,
        "Research And Development": NaN,
        "Selling General And Administration": NaN,
        "Selling And Marketing Expense": NaN,
        "General And Administrative Expense": NaN,
        "Other Gand A": NaN,
        "Salaries And Wages": NaN,
        "Gross Profit": NaN,
        "Cost Of Revenue": NaN,
        "Total Revenue": NaN,
        "Operating Revenue": NaN
    },
    "2022-09-30": {
        "Tax Effect Of Unusual Items": 0.0,
        "Tax Rate For Calcs": 0.23424,
        "Normalized EBITDA": 334600000.0,
        "Total Unusual Items": 0.0,
        "Total Unusual Items Excluding Goodwill": 0.0,
        "Net Income From Continuing Operation Net Minority Interest": 239300000.0,
        "Reconciled Depreciation": 12900000.0,
        "Reconciled Cost Of Revenue": 37200000.0,
        "EBITDA": 334600000.0,
        "EBIT": 321700000.0,
        "Net Interest Income": 4100000.0,
        "Interest Expense": 9200000.0,
        "Interest Income": 13300000.0,
        "Normalized Income": 239300000.0,
        "Net Income From Continuing And Discontinued Operation": 239300000.0,
        "Total Expenses": 201700000.0,
        "Total Operating Income As Reported": 314300000.0,
        "Diluted Average Shares": 48700000.0,
        "Basic Average Shares": 45500000.0,
        "Diluted EPS": 4.91,
        "Basic EPS": 5.26,
        "Diluted NI Availto Com Stockholders": 239300000.0,
        "Net Income Common Stockholders": 239300000.0,
        "Net Income": 239300000.0,
        "Net Income Including Noncontrolling Interests": 239300000.0,
        "Net Income Continuous Operations": 239300000.0,
        "Tax Provision": 73200000.0,
        "Pretax Income": 312500000.0,
        "Other Income Expense": -5900000.0,
        "Other Non Operating Income Expenses": -5900000.0,
        "Special Income Charges": 0.0,
        "Write Off": 0.0,
        "Net Non Operating Interest Income Expense": 4100000.0,
        "Interest Expense Non Operating": 9200000.0,
        "Interest Income Non Operating": 13300000.0,
        "Operating Income": 314300000.0,
        "Operating Expense": 164500000.0,
        "Research And Development": 66100000.0,
        "Selling General And Administration": 98400000.0,
        "Selling And Marketing Expense": 17200000.0,
        "General And Administrative Expense": 81200000.0,
        "Other Gand A": 85700000.0,
        "Salaries And Wages": -4500000.0,
        "Gross Profit": 478800000.0,
        "Cost Of Revenue": 37200000.0,
        "Total Revenue": 516000000.0,
        "Operating Revenue": 516000000.0
    },
    "2022-06-30": {
        "Tax Effect Of Unusual Items": 0.0,
        "Tax Rate For Calcs": 0.229748,
        "Normalized EBITDA": 169500000.0,
        "Total Unusual Items": 0.0,
        "Total Unusual Items Excluding Goodwill": 0.0,
        "Net Income From Continuing Operation Net Minority Interest": 116000000.0,
        "Reconciled Depreciation": 12700000.0,
        "Reconciled Cost Of Revenue": 29700000.0,
        "EBITDA": 169500000.0,
        "EBIT": 156800000.0,
        "Net Interest Income": 600000.0,
        "Interest Expense": 6200000.0,
        "Interest Income": 6800000.0,
        "Normalized Income": 116000000.0,
        "Net Income From Continuing And Discontinued Operation": 116000000.0,
        "Total Expenses": 265100000.0,
        "Total Operating Income As Reported": 201800000.0,
        "Diluted Average Shares": 48100000.0,
        "Basic Average Shares": 45400000.0,
        "Diluted EPS": 2.41,
        "Basic EPS": 2.56,
        "Diluted NI Availto Com Stockholders": 116000000.0,
        "Net Income Common Stockholders": 116000000.0,
        "Net Income": 116000000.0,
        "Net Income Including Noncontrolling Interests": 116000000.0,
        "Net Income Continuous Operations": 116000000.0,
        "Tax Provision": 34600000.0,
        "Pretax Income": 150600000.0,
        "Other Income Expense": -51800000.0,
        "Other Non Operating Income Expenses": -51800000.0,
        "Special Income Charges": 0.0,
        "Write Off": 0.0,
        "Net Non Operating Interest Income Expense": 600000.0,
        "Interest Expense Non Operating": 6200000.0,
        "Interest Income Non Operating": 6800000.0,
        "Operating Income": 201800000.0,
        "Operating Expense": 235400000.0,
        "Research And Development": 93900000.0,
        "Selling General And Administration": 141500000.0,
        "Selling And Marketing Expense": 16100000.0,
        "General And Administrative Expense": 125400000.0,
        "Other Gand A": 76900000.0,
        "Salaries And Wages": 48500000.0,
        "Gross Profit": 437200000.0,
        "Cost Of Revenue": 29700000.0,
        "Total Revenue": 466900000.0,
        "Operating Revenue": 466900000.0
    },
    "2023-06-30": {
        "Tax Effect Of Unusual Items": NaN,
        "Tax Rate For Calcs": NaN,
        "Normalized EBITDA": NaN,
        "Total Unusual Items": 0.0,
        "Total Unusual Items Excluding Goodwill": 0.0,
        "Net Income From Continuing Operation Net Minority Interest": NaN,
        "Reconciled Depreciation": NaN,
        "Reconciled Cost Of Revenue": NaN,
        "EBITDA": NaN,
        "EBIT": NaN,
        "Net Interest Income": NaN,
        "Interest Expense": NaN,
        "Interest Income": NaN,
        "Normalized Income": NaN,
        "Net Income From Continuing And Discontinued Operation": NaN,
        "Total Expenses": NaN,
        "Total Operating Income As Reported": NaN,
        "Diluted Average Shares": NaN,
        "Basic Average Shares": NaN,
        "Diluted EPS": NaN,
        "Basic EPS": NaN,
        "Diluted NI Availto Com Stockholders": NaN,
        "Net Income Common Stockholders": NaN,
        "Net Income": NaN,
        "Net Income Including Noncontrolling Interests": NaN,
        "Net Income Continuous Operations": NaN,
        "Tax Provision": NaN,
        "Pretax Income": NaN,
        "Other Income Expense": NaN,
        "Other Non Operating Income Expenses": NaN,
        "Special Income Charges": 0.0,
        "Other Special Charges": NaN,
        "Write Off": 0.0,
        "Net Non Operating Interest Income Expense": NaN,
        "Interest Expense Non Operating": NaN,
        "Interest Income Non Operating": NaN,
        "Operating Income": NaN,
        "Operating Expense": NaN,
        "Research And Development": NaN,
        "Selling General And Administration": NaN,
        "Selling And Marketing Expense": NaN,
        "General And Administrative Expense": NaN,
        "Other Gand A": NaN,
        "Salaries And Wages": NaN,
        "Gross Profit": NaN,
        "Cost Of Revenue": NaN,
        "Total Revenue": NaN,
        "Operating Revenue": NaN
    },
    "2022-03-31": {
        "Diluted EPS": 5.03,
        "Total Revenue": 462,
        "Gross Profit": 436,
        "Operating Income": 288,
        "EBIT": 301,
        "Net Income": 240
    },
    "2021-12-31": {
        "Diluted EPS": 2.38,
        "Total Revenue": 415,
        "Gross Profit": 381,
        "Operating Income": 170,
        "EBIT": 182,
        "Net Income": 112
    },
    "2021-09-30": {
        "Diluted EPS": 3.42,
        "Total Revenue": 445,
        "Gross Profit": 417,
        "Operating Income": 229,
        "EBIT": 241,
        "Net Income": 163
    },
    "2021-06-30": {
        "Diluted EPS": 3.65,
        "Total Revenue": 447,
        "Gross Profit": 409,
        "Operating Income": 222,
        "EBIT": 235,
        "Net Income": 173
    },
    "2021-03-31": {
        "Diluted EPS": 0.61,
        "Total Revenue": 379,
        "Gross Profit": 356,
        "Operating Income": -65,
        "EBIT": -52,
        "Net Income": 28
    },
    "2020-12-31": {
        "Diluted EPS": 2.17,
        "Total Revenue": 385,
        "Gross Profit": 350,
        "Operating Income": 65,
        "EBIT": 78,
        "Net Income": 99
    },
    "2020-09-30": {
        "Diluted EPS": 3.84,
        "Total Revenue": 380,
        "Gross Profit": 356,
        "Operating Income": 221,
        "EBIT": 233,
        "Net Income": 171
    },
    "2020-06-30": {
        "Diluted EPS": 2.41,
        "Total Revenue": 362,
        "Gross Profit": 336,
        "Operating Income": 141,
        "EBIT": 153,
        "Net Income": 107
    },
    "2020-03-31": {
        "Diluted EPS": 3.12,
        "Total Revenue": 356,
        "Gross Profit": 333,
        "Operating Income": 167,
        "EBIT": 179,
        "Net Income": 138
    },
    "2019-12-31": {
        "Diluted EPS": 1.26,
        "Total Revenue": 311,
        "Gross Profit": 282,
        "Operating Income": 64,
        "EBIT": 76,
        "Net Income": 53
    },
    "2019-09-30": {
        "Diluted EPS": 3.01,
        "Total Revenue": 402,
        "Gross Profit": 369,
        "Operating Income": 183,
        "EBIT": 196,
        "Net Income": 132
    },
    "2019-06-30": {
        "Diluted EPS": 4.66,
        "Total Revenue": 374,
        "Gross Profit": 347,
        "Operating Income": 221,
        "EBIT": 232,
        "Net Income": 205
    },
    "2019-03-31": {
        "Diluted EPS": -11.32,
        "Total Revenue": 363,
        "Gross Profit": 334,
        "Operating Income": -656,
        "EBIT": -646,
        "Net Income": -495
    },
    "2018-12-31": {
        "Diluted EPS": 1.42,
        "Total Revenue": 381,
        "Gross Profit": 350,
        "Operating Income": 132,
        "EBIT": 142,
        "Net Income": 65
    },
    "2018-09-30": {
        "Diluted EPS": 2.42,
        "Total Revenue": 413,
        "Gross Profit": 361,
        "Operating Income": 150,
        "EBIT": 159,
        "Net Income": 107
    },
    "2018-06-30": {
        "Diluted EPS": 3.98,
        "Total Revenue": 445,
        "Gross Profit": 383,
        "Operating Income": 217,
        "EBIT": 226,
        "Net Income": 173
    },
    "2018-03-31": {
        "Diluted EPS": 5.57,
        "Total Revenue": 389,
        "Gross Profit": 336,
        "Operating Income": 307,
        "EBIT": 315,
        "Net Income": 245
    },
    "2017-12-31": {
        "Diluted EPS": 0.4,
        "Total Revenue": 465,
        "Gross Profit": 412,
        "Operating Income": 139,
        "EBIT": 147,
        "Net Income": 19
    },
    "2017-09-30": {
        "Diluted EPS": 6.27,
        "Total Revenue": 446,
        "Gross Profit": 426,
        "Operating Income": 324,
        "EBIT": 332,
        "Net Income": 276
    },
    "2017-06-30": {
        "Diluted EPS": -1.25,
        "Total Revenue": 445,
        "Gross Profit": 426,
        "Operating Income": 89,
        "EBIT": 96,
        "Net Income": -56
    },
    "2017-03-31": {
        "Diluted EPS": 3.89,
        "Total Revenue": 371,
        "Gross Profit": 356,
        "Operating Income": 264,
        "EBIT": 272,
        "Net Income": 179
    },
    "2016-12-31": {
        "Diluted EPS": 2.52,
        "Total Revenue": 409,
        "Gross Profit": 381,
        "Operating Income": 174,
        "EBIT": 182,
        "Net Income": 110
    },
    "2016-09-30": {
        "Diluted EPS": 3.5,
        "Total Revenue": 408,
        "Gross Profit": 385,
        "Operating Income": 239,
        "EBIT": 247,
        "Net Income": 162
    },
    "2016-06-30": {
        "Diluted EPS": 4.39,
        "Total Revenue": 413,
        "Gross Profit": 393,
        "Operating Income": 285,
        "EBIT": 293,
        "Net Income": 206
    },
    "2016-03-31": {
        "Diluted EPS": 4.84,
        "Total Revenue": 369,
        "Gross Profit": 368,
        "Operating Income": 364,
        "EBIT": 371,
        "Net Income": 236
    },
    "2015-12-31": {
        "Diluted EPS": 1.93,
        "Total Revenue": 405,
        "Gross Profit": 380,
        "Operating Income": 155,
        "EBIT": 163,
        "Net Income": 105
    },
    "2015-09-30": {
        "Diluted EPS": 9.24,
        "Total Revenue": 386,
        "Gross Profit": 379,
        "Operating Income": 387,
        "EBIT": 389,
        "Net Income": 464
    },
    "2015-06-30": {
        "Diluted EPS": 1.91,
        "Total Revenue": 347,
        "Gross Profit": 331,
        "Operating Income": 172,
        "EBIT": 184,
        "Net Income": 99
    },
    "2015-03-31": {
        "Diluted EPS": -0.36,
        "Total Revenue": 328,
        "Gross Profit": 307,
        "Operating Income": -15,
        "EBIT": -4,
        "Net Income": -17
    },
    "2014-12-31": {
        "Diluted EPS": 2.28,
        "Total Revenue": 346,
        "Gross Profit": 331,
        "Operating Income": 179,
        "EBIT": 173,
        "Net Income": 116
    },
    "2014-09-30": {
        "Diluted EPS": -0.53,
        "Total Revenue": 330,
        "Gross Profit": 289,
        "Operating Income": -32,
        "EBIT": -19,
        "Net Income": -25
    },
    "2014-06-30": {
        "Diluted EPS": 2.1,
        "Total Revenue": 323,
        "Gross Profit": 284,
        "Operating Income": 176,
        "EBIT": 189,
        "Net Income": 112
    },
    "2014-03-31": {
        "Diluted EPS": 2.43,
        "Total Revenue": 289,
        "Gross Profit": 259,
        "Operating Income": 216,
        "EBIT": 229,
        "Net Income": 138
    },
    "2013-12-31": {
        "Diluted EPS": -0.6,
        "Total Revenue": 289,
        "Gross Profit": 250,
        "Operating Income": -28,
        "EBIT": -16,
        "Net Income": -30
    },
    "2013-09-30": {
        "Diluted EPS": 1.17,
        "Total Revenue": 302,
        "Gross Profit": 272,
        "Operating Income": 105,
        "EBIT": 117,
        "Net Income": 63
    },
    "2013-06-30": {
        "Diluted EPS": 1.52,
        "Total Revenue": 281,
        "Gross Profit": 248,
        "Operating Income": 122,
        "EBIT": 134,
        "Net Income": 80
    },
    "2013-03-31": {
        "Diluted EPS": 1.19,
        "Total Revenue": 245,
        "Gross Profit": 216,
        "Operating Income": 94,
        "EBIT": 106,
        "Net Income": 62
    },
    "2012-12-31": {
        "Diluted EPS": 1.62,
        "Total Revenue": 244,
        "Gross Profit": 206,
        "Operating Income": 129,
        "EBIT": 139,
        "Net Income": 83
    },
    "2012-09-30": {
        "Diluted EPS": 1.46,
        "Total Revenue": 242,
        "Gross Profit": 215,
        "Operating Income": 81,
        "EBIT": 92,
        "Net Income": 78
    },
    "2012-06-30": {
        "Diluted EPS": 1.34,
        "Total Revenue": 226,
        "Gross Profit": 196,
        "Operating Income": 106,
        "EBIT": 116,
        "Net Income": 72
    },
    "2012-03-31": {
        "Diluted EPS": 1.29,
        "Total Revenue": 204,
        "Gross Profit": 180,
        "Operating Income": 107,
        "EBIT": 117,
        "Net Income": 71
    },
    "2011-12-31": {
        "Diluted EPS": 0.85,
        "Total Revenue": 195,
        "Gross Profit": 170,
        "Operating Income": 64,
        "EBIT": 75,
        "Net Income": 43
    },
    "2011-09-30": {
        "Diluted EPS": 1.38,
        "Total Revenue": 202,
        "Gross Profit": 179,
        "Operating Income": 103,
        "EBIT": 114,
        "Net Income": 84
    },
    "2011-06-30": {
        "Diluted EPS": 1.18,
        "Total Revenue": 184,
        "Gross Profit": 163,
        "Operating Income": 114,
        "EBIT": 125,
        "Net Income": 74
    },
    "2011-03-31": {
        "Diluted EPS": 0.26,
        "Total Revenue": 163,
        "Gross Profit": 143,
        "Operating Income": 37,
        "EBIT": 48,
        "Net Income": 16
    },
    "2010-12-31": {
        "Diluted EPS": 0.18,
        "Total Revenue": 161,
        "Gross Profit": 143,
        "Operating Income": 15,
        "EBIT": 25,
        "Net Income": 10
    },
    "2010-09-30": {
        "Diluted EPS": 0.66,
        "Total Revenue": 169,
        "Gross Profit": 148,
        "Operating Income": 62,
        "EBIT": 72,
        "Net Income": 40
    },
    "2010-06-30": {
        "Diluted EPS": 0.62,
        "Total Revenue": 135,
        "Gross Profit": 119,
        "Operating Income": 61,
        "EBIT": 70,
        "Net Income": 38
    },
    "2010-03-31": {
        "Diluted EPS": 0.32,
        "Total Revenue": 129,
        "Gross Profit": 114,
        "Operating Income": 32,
        "EBIT": 41,
        "Net Income": 19
    },
    "2009-12-31": {
        "Diluted EPS": -0.06,
        "Total Revenue": 98,
        "Gross Profit": 89,
        "Operating Income": -2,
        "EBIT": 7,
        "Net Income": -3
    },
    "2009-09-30": {
        "Diluted EPS": 0.21,
        "Total Revenue": 97,
        "Gross Profit": 84,
        "Operating Income": 12,
        "EBIT": 19,
        "Net Income": 12
    },
    "2009-06-30": {
        "Diluted EPS": -0.04,
        "Total Revenue": 84,
        "Gross Profit": 74,
        "Operating Income": -4,
        "EBIT": 2,
        "Net Income": -2
    },
    "2009-03-31": {
        "Diluted EPS": 0.24,
        "Total Revenue": 80,
        "Gross Profit": 71,
        "Operating Income": 21,
        "EBIT": 27,
        "Net Income": 13
    },
    "2023-09-30": {
        "Tax Effect Of Unusual Items": NaN,
        "Tax Rate For Calcs": NaN,
        "Normalized EBITDA": NaN,
        "Total Unusual Items": 0.0,
        "Total Unusual Items Excluding Goodwill": 0.0,
        "Net Income From Continuing Operation Net Minority Interest": NaN,
        "Reconciled Depreciation": NaN,
        "Reconciled Cost Of Revenue": NaN,
        "EBITDA": NaN,
        "EBIT": NaN,
        "Net Interest Income": NaN,
        "Interest Expense": NaN,
        "Interest Income": NaN,
        "Normalized Income": NaN,
        "Net Income From Continuing And Discontinued Operation": NaN,
        "Total Expenses": NaN,
        "Total Operating Income As Reported": NaN,
        "Diluted Average Shares": NaN,
        "Basic Average Shares": NaN,
        "Diluted EPS": NaN,
        "Basic EPS": NaN,
        "Diluted NI Availto Com Stockholders": NaN,
        "Net Income Common Stockholders": NaN,
        "Net Income": NaN,
        "Net Income Including Noncontrolling Interests": NaN,
        "Net Income Continuous Operations": NaN,
        "Tax Provision": NaN,
        "Pretax Income": NaN,
        "Other Income Expense": NaN,
        "Other Non Operating Income Expenses": NaN,
        "Special Income Charges": 0.0,
        "Other Special Charges": NaN,
        "Write Off": 0.0,
        "Net Non Operating Interest Income Expense": NaN,
        "Interest Expense Non Operating": NaN,
        "Interest Income Non Operating": NaN,
        "Operating Income": NaN,
        "Operating Expense": NaN,
        "Research And Development": NaN,
        "Selling General And Administration": NaN,
        "Selling And Marketing Expense": NaN,
        "General And Administrative Expense": NaN,
        "Other Gand A": NaN,
        "Salaries And Wages": NaN,
        "Gross Profit": NaN,
        "Cost Of Revenue": NaN,
        "Total Revenue": NaN,
        "Operating Revenue": NaN
    },
    "2023-12-31": {
        "Tax Effect Of Unusual Items": NaN,
        "Tax Rate For Calcs": NaN,
        "Normalized EBITDA": NaN,
        "Total Unusual Items": 0.0,
        "Total Unusual Items Excluding Goodwill": 0.0,
        "Net Income From Continuing Operation Net Minority Interest": NaN,
        "Reconciled Depreciation": NaN,
        "Reconciled Cost Of Revenue": NaN,
        "EBITDA": NaN,
        "EBIT": NaN,
        "Net Interest Income": NaN,
        "Interest Expense": NaN,
        "Interest Income": NaN,
        "Normalized Income": NaN,
        "Net Income From Continuing And Discontinued Operation": NaN,
        "Total Expenses": NaN,
        "Total Operating Income As Reported": NaN,
        "Diluted Average Shares": NaN,
        "Basic Average Shares": NaN,
        "Diluted EPS": NaN,
        "Basic EPS": NaN,
        "Diluted NI Availto Com Stockholders": NaN,
        "Net Income Common Stockholders": NaN,
        "Net Income": NaN,
        "Net Income Including Noncontrolling Interests": NaN,
        "Net Income Continuous Operations": NaN,
        "Tax Provision": NaN,
        "Pretax Income": NaN,
        "Other Income Expense": NaN,
        "Other Non Operating Income Expenses": NaN,
        "Special Income Charges": 0.0,
        "Other Special Charges": NaN,
        "Write Off": 0.0,
        "Impairment Of Capital Assets": NaN,
        "Net Non Operating Interest Income Expense": NaN,
        "Interest Expense Non Operating": NaN,
        "Interest Income Non Operating": NaN,
        "Operating Income": NaN,
        "Operating Expense": NaN,
        "Research And Development": NaN,
        "Selling General And Administration": NaN,
        "Selling And Marketing Expense": NaN,
        "General And Administrative Expense": NaN,
        "Other Gand A": NaN,
        "Salaries And Wages": NaN,
        "Gross Profit": NaN,
        "Cost Of Revenue": NaN,
        "Total Revenue": NaN,
        "Operating Revenue": NaN
    },
    "2024-03-31": {
        "Tax Effect Of Unusual Items": 0.0,
        "Tax Rate For Calcs": 0.23,
        "Normalized EBITDA": 426900000.0,
        "Total Unusual Items": NaN,
        "Total Unusual Items Excluding Goodwill": NaN,
        "Net Income From Continuing Operation Net Minority Interest": 306600000.0,
        "Reconciled Depreciation": 15000000.0,
        "Reconciled Cost Of Revenue": 72900000.0,
        "EBITDA": 426900000.0,
        "EBIT": 411900000.0,
        "Net Interest Income": 40500000.0,
        "Interest Expense": 13300000.0,
        "Interest Income": 53800000.0,
        "Normalized Income": 306600000.0,
        "Net Income From Continuing And Discontinued Operation": 306600000.0,
        "Total Expenses": 321400000.0,
        "Total Operating Income As Reported": 356300000.0,
        "Diluted Average Shares": 49700000.0,
        "Basic Average Shares": 47000000.0,
        "Diluted EPS": 6.17,
        "Basic EPS": 6.52,
        "Diluted NI Availto Com Stockholders": 306600000.0,
        "Net Income Common Stockholders": 306600000.0,
        "Net Income": 306600000.0,
        "Net Income Including Noncontrolling Interests": 306600000.0,
        "Net Income Continuous Operations": 306600000.0,
        "Tax Provision": 92000000.0,
        "Pretax Income": 398600000.0,
        "Other Income Expense": 1800000.0,
        "Other Non Operating Income Expenses": 1800000.0,
        "Special Income Charges": NaN,
        "Other Special Charges": NaN,
        "Write Off": NaN,
        "Net Non Operating Interest Income Expense": 40500000.0,
        "Interest Expense Non Operating": 13300000.0,
        "Interest Income Non Operating": 53800000.0,
        "Operating Income": 356300000.0,
        "Operating Expense": 248500000.0,
        "Research And Development": 104100000.0,
        "Selling General And Administration": 144400000.0,
        "Selling And Marketing Expense": 23200000.0,
        "General And Administrative Expense": 121200000.0,
        "Other Gand A": 103100000.0,
        "Salaries And Wages": 18100000.0,
        "Gross Profit": 604800000.0,
        "Cost Of Revenue": 72900000.0,
        "Total Revenue": 677700000.0,
        "Operating Revenue": 677700000.0
    },
    "2024-06-30": {
        "Tax Effect Of Unusual Items": NaN,
        "Tax Rate For Calcs": NaN,
        "Normalized EBITDA": NaN,
        "Total Unusual Items": 0.0,
        "Total Unusual Items Excluding Goodwill": 0.0,
        "Net Income From Continuing Operation Net Minority Interest": NaN,
        "Reconciled Depreciation": NaN,
        "Reconciled Cost Of Revenue": NaN,
        "EBITDA": NaN,
        "EBIT": NaN,
        "Net Interest Income": NaN,
        "Interest Expense": NaN,
        "Interest Income": NaN,
        "Normalized Income": NaN,
        "Net Income From Continuing And Discontinued Operation": NaN,
        "Total Expenses": NaN,
        "Total Operating Income As Reported": NaN,
        "Diluted Average Shares": NaN,
        "Basic Average Shares": NaN,
        "Diluted EPS": NaN,
        "Basic EPS": NaN,
        "Diluted NI Availto Com Stockholders": NaN,
        "Net Income Common Stockholders": NaN,
        "Net Income": NaN,
        "Net Income Including Noncontrolling Interests": NaN,
        "Net Income Continuous Operations": NaN,
        "Tax Provision": NaN,
        "Pretax Income": NaN,
        "Other Income Expense": NaN,
        "Other Non Operating Income Expenses": NaN,
        "Special Income Charges": 0.0,
        "Other Special Charges": NaN,
        "Impairment Of Capital Assets": 0.0,
        "Net Non Operating Interest Income Expense": NaN,
        "Interest Expense Non Operating": NaN,
        "Interest Income Non Operating": NaN,
        "Operating Income": NaN,
        "Operating Expense": NaN,
        "Research And Development": NaN,
        "Selling General And Administration": NaN,
        "Selling And Marketing Expense": NaN,
        "General And Administrative Expense": NaN,
        "Other Gand A": NaN,
        "Salaries And Wages": NaN,
        "Gross Profit": NaN,
        "Cost Of Revenue": NaN,
        "Total Revenue": NaN,
        "Operating Revenue": NaN
    },
    "2024-09-30": {
        "Tax Effect Of Unusual Items": -13318193.515183,
        "Tax Rate For Calcs": 0.204581,
        "Normalized EBITDA": 482900000.0,
        "Total Unusual Items": -65100000.0,
        "Total Unusual Items Excluding Goodwill": -65100000.0,
        "Net Income From Continuing Operation Net Minority Interest": 309100000.0,
        "Reconciled Depreciation": 19100000.0,
        "Reconciled Cost Of Revenue": 83100000.0,
        "EBITDA": 417800000.0,
        "EBIT": 398700000.0,
        "Net Interest Income": 39700000.0,
        "Interest Expense": 10100000.0,
        "Interest Income": 49800000.0,
        "Normalized Income": 360881806.484817,
        "Net Income From Continuing And Discontinued Operation": 309100000.0,
        "Total Expenses": 340700000.0,
        "Total Operating Income As Reported": 343100000.0,
        "Diluted Average Shares": 48400000.0,
        "Basic Average Shares": 44600000.0,
        "Diluted EPS": 6.39,
        "Basic EPS": 6.93,
        "Diluted NI Availto Com Stockholders": 309100000.0,
        "Net Income Common Stockholders": 309100000.0,
        "Net Income": 309100000.0,
        "Net Income Including Noncontrolling Interests": 309100000.0,
        "Net Income Continuous Operations": 309100000.0,
        "Tax Provision": 79500000.0,
        "Pretax Income": 388600000.0,
        "Other Income Expense": -59300000.0,
        "Other Non Operating Income Expenses": 5800000.0,
        "Special Income Charges": -65100000.0,
        "Other Special Charges": 65100000.0,
        "Impairment Of Capital Assets": NaN,
        "Net Non Operating Interest Income Expense": 39700000.0,
        "Interest Expense Non Operating": 10100000.0,
        "Interest Income Non Operating": 49800000.0,
        "Operating Income": 408200000.0,
        "Operating Expense": 257600000.0,
        "Research And Development": 103500000.0,
        "Selling General And Administration": 154100000.0,
        "Selling And Marketing Expense": 20700000.0,
        "General And Administrative Expense": 133400000.0,
        "Other Gand A": 100400000.0,
        "Salaries And Wages": 33000000.0,
        "Gross Profit": 665800000.0,
        "Cost Of Revenue": 83100000.0,
        "Total Revenue": 748900000.0,
        "Operating Revenue": 743400000.0
    },
    "2024-12-31": {
        "Tax Effect Of Unusual Items": -1440605.296343,
        "Tax Rate For Calcs": 0.240101,
        "Normalized EBITDA": 430100000.0,
        "Total Unusual Items": -6000000.0,
        "Total Unusual Items Excluding Goodwill": -6000000.0,
        "Net Income From Continuing Operation Net Minority Interest": 301300000.0,
        "Reconciled Depreciation": 19700000.0,
        "Reconciled Cost Of Revenue": 75900000.0,
        "EBITDA": 424100000.0,
        "EBIT": 404400000.0,
        "Net Interest Income": 41400000.0,
        "Interest Expense": 7900000.0,
        "Interest Income": 49300000.0,
        "Normalized Income": 305859394.703657,
        "Net Income From Continuing And Discontinued Operation": 301300000.0,
        "Total Expenses": 372200000.0,
        "Total Operating Income As Reported": 357700000.0,
        "Diluted Average Shares": 48700000.0,
        "Basic Average Shares": 44700000.0,
        "Diluted EPS": 6.19,
        "Basic EPS": 6.74,
        "Diluted NI Availto Com Stockholders": 301300000.0,
        "Net Income Common Stockholders": 301300000.0,
        "Net Income": 301300000.0,
        "Net Income Including Noncontrolling Interests": 301300000.0,
        "Net Income Continuous Operations": 301300000.0,
        "Tax Provision": 95200000.0,
        "Pretax Income": 396500000.0,
        "Other Income Expense": -8600000.0,
        "Other Non Operating Income Expenses": -2600000.0,
        "Special Income Charges": -6000000.0,
        "Other Special Charges": 6000000.0,
        "Impairment Of Capital Assets": NaN,
        "Net Non Operating Interest Income Expense": 41400000.0,
        "Interest Expense Non Operating": 7900000.0,
        "Interest Income Non Operating": 49300000.0,
        "Operating Income": 363700000.0,
        "Operating Expense": 296300000.0,
        "Research And Development": 133800000.0,
        "Selling General And Administration": 162500000.0,
        "Selling And Marketing Expense": 27000000.0,
        "General And Administrative Expense": 135500000.0,
        "Other Gand A": 116300000.0,
        "Salaries And Wages": 19200000.0,
        "Gross Profit": 660000000.0,
        "Cost Of Revenue": 75900000.0,
        "Total Revenue": 735900000.0,
        "Operating Revenue": 735900000.0
    },
    "2025-03-31": {
        "Tax Effect Of Unusual Items": 0.0,
        "Tax Rate For Calcs": 0.24,
        "Normalized EBITDA": 449400000.0,
        "Total Unusual Items": NaN,
        "Total Unusual Items Excluding Goodwill": NaN,
        "Net Income From Continuing Operation Net Minority Interest": 322200000.0,
        "Reconciled Depreciation": 19800000.0,
        "Reconciled Cost Of Revenue": 92500000.0,
        "EBITDA": 449400000.0,
        "EBIT": 429600000.0,
        "Net Interest Income": 45000000.0,
        "Interest Expense": 6100000.0,
        "Interest Income": 51100000.0,
        "Normalized Income": 322200000.0,
        "Net Income From Continuing And Discontinued Operation": 322200000.0,
        "Total Expenses": 411600000.0,
        "Total Operating Income As Reported": 382800000.0,
        "Diluted Average Shares": 48600000.0,
        "Basic Average Shares": 44900000.0,
        "Diluted EPS": 6.63,
        "Basic EPS": 7.18,
        "Diluted NI Availto Com Stockholders": 322200000.0,
        "Net Income Common Stockholders": 322200000.0,
        "Net Income": 322200000.0,
        "Net Income Including Noncontrolling Interests": 322200000.0,
        "Net Income Continuous Operations": 322200000.0,
        "Tax Provision": 101300000.0,
        "Pretax Income": 423500000.0,
        "Other Income Expense": -4300000.0,
        "Other Non Operating Income Expenses": -4300000.0,
        "Special Income Charges": NaN,
        "Other Special Charges": NaN,
        "Impairment Of Capital Assets": NaN,
        "Net Non Operating Interest Income Expense": 45000000.0,
        "Interest Expense Non Operating": 6100000.0,
        "Interest Income Non Operating": 51100000.0,
        "Operating Income": 382800000.0,
        "Operating Expense": 319100000.0,
        "Research And Development": 149000000.0,
        "Selling General And Administration": 170100000.0,
        "Selling And Marketing Expense": 26600000.0,
        "General And Administrative Expense": 143500000.0,
        "Other Gand A": 119500000.0,
        "Salaries And Wages": 24000000.0,
        "Gross Profit": 701900000.0,
        "Cost Of Revenue": 92500000.0,
        "Total Revenue": 794400000.0,
        "Operating Revenue": 794400000.0
    },
    "2025-06-30": {
        "Tax Effect Of Unusual Items": -5254970.617042,
        "Tax Rate For Calcs": 0.242165,
        "Normalized EBITDA": 458500000.0,
        "Total Unusual Items": -21700000.0,
        "Total Unusual Items Excluding Goodwill": -21700000.0,
        "Net Income From Continuing Operation Net Minority Interest": 309500000.0,
        "Reconciled Depreciation": 21100000.0,
        "Reconciled Cost Of Revenue": 87600000.0,
        "EBITDA": 436800000.0,
        "EBIT": 415700000.0,
        "Net Interest Income": 44000000.0,
        "Interest Expense": 7300000.0,
        "Interest Income": 51300000.0,
        "Normalized Income": 325945029.382958,
        "Net Income From Continuing And Discontinued Operation": 309500000.0,
        "Total Expenses": 412400000.0,
        "Total Operating Income As Reported": 364500000.0,
        "Diluted Average Shares": 48300000.0,
        "Basic Average Shares": 45100000.0,
        "Diluted EPS": 6.41,
        "Basic EPS": 6.86,
        "Diluted NI Availto Com Stockholders": 309500000.0,
        "Net Income Common Stockholders": 309500000.0,
        "Net Income": 309500000.0,
        "Net Income Including Noncontrolling Interests": 309500000.0,
        "Net Income Continuous Operations": 309500000.0,
        "Tax Provision": 98900000.0,
        "Pretax Income": 408400000.0,
        "Other Income Expense": -21800000.0,
        "Other Non Operating Income Expenses": -100000.0,
        "Special Income Charges": -21700000.0,
        "Other Special Charges": NaN,
        "Impairment Of Capital Assets": 21700000.0,
        "Net Non Operating Interest Income Expense": 44000000.0,
        "Interest Expense Non Operating": 7300000.0,
        "Interest Income Non Operating": 51300000.0,
        "Operating Income": 386200000.0,
        "Operating Expense": 324800000.0,
        "Research And Development": 134000000.0,
        "Selling General And Administration": 190800000.0,
        "Selling And Marketing Expense": 31000000.0,
        "General And Administrative Expense": 159800000.0,
        "Other Gand A": 131100000.0,
        "Salaries And Wages": 28700000.0,
        "Gross Profit": 711000000.0,
        "Cost Of Revenue": 87600000.0,
        "Total Revenue": 798600000.0,
        "Operating Revenue": 793100000.0
    },
    "2025-09-30": {
        "Tax Effect Of Unusual Items": -181369.863014,
        "Tax Rate For Calcs": 0.226712,
        "Normalized EBITDA": 463700000.0,
        "Total Unusual Items": -800000.0,
        "Total Unusual Items Excluding Goodwill": -800000.0,
        "Net Income From Continuing Operation Net Minority Interest": 338700000.0,
        "Reconciled Depreciation": 21900000.0,
        "Reconciled Cost Of Revenue": 100900000.0,
        "EBITDA": 462900000.0,
        "EBIT": 441000000.0,
        "Net Interest Income": 43400000.0,
        "Interest Expense": 3000000.0,
        "Interest Income": 46400000.0,
        "Normalized Income": 339318630.136986,
        "Net Income From Continuing And Discontinued Operation": 338700000.0,
        "Total Expenses": 410200000.0,
        "Total Operating Income As Reported": 388500000.0,
        "Diluted Average Shares": 47300000.0,
        "Basic Average Shares": 43800000.0,
        "Diluted EPS": 7.16,
        "Basic EPS": 7.73,
        "Diluted NI Availto Com Stockholders": 338700000.0,
        "Net Income Common Stockholders": 338700000.0,
        "Net Income": 338700000.0,
        "Net Income Including Noncontrolling Interests": 338700000.0,
        "Net Income Continuous Operations": 338700000.0,
        "Tax Provision": 99300000.0,
        "Pretax Income": 438000000.0,
        "Other Income Expense": 5300000.0,
        "Other Non Operating Income Expenses": 6100000.0,
        "Special Income Charges": -800000.0,
        "Other Special Charges": 800000.0,
        "Impairment Of Capital Assets": 0.0,
        "Net Non Operating Interest Income Expense": 43400000.0,
        "Interest Expense Non Operating": 3000000.0,
        "Interest Income Non Operating": 46400000.0,
        "Operating Income": 389300000.0,
        "Operating Expense": 309300000.0,
        "Research And Development": 127500000.0,
        "Selling General And Administration": 181800000.0,
        "Selling And Marketing Expense": 28300000.0,
        "General And Administrative Expense": 153500000.0,
        "Other Gand A": 123700000.0,
        "Salaries And Wages": 29800000.0,
        "Gross Profit": 698600000.0,
        "Cost Of Revenue": 100900000.0,
        "Total Revenue": 799500000.0,
        "Operating Revenue": 792600000.0
    }
}