{
    "2023-03-31": {
        "Tax Effect Of Unusual Items": NaN,
        "Tax Rate For Calcs": NaN,
        "Normalized EBITDA": NaN,
        "Net Income From Continuing Operation Net Minority Interest": NaN,
        "Reconciled Depreciation": NaN,
        "Reconciled Cost Of Revenue": NaN,
        "EBITDA": NaN,
        "EBIT": NaN,
        "Net Interest Income": NaN,
        "Interest Expense": NaN,
        "Interest Income": NaN,
        "Normalized Income": NaN,
        "Net Income From Continuing And Discontinued Operation": NaN,
        "Total Expenses": NaN,
        "Rent Expense Supplemental": NaN,
        "Total Operating Income As Reported": NaN,
        "Diluted Average Shares": NaN,
        "Basic Average Shares": NaN,
        "Diluted EPS": NaN,
        "Basic EPS": NaN,
        "Diluted NI Availto Com Stockholders": NaN,
        "Net Income Common Stockholders": NaN,
        "Otherunder Preferred Stock Dividend": NaN,
        "Preferred Stock Dividends": 1251000.0,
        "Net Income": NaN,
        "Net Income Including Noncontrolling Interests": NaN,
        "Net Income Continuous Operations": NaN,
        "Tax Provision": NaN,
        "Pretax Income": NaN,
        "Other Income Expense": NaN,
        "Other Non Operating Income Expenses": NaN,
        "Net Non Operating Interest Income Expense": NaN,
        "Interest Expense Non Operating": NaN,
        "Interest Income Non Operating": NaN,
        "Operating Income": NaN,
        "Operating Expense": NaN,
        "Selling General And Administration": NaN,
        "Selling And Marketing Expense": NaN,
        "General And Administrative Expense": NaN,
        "Other Gand A": NaN,
        "Salaries And Wages": NaN,
        "Gross Profit": NaN,
        "Cost Of Revenue": NaN,
        "Total Revenue": NaN,
        "Operating Revenue": NaN
    },
    "2022-12-31": {
        "Tax Effect Of Unusual Items": NaN,
        "Tax Rate For Calcs": NaN,
        "Normalized EBITDA": NaN,
        "Net Income From Continuing Operation Net Minority Interest": NaN,
        "Reconciled Depreciation": NaN,
        "Reconciled Cost Of Revenue": NaN,
        "EBITDA": NaN,
        "EBIT": NaN,
        "Net Interest Income": NaN,
        "Interest Expense": NaN,
        "Interest Income": NaN,
        "Normalized Income": NaN,
        "Net Income From Continuing And Discontinued Operation": NaN,
        "Total Expenses": NaN,
        "Rent Expense Supplemental": NaN,
        "Total Operating Income As Reported": NaN,
        "Diluted Average Shares": NaN,
        "Basic Average Shares": NaN,
        "Diluted EPS": NaN,
        "Basic EPS": NaN,
        "Diluted NI Availto Com Stockholders": NaN,
        "Net Income Common Stockholders": NaN,
        "Otherunder Preferred Stock Dividend": NaN,
        "Preferred Stock Dividends": 1277000.0,
        "Net Income": NaN,
        "Net Income Including Noncontrolling Interests": NaN,
        "Net Income Continuous Operations": NaN,
        "Tax Provision": NaN,
        "Pretax Income": NaN,
        "Other Income Expense": NaN,
        "Other Non Operating Income Expenses": NaN,
        "Net Non Operating Interest Income Expense": NaN,
        "Interest Expense Non Operating": NaN,
        "Interest Income Non Operating": NaN,
        "Operating Income": NaN,
        "Operating Expense": NaN,
        "Selling General And Administration": NaN,
        "Selling And Marketing Expense": NaN,
        "General And Administrative Expense": NaN,
        "Other Gand A": NaN,
        "Salaries And Wages": NaN,
        "Gross Profit": NaN,
        "Cost Of Revenue": NaN,
        "Total Revenue": NaN,
        "Operating Revenue": NaN
    },
    "2022-09-30": {
        "Tax Effect Of Unusual Items": NaN,
        "Tax Rate For Calcs": NaN,
        "Normalized EBITDA": NaN,
        "Net Income From Continuing Operation Net Minority Interest": NaN,
        "Reconciled Depreciation": NaN,
        "Reconciled Cost Of Revenue": NaN,
        "EBITDA": NaN,
        "EBIT": NaN,
        "Net Interest Income": NaN,
        "Interest Expense": NaN,
        "Interest Income": NaN,
        "Normalized Income": NaN,
        "Net Income From Continuing And Discontinued Operation": NaN,
        "Total Expenses": NaN,
        "Rent Expense Supplemental": NaN,
        "Total Operating Income As Reported": NaN,
        "Diluted Average Shares": NaN,
        "Basic Average Shares": NaN,
        "Diluted EPS": NaN,
        "Basic EPS": NaN,
        "Diluted NI Availto Com Stockholders": NaN,
        "Net Income Common Stockholders": NaN,
        "Otherunder Preferred Stock Dividend": NaN,
        "Preferred Stock Dividends": NaN,
        "Net Income": NaN,
        "Net Income Including Noncontrolling Interests": NaN,
        "Net Income Continuous Operations": NaN,
        "Tax Provision": NaN,
        "Pretax Income": NaN,
        "Other Income Expense": NaN,
        "Other Non Operating Income Expenses": NaN,
        "Net Non Operating Interest Income Expense": NaN,
        "Interest Expense Non Operating": NaN,
        "Interest Income Non Operating": NaN,
        "Operating Income": NaN,
        "Operating Expense": NaN,
        "Depreciation Amortization Depletion Income Statement": 314000.0,
        "Depreciation And Amortization In Income Statement": 314000.0,
        "Selling General And Administration": NaN,
        "Selling And Marketing Expense": NaN,
        "General And Administrative Expense": NaN,
        "Other Gand A": NaN,
        "Salaries And Wages": NaN,
        "Gross Profit": NaN,
        "Cost Of Revenue": NaN,
        "Total Revenue": NaN,
        "Operating Revenue": NaN
    },
    "2022-06-30": {
        "Tax Effect Of Unusual Items": 0.0,
        "Tax Rate For Calcs": 0.284987,
        "Normalized EBITDA": 9805000.0,
        "Net Income From Continuing Operation Net Minority Interest": 843000.0,
        "Reconciled Depreciation": 8074000.0,
        "Reconciled Cost Of Revenue": 45418000.0,
        "EBITDA": 9805000.0,
        "EBIT": 1731000.0,
        "Net Interest Income": -484000.0,
        "Interest Expense": 552000.0,
        "Interest Income": 68000.0,
        "Normalized Income": 843000.0,
        "Net Income From Continuing And Discontinued Operation": 843000.0,
        "Total Expenses": 99012000.0,
        "Rent Expense Supplemental": 8774000.0,
        "Total Operating Income As Reported": 1954000.0,
        "Diluted Average Shares": 33257000.0,
        "Basic Average Shares": 33257000.0,
        "Diluted EPS": -0.01,
        "Basic EPS": -0.01,
        "Diluted NI Availto Com Stockholders": -453000.0,
        "Net Income Common Stockholders": -453000.0,
        "Otherunder Preferred Stock Dividend": 0.0,
        "Preferred Stock Dividends": 1296000.0,
        "Net Income": 843000.0,
        "Net Income Including Noncontrolling Interests": 843000.0,
        "Net Income Continuous Operations": 843000.0,
        "Tax Provision": 336000.0,
        "Pretax Income": 1179000.0,
        "Other Income Expense": -291000.0,
        "Other Non Operating Income Expenses": -291000.0,
        "Net Non Operating Interest Income Expense": -484000.0,
        "Interest Expense Non Operating": 552000.0,
        "Interest Income Non Operating": 68000.0,
        "Operating Income": 1954000.0,
        "Operating Expense": 45796000.0,
        "Depreciation Amortization Depletion Income Statement": 276000.0,
        "Depreciation And Amortization In Income Statement": 276000.0,
        "Selling General And Administration": 45520000.0,
        "Selling And Marketing Expense": 13382000.0,
        "General And Administrative Expense": 32138000.0,
        "Other Gand A": 9537000.0,
        "Salaries And Wages": 22601000.0,
        "Gross Profit": 47750000.0,
        "Cost Of Revenue": 53216000.0,
        "Total Revenue": 100966000.0,
        "Operating Revenue": 100966000.0
    },
    "2023-06-30": {
        "Tax Effect Of Unusual Items": NaN,
        "Tax Rate For Calcs": NaN,
        "Normalized EBITDA": NaN,
        "Net Income From Continuing Operation Net Minority Interest": NaN,
        "Reconciled Depreciation": NaN,
        "Reconciled Cost Of Revenue": NaN,
        "EBITDA": NaN,
        "EBIT": NaN,
        "Net Interest Income": NaN,
        "Interest Expense": NaN,
        "Interest Income": NaN,
        "Normalized Income": NaN,
        "Net Income From Continuing And Discontinued Operation": NaN,
        "Total Expenses": NaN,
        "Rent Expense Supplemental": NaN,
        "Total Operating Income As Reported": NaN,
        "Diluted Average Shares": NaN,
        "Basic Average Shares": NaN,
        "Diluted EPS": NaN,
        "Basic EPS": NaN,
        "Diluted NI Availto Com Stockholders": NaN,
        "Net Income Common Stockholders": NaN,
        "Otherunder Preferred Stock Dividend": NaN,
        "Preferred Stock Dividends": 1263000.0,
        "Net Income": NaN,
        "Net Income Including Noncontrolling Interests": NaN,
        "Net Income Continuous Operations": NaN,
        "Tax Provision": NaN,
        "Pretax Income": NaN,
        "Other Income Expense": NaN,
        "Other Non Operating Income Expenses": NaN,
        "Net Non Operating Interest Income Expense": NaN,
        "Interest Expense Non Operating": NaN,
        "Interest Income Non Operating": NaN,
        "Operating Income": NaN,
        "Operating Expense": NaN,
        "Selling General And Administration": NaN,
        "Selling And Marketing Expense": NaN,
        "General And Administrative Expense": NaN,
        "Other Gand A": NaN,
        "Salaries And Wages": NaN,
        "Gross Profit": NaN,
        "Cost Of Revenue": NaN,
        "Total Revenue": NaN,
        "Operating Revenue": NaN
    },
    "2022-03-31": {
        "Diluted EPS": -0.13,
        "Total Revenue": 509,
        "Gross Profit": 126,
        "Operating Income": -19,
        "EBIT": 98,
        "Net Income": -29
    },
    "2021-12-31": {
        "Diluted EPS": -1.8,
        "Total Revenue": 466,
        "Gross Profit": 67,
        "Operating Income": -361,
        "EBIT": 51,
        "Net Income": -362
    },
    "2021-09-30": {
        "Diluted EPS": -0.44,
        "Total Revenue": 358,
        "Gross Profit": 83,
        "Operating Income": -90,
        "EBIT": 51,
        "Net Income": -83
    },
    "2021-06-30": {
        "Diluted EPS": -0.55,
        "Total Revenue": 292,
        "Gross Profit": 67,
        "Operating Income": -109,
        "EBIT": 35,
        "Net Income": -103
    },
    "2021-03-31": {
        "Diluted EPS": -0.57,
        "Total Revenue": 241,
        "Gross Profit": 58,
        "Operating Income": -118,
        "EBIT": 36,
        "Net Income": -106
    },
    "2020-12-31": {
        "Diluted EPS": -0.58,
        "Total Revenue": 221,
        "Gross Profit": 18,
        "Operating Income": -124,
        "EBIT": 30,
        "Net Income": -107
    },
    "2020-09-30": {
        "Diluted EPS": -0.6,
        "Total Revenue": 207,
        "Gross Profit": 75,
        "Operating Income": -115,
        "EBIT": 43,
        "Net Income": -112
    },
    "2020-06-30": {
        "Diluted EPS": -0.81,
        "Total Revenue": 250,
        "Gross Profit": 95,
        "Operating Income": -159,
        "EBIT": 14,
        "Net Income": -150
    },
    "2020-03-31": {
        "Diluted EPS": -2.28,
        "Total Revenue": 446,
        "Gross Profit": 135,
        "Operating Income": -494,
        "EBIT": 88,
        "Net Income": -435
    },
    "2019-12-31": {
        "Diluted EPS": -0.41,
        "Total Revenue": 492,
        "Gross Profit": 58,
        "Operating Income": -83,
        "EBIT": 98,
        "Net Income": -86
    },
    "2019-09-30": {
        "Diluted EPS": -1.31,
        "Total Revenue": 598,
        "Gross Profit": 177,
        "Operating Income": -307,
        "EBIT": 111,
        "Net Income": -262
    },
    "2019-06-30": {
        "Diluted EPS": -0.24,
        "Total Revenue": 676,
        "Gross Profit": 226,
        "Operating Income": -48,
        "EBIT": 161,
        "Net Income": -49
    },
    "2019-03-31": {
        "Diluted EPS": -0.14,
        "Total Revenue": 704,
        "Gross Profit": 237,
        "Operating Income": -23,
        "EBIT": 191,
        "Net Income": -29
    },
    "2018-12-31": {
        "Diluted EPS": -0.92,
        "Total Revenue": 796,
        "Gross Profit": 200,
        "Operating Income": -211,
        "EBIT": 213,
        "Net Income": -201
    },
    "2018-09-30": {
        "Diluted EPS": -0.34,
        "Total Revenue": 867,
        "Gross Profit": 254,
        "Operating Income": -80,
        "EBIT": 202,
        "Net Income": -75
    },
    "2018-06-30": {
        "Diluted EPS": -0.05,
        "Total Revenue": 854,
        "Gross Profit": 233,
        "Operating Income": -9,
        "EBIT": 204,
        "Net Income": -11
    },
    "2018-03-31": {
        "Diluted EPS": -0.16,
        "Total Revenue": 809,
        "Gross Profit": 238,
        "Operating Income": -22,
        "EBIT": 188,
        "Net Income": -34
    },
    "2017-12-31": {
        "Diluted EPS": 1.05,
        "Total Revenue": 787,
        "Gross Profit": 202,
        "Operating Income": -22,
        "EBIT": 190,
        "Net Income": 195
    },
    "2017-09-30": {
        "Diluted EPS": -0.16,
        "Total Revenue": 685,
        "Gross Profit": 208,
        "Operating Income": -38,
        "EBIT": 159,
        "Net Income": -34
    },
    "2017-06-30": {
        "Diluted EPS": -0.46,
        "Total Revenue": 579,
        "Gross Profit": 152,
        "Operating Income": -140,
        "EBIT": 79,
        "Net Income": -92
    },
    "2017-03-31": {
        "Diluted EPS": -0.4,
        "Total Revenue": 305,
        "Gross Profit": 78,
        "Operating Income": -93,
        "EBIT": 64,
        "Net Income": -64
    },
    "2016-12-31": {
        "Diluted EPS": -0.54,
        "Total Revenue": 247,
        "Gross Profit": 55,
        "Operating Income": -113,
        "EBIT": 44,
        "Net Income": -80
    },
    "2016-09-30": {
        "Diluted EPS": -0.58,
        "Total Revenue": 206,
        "Gross Profit": 53,
        "Operating Income": -123,
        "EBIT": 42,
        "Net Income": -84
    },
    "2016-06-30": {
        "Diluted EPS": -0.58,
        "Total Revenue": 194,
        "Gross Profit": 59,
        "Operating Income": -124,
        "EBIT": 47,
        "Net Income": -85
    },
    "2016-03-31": {
        "Diluted EPS": -0.48,
        "Total Revenue": 269,
        "Gross Profit": 100,
        "Operating Income": -95,
        "EBIT": 82,
        "Net Income": -70
    },
    "2015-12-31": {
        "Diluted EPS": -0.39,
        "Total Revenue": 339,
        "Gross Profit": 112,
        "Operating Income": -77,
        "EBIT": 99,
        "Net Income": -59
    },
    "2015-09-30": {
        "Diluted EPS": -1.54,
        "Total Revenue": 422,
        "Gross Profit": 144,
        "Operating Income": -330,
        "EBIT": 128,
        "Net Income": -226
    },
    "2015-06-30": {
        "Diluted EPS": -0.13,
        "Total Revenue": 473,
        "Gross Profit": 173,
        "Operating Income": -25,
        "EBIT": 158,
        "Net Income": -19
    },
    "2015-03-31": {
        "Diluted EPS": 0.06,
        "Total Revenue": 658,
        "Gross Profit": 229,
        "Operating Income": 24,
        "EBIT": 200,
        "Net Income": 9
    },
    "2014-12-31": {
        "Diluted EPS": 0.39,
        "Total Revenue": 901,
        "Gross Profit": 302,
        "Operating Income": 107,
        "EBIT": 288,
        "Net Income": 57
    },
    "2014-09-30": {
        "Diluted EPS": 0.11,
        "Total Revenue": 846,
        "Gross Profit": 283,
        "Operating Income": 30,
        "EBIT": 268,
        "Net Income": 16
    },
    "2014-06-30": {
        "Diluted EPS": 0.37,
        "Total Revenue": 757,
        "Gross Profit": 257,
        "Operating Income": 87,
        "EBIT": 241,
        "Net Income": 54
    },
    "2014-03-31": {
        "Diluted EPS": 0.24,
        "Total Revenue": 678,
        "Gross Profit": 224,
        "Operating Income": 59,
        "EBIT": 206,
        "Net Income": 34
    },
    "2013-12-31": {
        "Diluted EPS": 0.11,
        "Total Revenue": 659,
        "Gross Profit": 233,
        "Operating Income": 32,
        "EBIT": 215,
        "Net Income": 16
    },
    "2013-09-30": {
        "Diluted EPS": 0.51,
        "Total Revenue": 731,
        "Gross Profit": 283,
        "Operating Income": 125,
        "EBIT": 265,
        "Net Income": 74
    },
    "2013-06-30": {
        "Diluted EPS": 0.28,
        "Total Revenue": 659,
        "Gross Profit": 225,
        "Operating Income": 71,
        "EBIT": 208,
        "Net Income": 40
    },
    "2013-03-31": {
        "Diluted EPS": 0.38,
        "Total Revenue": 667,
        "Gross Profit": 249,
        "Operating Income": 95,
        "EBIT": 231,
        "Net Income": 56
    },
    "2012-12-31": {
        "Diluted EPS": 0.41,
        "Total Revenue": 653,
        "Gross Profit": 248,
        "Operating Income": 100,
        "EBIT": 233,
        "Net Income": 58
    },
    "2012-09-30": {
        "Diluted EPS": 0.33,
        "Total Revenue": 644,
        "Gross Profit": 246,
        "Operating Income": 89,
        "EBIT": 231,
        "Net Income": 50
    },
    "2012-06-30": {
        "Diluted EPS": 0.6,
        "Total Revenue": 681,
        "Gross Profit": 268,
        "Operating Income": 151,
        "EBIT": 279,
        "Net Income": 92
    },
    "2012-03-31": {
        "Diluted EPS": 0.62,
        "Total Revenue": 746,
        "Gross Profit": 294,
        "Operating Income": 158,
        "EBIT": 281,
        "Net Income": 97
    },
    "2011-12-31": {
        "Diluted EPS": 0.55,
        "Total Revenue": 725,
        "Gross Profit": 286,
        "Operating Income": 144,
        "EBIT": 272,
        "Net Income": 88
    },
    "2011-09-30": {
        "Diluted EPS": 0.53,
        "Total Revenue": 674,
        "Gross Profit": 258,
        "Operating Income": 132,
        "EBIT": 243,
        "Net Income": 82
    },
    "2011-06-30": {
        "Diluted EPS": 0.52,
        "Total Revenue": 600,
        "Gross Profit": 250,
        "Operating Income": 132,
        "EBIT": 235,
        "Net Income": 82
    },
    "2011-03-31": {
        "Diluted EPS": 0.46,
        "Total Revenue": 567,
        "Gross Profit": 228,
        "Operating Income": 118,
        "EBIT": 214,
        "Net Income": 71
    },
    "2010-12-31": {
        "Diluted EPS": 0.35,
        "Total Revenue": 506,
        "Gross Profit": 205,
        "Operating Income": 95,
        "EBIT": 188,
        "Net Income": 54
    },
    "2010-09-30": {
        "Diluted EPS": 0.19,
        "Total Revenue": 379,
        "Gross Profit": 151,
        "Operating Income": 53,
        "EBIT": 138,
        "Net Income": 29
    },
    "2010-06-30": {
        "Diluted EPS": 0.19,
        "Total Revenue": 307,
        "Gross Profit": 114,
        "Operating Income": 46,
        "EBIT": 125,
        "Net Income": 30
    },
    "2010-03-31": {
        "Diluted EPS": 0.03,
        "Total Revenue": 272,
        "Gross Profit": 95,
        "Operating Income": 8,
        "EBIT": 84,
        "Net Income": 4
    },
    "2009-12-31": {
        "Diluted EPS": -0.12,
        "Total Revenue": 214,
        "Gross Profit": 72,
        "Operating Income": -23,
        "EBIT": 59,
        "Net Income": -18
    },
    "2009-09-30": {
        "Diluted EPS": -0.12,
        "Total Revenue": 160,
        "Gross Profit": 56,
        "Operating Income": -25,
        "EBIT": 45,
        "Net Income": -19
    },
    "2009-06-30": {
        "Diluted EPS": -0.12,
        "Total Revenue": 140,
        "Gross Profit": 56,
        "Operating Income": -26,
        "EBIT": 42,
        "Net Income": -18
    },
    "2009-03-31": {
        "Diluted EPS": 0.11,
        "Total Revenue": 268,
        "Gross Profit": 109,
        "Operating Income": 25,
        "EBIT": 95,
        "Net Income": 16
    },
    "2023-09-30": {
        "Tax Effect Of Unusual Items": NaN,
        "Tax Rate For Calcs": NaN,
        "Normalized EBITDA": NaN,
        "Net Income From Continuing Operation Net Minority Interest": NaN,
        "Reconciled Depreciation": NaN,
        "Reconciled Cost Of Revenue": NaN,
        "EBITDA": NaN,
        "EBIT": NaN,
        "Net Interest Income": NaN,
        "Interest Expense": NaN,
        "Interest Income": NaN,
        "Normalized Income": NaN,
        "Net Income From Continuing And Discontinued Operation": NaN,
        "Total Expenses": NaN,
        "Rent Expense Supplemental": NaN,
        "Total Operating Income As Reported": NaN,
        "Diluted Average Shares": NaN,
        "Basic Average Shares": NaN,
        "Diluted EPS": NaN,
        "Basic EPS": NaN,
        "Diluted NI Availto Com Stockholders": NaN,
        "Net Income Common Stockholders": NaN,
        "Otherunder Preferred Stock Dividend": NaN,
        "Preferred Stock Dividends": 1278000.0,
        "Net Income": NaN,
        "Net Income Including Noncontrolling Interests": NaN,
        "Net Income Continuous Operations": NaN,
        "Tax Provision": NaN,
        "Pretax Income": NaN,
        "Other Income Expense": NaN,
        "Other Non Operating Income Expenses": NaN,
        "Net Non Operating Interest Income Expense": NaN,
        "Interest Expense Non Operating": NaN,
        "Interest Income Non Operating": NaN,
        "Operating Income": NaN,
        "Operating Expense": NaN,
        "Selling General And Administration": NaN,
        "Selling And Marketing Expense": NaN,
        "General And Administrative Expense": NaN,
        "Other Gand A": NaN,
        "Salaries And Wages": NaN,
        "Gross Profit": NaN,
        "Cost Of Revenue": NaN,
        "Total Revenue": NaN,
        "Operating Revenue": NaN
    },
    "2023-12-31": {
        "Tax Effect Of Unusual Items": NaN,
        "Tax Rate For Calcs": NaN,
        "Normalized EBITDA": NaN,
        "Net Income From Continuing Operation Net Minority Interest": NaN,
        "Reconciled Depreciation": NaN,
        "Reconciled Cost Of Revenue": NaN,
        "EBITDA": NaN,
        "EBIT": NaN,
        "Net Interest Income": NaN,
        "Interest Expense": NaN,
        "Interest Income": NaN,
        "Normalized Income": NaN,
        "Net Income From Continuing And Discontinued Operation": NaN,
        "Total Expenses": NaN,
        "Rent Expense Supplemental": NaN,
        "Total Operating Income As Reported": NaN,
        "Diluted Average Shares": NaN,
        "Basic Average Shares": NaN,
        "Diluted EPS": NaN,
        "Basic EPS": NaN,
        "Diluted NI Availto Com Stockholders": NaN,
        "Net Income Common Stockholders": NaN,
        "Otherunder Preferred Stock Dividend": NaN,
        "Preferred Stock Dividends": 1097000.0,
        "Net Income": NaN,
        "Net Income Including Noncontrolling Interests": NaN,
        "Net Income Continuous Operations": NaN,
        "Tax Provision": NaN,
        "Pretax Income": NaN,
        "Other Income Expense": NaN,
        "Other Non Operating Income Expenses": NaN,
        "Net Non Operating Interest Income Expense": NaN,
        "Interest Expense Non Operating": NaN,
        "Interest Income Non Operating": NaN,
        "Operating Income": NaN,
        "Operating Expense": NaN,
        "Selling General And Administration": NaN,
        "Selling And Marketing Expense": NaN,
        "General And Administrative Expense": NaN,
        "Other Gand A": NaN,
        "Salaries And Wages": NaN,
        "Gross Profit": NaN,
        "Cost Of Revenue": NaN,
        "Total Revenue": NaN,
        "Operating Revenue": NaN
    },
    "2024-03-31": {
        "Tax Effect Of Unusual Items": 0.0,
        "Tax Rate For Calcs": 0.262175,
        "Normalized EBITDA": 25361000.0,
        "Net Income From Continuing Operation Net Minority Interest": 7787000.0,
        "Reconciled Depreciation": 12623000.0,
        "Reconciled Cost Of Revenue": 97488000.0,
        "EBITDA": 25361000.0,
        "EBIT": 12738000.0,
        "Net Interest Income": -757000.0,
        "Interest Expense": 2184000.0,
        "Interest Income": 1427000.0,
        "Normalized Income": 7787000.0,
        "Net Income From Continuing And Discontinued Operation": 7787000.0,
        "Total Expenses": 172984000.0,
        "Rent Expense Supplemental": 13010000.0,
        "Total Operating Income As Reported": 11192000.0,
        "Diluted Average Shares": 54770000.0,
        "Basic Average Shares": 53757000.0,
        "Diluted EPS": 0.14,
        "Basic EPS": 0.14,
        "Diluted NI Availto Com Stockholders": 7787000.0,
        "Net Income Common Stockholders": 7787000.0,
        "Otherunder Preferred Stock Dividend": 0.0,
        "Preferred Stock Dividends": NaN,
        "Net Income": 7787000.0,
        "Net Income Including Noncontrolling Interests": 7787000.0,
        "Net Income Continuous Operations": 7787000.0,
        "Tax Provision": 2767000.0,
        "Pretax Income": 10554000.0,
        "Other Income Expense": 119000.0,
        "Other Non Operating Income Expenses": 119000.0,
        "Net Non Operating Interest Income Expense": -757000.0,
        "Interest Expense Non Operating": 2184000.0,
        "Interest Income Non Operating": 1427000.0,
        "Operating Income": 11192000.0,
        "Operating Expense": 75496000.0,
        "Selling General And Administration": 75496000.0,
        "Selling And Marketing Expense": 21151000.0,
        "General And Administrative Expense": 54345000.0,
        "Other Gand A": 16654000.0,
        "Salaries And Wages": 37691000.0,
        "Gross Profit": 86688000.0,
        "Cost Of Revenue": 97488000.0,
        "Total Revenue": 184176000.0,
        "Operating Revenue": 184176000.0
    },
    "2024-06-30": {
        "Tax Effect Of Unusual Items": NaN,
        "Tax Rate For Calcs": NaN,
        "Normalized EBITDA": NaN,
        "Net Income From Continuing Operation Net Minority Interest": NaN,
        "Reconciled Depreciation": 12892000.0,
        "Reconciled Cost Of Revenue": NaN,
        "EBITDA": NaN,
        "EBIT": NaN,
        "Net Interest Income": NaN,
        "Interest Expense": NaN,
        "Interest Income": NaN,
        "Normalized Income": NaN,
        "Net Income From Continuing And Discontinued Operation": NaN,
        "Total Expenses": NaN,
        "Rent Expense Supplemental": NaN,
        "Total Operating Income As Reported": NaN,
        "Diluted Average Shares": NaN,
        "Basic Average Shares": NaN,
        "Diluted EPS": NaN,
        "Basic EPS": NaN,
        "Diluted NI Availto Com Stockholders": NaN,
        "Net Income Common Stockholders": NaN,
        "Otherunder Preferred Stock Dividend": NaN,
        "Preferred Stock Dividends": NaN,
        "Net Income": NaN,
        "Net Income Including Noncontrolling Interests": NaN,
        "Net Income Continuous Operations": NaN,
        "Tax Provision": NaN,
        "Pretax Income": NaN,
        "Other Income Expense": NaN,
        "Other Non Operating Income Expenses": NaN,
        "Net Non Operating Interest Income Expense": NaN,
        "Interest Expense Non Operating": NaN,
        "Interest Income Non Operating": NaN,
        "Operating Income": NaN,
        "Operating Expense": NaN,
        "Selling General And Administration": NaN,
        "Selling And Marketing Expense": NaN,
        "General And Administrative Expense": NaN,
        "Other Gand A": NaN,
        "Salaries And Wages": NaN,
        "Gross Profit": NaN,
        "Cost Of Revenue": NaN,
        "Total Revenue": NaN,
        "Operating Revenue": NaN
    },
    "2024-09-30": {
        "Tax Effect Of Unusual Items": 0.0,
        "Tax Rate For Calcs": 0.257391,
        "Normalized EBITDA": 40792000.0,
        "Net Income From Continuing Operation Net Minority Interest": 18840000.0,
        "Reconciled Depreciation": 13155000.0,
        "Reconciled Cost Of Revenue": 99355000.0,
        "EBITDA": 40792000.0,
        "EBIT": 27637000.0,
        "Net Interest Income": -795000.0,
        "Interest Expense": 2267000.0,
        "Interest Income": 1472000.0,
        "Normalized Income": 18840000.0,
        "Net Income From Continuing And Discontinued Operation": 18840000.0,
        "Total Expenses": 170336000.0,
        "Rent Expense Supplemental": 13233000.0,
        "Total Operating Income As Reported": 26022000.0,
        "Diluted Average Shares": 55404000.0,
        "Basic Average Shares": 53813000.0,
        "Diluted EPS": 0.34,
        "Basic EPS": 0.35,
        "Diluted NI Availto Com Stockholders": 18840000.0,
        "Net Income Common Stockholders": 18840000.0,
        "Otherunder Preferred Stock Dividend": 0.0,
        "Preferred Stock Dividends": 0.0,
        "Net Income": 18840000.0,
        "Net Income Including Noncontrolling Interests": 18840000.0,
        "Net Income Continuous Operations": 18840000.0,
        "Tax Provision": 6530000.0,
        "Pretax Income": 25370000.0,
        "Other Income Expense": 143000.0,
        "Other Non Operating Income Expenses": 143000.0,
        "Net Non Operating Interest Income Expense": -795000.0,
        "Interest Expense Non Operating": 2267000.0,
        "Interest Income Non Operating": 1472000.0,
        "Operating Income": 26022000.0,
        "Operating Expense": 70981000.0,
        "Selling General And Administration": 70981000.0,
        "Selling And Marketing Expense": 18243000.0,
        "General And Administrative Expense": 52738000.0,
        "Other Gand A": 16496000.0,
        "Salaries And Wages": 36242000.0,
        "Gross Profit": 97003000.0,
        "Cost Of Revenue": 99355000.0,
        "Total Revenue": 196358000.0,
        "Operating Revenue": 196358000.0
    },
    "2024-12-31": {
        "Tax Effect Of Unusual Items": 0.0,
        "Tax Rate For Calcs": 0.195,
        "Normalized EBITDA": 42794000.0,
        "Net Income From Continuing Operation Net Minority Interest": 22153000.0,
        "Reconciled Depreciation": 13592000.0,
        "Reconciled Cost Of Revenue": 100141000.0,
        "EBITDA": 42794000.0,
        "EBIT": 29202000.0,
        "Net Interest Income": 86000.0,
        "Interest Expense": 1673000.0,
        "Interest Income": 1759000.0,
        "Normalized Income": 22153000.0,
        "Net Income From Continuing And Discontinued Operation": 22153000.0,
        "Total Expenses": 173951000.0,
        "Rent Expense Supplemental": 13017000.0,
        "Total Operating Income As Reported": 27478000.0,
        "Diluted Average Shares": 55406000.0,
        "Basic Average Shares": 53987000.0,
        "Diluted EPS": 0.4,
        "Basic EPS": 0.41,
        "Diluted NI Availto Com Stockholders": 22153000.0,
        "Net Income Common Stockholders": 22153000.0,
        "Otherunder Preferred Stock Dividend": 0.0,
        "Preferred Stock Dividends": NaN,
        "Net Income": 22153000.0,
        "Net Income Including Noncontrolling Interests": 22153000.0,
        "Net Income Continuous Operations": 22153000.0,
        "Tax Provision": 5376000.0,
        "Pretax Income": 27529000.0,
        "Other Income Expense": -35000.0,
        "Other Non Operating Income Expenses": -35000.0,
        "Net Non Operating Interest Income Expense": 86000.0,
        "Interest Expense Non Operating": 1673000.0,
        "Interest Income Non Operating": 1759000.0,
        "Operating Income": 27478000.0,
        "Operating Expense": 73810000.0,
        "Selling General And Administration": 73810000.0,
        "Selling And Marketing Expense": 21228000.0,
        "General And Administrative Expense": 52582000.0,
        "Other Gand A": 15844000.0,
        "Salaries And Wages": 36738000.0,
        "Gross Profit": 101288000.0,
        "Cost Of Revenue": 100141000.0,
        "Total Revenue": 201429000.0,
        "Operating Revenue": 201429000.0
    },
    "2025-03-31": {
        "Tax Effect Of Unusual Items": 0.0,
        "Tax Rate For Calcs": 0.32,
        "Normalized EBITDA": 32352000.0,
        "Net Income From Continuing Operation Net Minority Interest": 11446000.0,
        "Reconciled Depreciation": 13861000.0,
        "Reconciled Cost Of Revenue": 102488000.0,
        "EBITDA": 32352000.0,
        "EBIT": 18491000.0,
        "Net Interest Income": -28000.0,
        "Interest Expense": 1657000.0,
        "Interest Income": 1629000.0,
        "Normalized Income": 11446000.0,
        "Net Income From Continuing And Discontinued Operation": 11446000.0,
        "Total Expenses": 190594000.0,
        "Rent Expense Supplemental": 13208000.0,
        "Total Operating Income As Reported": 16853000.0,
        "Diluted Average Shares": 55442000.0,
        "Basic Average Shares": 54383000.0,
        "Diluted EPS": 0.21,
        "Basic EPS": 0.21,
        "Diluted NI Availto Com Stockholders": 11446000.0,
        "Net Income Common Stockholders": 11446000.0,
        "Otherunder Preferred Stock Dividend": 0.0,
        "Preferred Stock Dividends": NaN,
        "Net Income": 11446000.0,
        "Net Income Including Noncontrolling Interests": 11446000.0,
        "Net Income Continuous Operations": 11446000.0,
        "Tax Provision": 5388000.0,
        "Pretax Income": 16834000.0,
        "Other Income Expense": 9000.0,
        "Other Non Operating Income Expenses": 9000.0,
        "Net Non Operating Interest Income Expense": -28000.0,
        "Interest Expense Non Operating": 1657000.0,
        "Interest Income Non Operating": 1629000.0,
        "Operating Income": 16853000.0,
        "Operating Expense": 88106000.0,
        "Selling General And Administration": 88106000.0,
        "Selling And Marketing Expense": 23955000.0,
        "General And Administrative Expense": 64151000.0,
        "Other Gand A": 21646000.0,
        "Salaries And Wages": 42505000.0,
        "Gross Profit": 104959000.0,
        "Cost Of Revenue": 102488000.0,
        "Total Revenue": 207447000.0,
        "Operating Revenue": 207447000.0
    },
    "2025-06-30": {
        "Tax Effect Of Unusual Items": 0.0,
        "Tax Rate For Calcs": 0.257,
        "Normalized EBITDA": 30237000.0,
        "Net Income From Continuing Operation Net Minority Interest": 10663000.0,
        "Reconciled Depreciation": 14491000.0,
        "Reconciled Cost Of Revenue": 105604000.0,
        "EBITDA": 30237000.0,
        "EBIT": 15746000.0,
        "Net Interest Income": 51000.0,
        "Interest Expense": 1394000.0,
        "Interest Income": 1445000.0,
        "Normalized Income": 10663000.0,
        "Net Income From Continuing And Discontinued Operation": 10663000.0,
        "Total Expenses": 190146000.0,
        "Rent Expense Supplemental": 14399000.0,
        "Total Operating Income As Reported": 14152000.0,
        "Diluted Average Shares": 55635000.0,
        "Basic Average Shares": 54412000.0,
        "Diluted EPS": 0.19,
        "Basic EPS": 0.2,
        "Diluted NI Availto Com Stockholders": 10663000.0,
        "Net Income Common Stockholders": 10663000.0,
        "Otherunder Preferred Stock Dividend": 0.0,
        "Preferred Stock Dividends": NaN,
        "Net Income": 10663000.0,
        "Net Income Including Noncontrolling Interests": 10663000.0,
        "Net Income Continuous Operations": 10663000.0,
        "Tax Provision": 3689000.0,
        "Pretax Income": 14352000.0,
        "Other Income Expense": 149000.0,
        "Other Non Operating Income Expenses": 149000.0,
        "Net Non Operating Interest Income Expense": 51000.0,
        "Interest Expense Non Operating": 1394000.0,
        "Interest Income Non Operating": 1445000.0,
        "Operating Income": 14152000.0,
        "Operating Expense": 84542000.0,
        "Selling General And Administration": 84542000.0,
        "Selling And Marketing Expense": 22695000.0,
        "General And Administrative Expense": 61847000.0,
        "Other Gand A": 21410000.0,
        "Salaries And Wages": 40437000.0,
        "Gross Profit": 98694000.0,
        "Cost Of Revenue": 105604000.0,
        "Total Revenue": 204298000.0,
        "Operating Revenue": 204298000.0
    },
    "2025-09-30": {
        "Tax Effect Of Unusual Items": 0.0,
        "Tax Rate For Calcs": 0.266168,
        "Normalized EBITDA": 41309000.0,
        "Net Income From Continuing Operation Net Minority Interest": 18756000.0,
        "Reconciled Depreciation": NaN,
        "Reconciled Cost Of Revenue": 112258000.0,
        "EBITDA": 41309000.0,
        "EBIT": 26468000.0,
        "Net Interest Income": 431000.0,
        "Interest Expense": 909000.0,
        "Interest Income": 1340000.0,
        "Normalized Income": 18756000.0,
        "Net Income From Continuing And Discontinued Operation": 18756000.0,
        "Total Expenses": 197456000.0,
        "Rent Expense Supplemental": 15325000.0,
        "Total Operating Income As Reported": 24986000.0,
        "Diluted Average Shares": 55728000.0,
        "Basic Average Shares": 54425000.0,
        "Diluted EPS": 0.34,
        "Basic EPS": 0.34,
        "Diluted NI Availto Com Stockholders": 18756000.0,
        "Net Income Common Stockholders": 18756000.0,
        "Otherunder Preferred Stock Dividend": 0.0,
        "Preferred Stock Dividends": NaN,
        "Net Income": 18756000.0,
        "Net Income Including Noncontrolling Interests": 18756000.0,
        "Net Income Continuous Operations": 18756000.0,
        "Tax Provision": 6803000.0,
        "Pretax Income": 25559000.0,
        "Other Income Expense": 142000.0,
        "Other Non Operating Income Expenses": 142000.0,
        "Net Non Operating Interest Income Expense": 431000.0,
        "Interest Expense Non Operating": 909000.0,
        "Interest Income Non Operating": 1340000.0,
        "Operating Income": 24986000.0,
        "Operating Expense": 85198000.0,
        "Selling General And Administration": 85198000.0,
        "Selling And Marketing Expense": 20712000.0,
        "General And Administrative Expense": 64486000.0,
        "Other Gand A": 22284000.0,
        "Salaries And Wages": 42202000.0,
        "Gross Profit": 110184000.0,
        "Cost Of Revenue": 112258000.0,
        "Total Revenue": 222442000.0,
        "Operating Revenue": 222442000.0
    }
}