{
    "2023-03-31": {
        "Tax Effect Of Unusual Items": NaN,
        "Tax Rate For Calcs": NaN,
        "Normalized EBITDA": NaN,
        "Net Income From Continuing Operation Net Minority Interest": NaN,
        "Reconciled Depreciation": NaN,
        "Reconciled Cost Of Revenue": NaN,
        "EBITDA": NaN,
        "EBIT": NaN,
        "Net Interest Income": NaN,
        "Interest Expense": NaN,
        "Interest Income": NaN,
        "Normalized Income": NaN,
        "Net Income From Continuing And Discontinued Operation": NaN,
        "Total Expenses": NaN,
        "Total Operating Income As Reported": NaN,
        "Diluted Average Shares": 16000000.0,
        "Basic Average Shares": 16000000.0,
        "Diluted EPS": 1.51,
        "Basic EPS": 1.51,
        "Diluted NI Availto Com Stockholders": NaN,
        "Net Income Common Stockholders": NaN,
        "Net Income": NaN,
        "Net Income Including Noncontrolling Interests": NaN,
        "Net Income Continuous Operations": NaN,
        "Tax Provision": NaN,
        "Pretax Income": NaN,
        "Other Income Expense": NaN,
        "Other Non Operating Income Expenses": NaN,
        "Net Non Operating Interest Income Expense": NaN,
        "Interest Expense Non Operating": NaN,
        "Interest Income Non Operating": NaN,
        "Operating Income": NaN,
        "Operating Expense": NaN,
        "Other Taxes": NaN,
        "Depreciation Amortization Depletion Income Statement": NaN,
        "Depreciation And Amortization In Income Statement": NaN,
        "Gross Profit": NaN,
        "Cost Of Revenue": NaN,
        "Total Revenue": NaN,
        "Operating Revenue": NaN
    },
    "2022-12-31": {
        "Tax Effect Of Unusual Items": NaN,
        "Tax Rate For Calcs": NaN,
        "Normalized EBITDA": NaN,
        "Net Income From Continuing Operation Net Minority Interest": NaN,
        "Reconciled Depreciation": NaN,
        "Reconciled Cost Of Revenue": NaN,
        "EBITDA": NaN,
        "EBIT": NaN,
        "Net Interest Income": NaN,
        "Interest Expense": NaN,
        "Interest Income": NaN,
        "Normalized Income": NaN,
        "Net Income From Continuing And Discontinued Operation": NaN,
        "Total Expenses": NaN,
        "Total Operating Income As Reported": NaN,
        "Diluted Average Shares": NaN,
        "Basic Average Shares": NaN,
        "Diluted EPS": NaN,
        "Basic EPS": NaN,
        "Diluted NI Availto Com Stockholders": NaN,
        "Net Income Common Stockholders": NaN,
        "Net Income": NaN,
        "Net Income Including Noncontrolling Interests": NaN,
        "Net Income Continuous Operations": NaN,
        "Tax Provision": NaN,
        "Pretax Income": NaN,
        "Other Income Expense": -500000.0,
        "Other Non Operating Income Expenses": -500000.0,
        "Net Non Operating Interest Income Expense": NaN,
        "Interest Expense Non Operating": NaN,
        "Interest Income Non Operating": NaN,
        "Operating Income": NaN,
        "Operating Expense": NaN,
        "Other Taxes": NaN,
        "Depreciation Amortization Depletion Income Statement": NaN,
        "Depreciation And Amortization In Income Statement": NaN,
        "Gross Profit": NaN,
        "Cost Of Revenue": NaN,
        "Total Revenue": NaN,
        "Operating Revenue": NaN
    },
    "2022-09-30": {
        "Tax Effect Of Unusual Items": NaN,
        "Tax Rate For Calcs": NaN,
        "Normalized EBITDA": NaN,
        "Net Income From Continuing Operation Net Minority Interest": NaN,
        "Reconciled Depreciation": NaN,
        "Reconciled Cost Of Revenue": NaN,
        "EBITDA": NaN,
        "EBIT": NaN,
        "Net Interest Income": NaN,
        "Interest Expense": NaN,
        "Interest Income": NaN,
        "Normalized Income": NaN,
        "Net Income From Continuing And Discontinued Operation": NaN,
        "Total Expenses": NaN,
        "Total Operating Income As Reported": NaN,
        "Diluted Average Shares": 16000000.0,
        "Basic Average Shares": 16000000.0,
        "Diluted EPS": 0.03,
        "Basic EPS": 0.03,
        "Diluted NI Availto Com Stockholders": NaN,
        "Net Income Common Stockholders": NaN,
        "Net Income": NaN,
        "Net Income Including Noncontrolling Interests": NaN,
        "Net Income Continuous Operations": NaN,
        "Tax Provision": NaN,
        "Pretax Income": NaN,
        "Other Income Expense": -600000.0,
        "Other Non Operating Income Expenses": -600000.0,
        "Net Non Operating Interest Income Expense": NaN,
        "Interest Expense Non Operating": NaN,
        "Interest Income Non Operating": NaN,
        "Operating Income": NaN,
        "Operating Expense": NaN,
        "Other Taxes": NaN,
        "Depreciation Amortization Depletion Income Statement": NaN,
        "Depreciation And Amortization In Income Statement": NaN,
        "Gross Profit": NaN,
        "Cost Of Revenue": NaN,
        "Total Revenue": NaN,
        "Operating Revenue": NaN
    },
    "2022-06-30": {
        "Tax Effect Of Unusual Items": 0.0,
        "Tax Rate For Calcs": 0.02,
        "Normalized EBITDA": 26500000.0,
        "Net Income From Continuing Operation Net Minority Interest": 4900000.0,
        "Reconciled Depreciation": 14800000.0,
        "Reconciled Cost Of Revenue": 65500000.0,
        "EBITDA": 26500000.0,
        "EBIT": 11700000.0,
        "Net Interest Income": -6300000.0,
        "Interest Expense": 6700000.0,
        "Interest Income": 400000.0,
        "Normalized Income": 4900000.0,
        "Net Income From Continuing And Discontinued Operation": 4900000.0,
        "Total Expenses": 87000000.0,
        "Total Operating Income As Reported": 11900000.0,
        "Diluted Average Shares": 16000000.0,
        "Basic Average Shares": 16000000.0,
        "Diluted EPS": 0.3,
        "Basic EPS": 0.3,
        "Diluted NI Availto Com Stockholders": 4900000.0,
        "Net Income Common Stockholders": 4900000.0,
        "Net Income": 4900000.0,
        "Net Income Including Noncontrolling Interests": 4900000.0,
        "Net Income Continuous Operations": 4900000.0,
        "Tax Provision": 100000.0,
        "Pretax Income": 5000000.0,
        "Other Income Expense": -600000.0,
        "Other Non Operating Income Expenses": -600000.0,
        "Net Non Operating Interest Income Expense": -6300000.0,
        "Interest Expense Non Operating": 6700000.0,
        "Interest Income Non Operating": 400000.0,
        "Operating Income": 11900000.0,
        "Operating Expense": 21500000.0,
        "Other Taxes": 6700000.0,
        "Depreciation Amortization Depletion Income Statement": 14800000.0,
        "Depreciation And Amortization In Income Statement": 14800000.0,
        "Gross Profit": 33400000.0,
        "Cost Of Revenue": 65500000.0,
        "Total Revenue": 98900000.0,
        "Operating Revenue": 98900000.0
    },
    "2023-06-30": {
        "Tax Effect Of Unusual Items": NaN,
        "Tax Rate For Calcs": NaN,
        "Normalized EBITDA": NaN,
        "Net Income From Continuing Operation Net Minority Interest": NaN,
        "Reconciled Depreciation": NaN,
        "Reconciled Cost Of Revenue": NaN,
        "EBITDA": NaN,
        "EBIT": NaN,
        "Net Interest Income": NaN,
        "Interest Expense": NaN,
        "Interest Income": NaN,
        "Normalized Income": NaN,
        "Net Income From Continuing And Discontinued Operation": NaN,
        "Total Expenses": NaN,
        "Total Operating Income As Reported": NaN,
        "Diluted Average Shares": 16000000.0,
        "Basic Average Shares": 16000000.0,
        "Diluted EPS": 0.25,
        "Basic EPS": 0.25,
        "Diluted NI Availto Com Stockholders": NaN,
        "Net Income Common Stockholders": NaN,
        "Net Income": NaN,
        "Net Income Including Noncontrolling Interests": NaN,
        "Net Income Continuous Operations": NaN,
        "Tax Provision": NaN,
        "Pretax Income": NaN,
        "Other Income Expense": 100000.0,
        "Other Non Operating Income Expenses": 100000.0,
        "Net Non Operating Interest Income Expense": NaN,
        "Interest Expense Non Operating": NaN,
        "Interest Income Non Operating": NaN,
        "Operating Income": NaN,
        "Operating Expense": NaN,
        "Other Taxes": NaN,
        "Depreciation Amortization Depletion Income Statement": NaN,
        "Depreciation And Amortization In Income Statement": NaN,
        "Gross Profit": NaN,
        "Cost Of Revenue": NaN,
        "Total Revenue": NaN,
        "Operating Revenue": NaN
    },
    "2022-03-31": {
        "Diluted EPS": 1.35,
        "Total Revenue": 193,
        "Gross Profit": 77,
        "Operating Income": 36,
        "EBIT": 51,
        "Net Income": 22
    },
    "2021-12-31": {
        "Diluted EPS": 0.91,
        "Total Revenue": 140,
        "Gross Profit": 65,
        "Operating Income": 26,
        "EBIT": 41,
        "Net Income": 15
    },
    "2021-09-30": {
        "Diluted EPS": 0.0,
        "Total Revenue": 98,
        "Gross Profit": 45,
        "Operating Income": 7,
        "EBIT": 22,
        "Net Income": NaN
    },
    "2021-06-30": {
        "Diluted EPS": 0.18,
        "Total Revenue": 97,
        "Gross Profit": 49,
        "Operating Income": 11,
        "EBIT": 26,
        "Net Income": 3
    },
    "2021-03-31": {
        "Diluted EPS": 1.26,
        "Total Revenue": 139,
        "Gross Profit": 72,
        "Operating Income": 33,
        "EBIT": 48,
        "Net Income": 19
    },
    "2020-12-31": {
        "Diluted EPS": 0.9,
        "Total Revenue": 117,
        "Gross Profit": 62,
        "Operating Income": 25,
        "EBIT": 39,
        "Net Income": 14
    },
    "2020-09-30": {
        "Diluted EPS": 0.02,
        "Total Revenue": 87,
        "Gross Profit": 43,
        "Operating Income": 7,
        "EBIT": 21,
        "Net Income": 0
    },
    "2020-06-30": {
        "Diluted EPS": 0.21,
        "Total Revenue": 84,
        "Gross Profit": 45,
        "Operating Income": 11,
        "EBIT": 25,
        "Net Income": 3
    },
    "2020-03-31": {
        "Diluted EPS": 1.02,
        "Total Revenue": 130,
        "Gross Profit": 66,
        "Operating Income": 28,
        "EBIT": 41,
        "Net Income": 15
    },
    "2019-12-31": {
        "Diluted EPS": 0.77,
        "Total Revenue": 116,
        "Gross Profit": 58,
        "Operating Income": 22,
        "EBIT": 35,
        "Net Income": 11
    },
    "2019-09-30": {
        "Diluted EPS": 0.15,
        "Total Revenue": 85,
        "Gross Profit": 44,
        "Operating Income": 10,
        "EBIT": 23,
        "Net Income": 2
    },
    "2019-06-30": {
        "Diluted EPS": 0.27,
        "Total Revenue": 84,
        "Gross Profit": 46,
        "Operating Income": 12,
        "EBIT": 25,
        "Net Income": 4
    },
    "2019-03-31": {
        "Diluted EPS": 1.78,
        "Total Revenue": 152,
        "Gross Profit": 68,
        "Operating Income": 29,
        "EBIT": 43,
        "Net Income": 27
    },
    "2018-12-31": {
        "Diluted EPS": 0.74,
        "Total Revenue": 126,
        "Gross Profit": 59,
        "Operating Income": 22,
        "EBIT": 35,
        "Net Income": 11
    },
    "2018-09-30": {
        "Diluted EPS": 0.19,
        "Total Revenue": 88,
        "Gross Profit": 45,
        "Operating Income": 10,
        "EBIT": 23,
        "Net Income": 3
    },
    "2018-06-30": {
        "Diluted EPS": 0.24,
        "Total Revenue": 85,
        "Gross Profit": 46,
        "Operating Income": 11,
        "EBIT": 23,
        "Net Income": 4
    },
    "2018-03-31": {
        "Diluted EPS": 1.06,
        "Total Revenue": 146,
        "Gross Profit": 64,
        "Operating Income": 28,
        "EBIT": 40,
        "Net Income": 16
    },
    "2017-12-31": {
        "Diluted EPS": 0.79,
        "Total Revenue": 115,
        "Gross Profit": 58,
        "Operating Income": 26,
        "EBIT": 37,
        "Net Income": 11
    },
    "2017-09-30": {
        "Diluted EPS": 0.16,
        "Total Revenue": 84,
        "Gross Profit": 43,
        "Operating Income": 10,
        "EBIT": 21,
        "Net Income": 2
    },
    "2017-06-30": {
        "Diluted EPS": 0.23,
        "Total Revenue": 81,
        "Gross Profit": 45,
        "Operating Income": 12,
        "EBIT": 24,
        "Net Income": 3
    },
    "2017-03-31": {
        "Diluted EPS": 0.88,
        "Total Revenue": 126,
        "Gross Profit": 62,
        "Operating Income": 28,
        "EBIT": 40,
        "Net Income": 12
    },
    "2016-12-31": {
        "Diluted EPS": 0.73,
        "Total Revenue": 104,
        "Gross Profit": 55,
        "Operating Income": 26,
        "EBIT": 38,
        "Net Income": 10
    },
    "2016-09-30": {
        "Diluted EPS": 0.25,
        "Total Revenue": 79,
        "Gross Profit": 43,
        "Operating Income": 11,
        "EBIT": 23,
        "Net Income": 4
    },
    "2016-06-30": {
        "Diluted EPS": 0.18,
        "Total Revenue": 75,
        "Gross Profit": 42,
        "Operating Income": 10,
        "EBIT": 21,
        "Net Income": 3
    },
    "2016-03-31": {
        "Diluted EPS": 0.78,
        "Total Revenue": 126,
        "Gross Profit": 58,
        "Operating Income": 23,
        "EBIT": 35,
        "Net Income": 11
    },
    "2015-12-31": {
        "Diluted EPS": 0.67,
        "Total Revenue": 102,
        "Gross Profit": 52,
        "Operating Income": 19,
        "EBIT": 30,
        "Net Income": 9
    },
    "2015-09-30": {
        "Diluted EPS": 0.12,
        "Total Revenue": 75,
        "Gross Profit": 40,
        "Operating Income": 7,
        "EBIT": 19,
        "Net Income": 2
    },
    "2015-06-30": {
        "Diluted EPS": 0.12,
        "Total Revenue": 78,
        "Gross Profit": 40,
        "Operating Income": 9,
        "EBIT": 20,
        "Net Income": 2
    },
    "2015-03-31": {
        "Diluted EPS": 0.98,
        "Total Revenue": 172,
        "Gross Profit": 62,
        "Operating Income": 28,
        "EBIT": 40,
        "Net Income": 14
    },
    "2014-12-31": {
        "Diluted EPS": 0.69,
        "Total Revenue": 120,
        "Gross Profit": 51,
        "Operating Income": 20,
        "EBIT": 31,
        "Net Income": 9
    },
    "2014-09-30": {
        "Diluted EPS": 0.11,
        "Total Revenue": 77,
        "Gross Profit": 39,
        "Operating Income": 7,
        "EBIT": 18,
        "Net Income": 2
    },
    "2014-06-30": {
        "Diluted EPS": 0.08,
        "Total Revenue": 73,
        "Gross Profit": 37,
        "Operating Income": 7,
        "EBIT": 17,
        "Net Income": 1
    },
    "2014-03-31": {
        "Diluted EPS": 0.91,
        "Total Revenue": 156,
        "Gross Profit": 57,
        "Operating Income": 25,
        "EBIT": 36,
        "Net Income": 13
    },
    "2013-12-31": {
        "Diluted EPS": 0.75,
        "Total Revenue": 110,
        "Gross Profit": 49,
        "Operating Income": 22,
        "EBIT": 31,
        "Net Income": 10
    },
    "2013-09-30": {
        "Diluted EPS": 0.04,
        "Total Revenue": 73,
        "Gross Profit": 35,
        "Operating Income": 6,
        "EBIT": 15,
        "Net Income": 1
    },
    "2013-06-30": {
        "Diluted EPS": -0.01,
        "Total Revenue": 66,
        "Gross Profit": 33,
        "Operating Income": 5,
        "EBIT": 14,
        "Net Income": 0
    },
    "2013-03-31": {
        "Diluted EPS": 0.79,
        "Total Revenue": 118,
        "Gross Profit": 50,
        "Operating Income": 22,
        "EBIT": 31,
        "Net Income": 11
    },
    "2012-12-31": {
        "Diluted EPS": 0.6,
        "Total Revenue": 99,
        "Gross Profit": 39,
        "Operating Income": 24,
        "EBIT": 34,
        "Net Income": 9
    },
    "2012-09-30": {
        "Diluted EPS": 0.03,
        "Total Revenue": 71,
        "Gross Profit": 34,
        "Operating Income": 5,
        "EBIT": 14,
        "Net Income": 1
    },
    "2012-06-30": {
        "Diluted EPS": -0.03,
        "Total Revenue": 69,
        "Gross Profit": 34,
        "Operating Income": 4,
        "EBIT": 13,
        "Net Income": 0
    },
    "2012-03-31": {
        "Diluted EPS": 0.83,
        "Total Revenue": 114,
        "Gross Profit": 47,
        "Operating Income": 14,
        "EBIT": 22,
        "Net Income": 9
    },
    "2011-12-31": {
        "Diluted EPS": 0.92,
        "Total Revenue": 95,
        "Gross Profit": 39,
        "Operating Income": 24,
        "EBIT": 31,
        "Net Income": 10
    },
    "2011-09-30": {
        "Diluted EPS": -0.15,
        "Total Revenue": 73,
        "Gross Profit": 30,
        "Operating Income": 5,
        "EBIT": 12,
        "Net Income": -2
    },
    "2011-06-30": {
        "Diluted EPS": -0.08,
        "Total Revenue": 70,
        "Gross Profit": 29,
        "Operating Income": 4,
        "EBIT": 12,
        "Net Income": -1
    },
    "2011-03-31": {
        "Diluted EPS": 0.81,
        "Total Revenue": 115,
        "Gross Profit": 44,
        "Operating Income": 13,
        "EBIT": 21,
        "Net Income": 9
    },
    "2010-12-31": {
        "Diluted EPS": 0.47,
        "Total Revenue": 98,
        "Gross Profit": 38,
        "Operating Income": 10,
        "EBIT": 18,
        "Net Income": 5
    },
    "2010-09-30": {
        "Diluted EPS": -0.01,
        "Total Revenue": 76,
        "Gross Profit": 28,
        "Operating Income": 5,
        "EBIT": 11,
        "Net Income": 0
    },
    "2010-06-30": {
        "Diluted EPS": -0.19,
        "Total Revenue": 71,
        "Gross Profit": 26,
        "Operating Income": 3,
        "EBIT": 10,
        "Net Income": -2
    },
    "2010-03-31": {
        "Diluted EPS": 0.61,
        "Total Revenue": 113,
        "Gross Profit": 38,
        "Operating Income": 11,
        "EBIT": 18,
        "Net Income": 7
    },
    "2009-12-31": {
        "Diluted EPS": -0.08,
        "Total Revenue": 90,
        "Gross Profit": 28,
        "Operating Income": 5,
        "EBIT": 13,
        "Net Income": 1
    },
    "2009-09-30": {
        "Diluted EPS": -0.06,
        "Total Revenue": 70,
        "Gross Profit": 25,
        "Operating Income": 3,
        "EBIT": 10,
        "Net Income": -1
    },
    "2009-06-30": {
        "Diluted EPS": 0.03,
        "Total Revenue": 72,
        "Gross Profit": 26,
        "Operating Income": 4,
        "EBIT": 11,
        "Net Income": 0
    },
    "2009-03-31": {
        "Diluted EPS": 1.14,
        "Total Revenue": 136,
        "Gross Profit": 40,
        "Operating Income": 14,
        "EBIT": 20,
        "Net Income": 9
    },
    "2023-09-30": {
        "Tax Effect Of Unusual Items": NaN,
        "Tax Rate For Calcs": NaN,
        "Normalized EBITDA": NaN,
        "Net Income From Continuing Operation Net Minority Interest": NaN,
        "Reconciled Depreciation": NaN,
        "Reconciled Cost Of Revenue": NaN,
        "EBITDA": NaN,
        "EBIT": NaN,
        "Net Interest Income": NaN,
        "Interest Expense": NaN,
        "Interest Income": NaN,
        "Normalized Income": NaN,
        "Net Income From Continuing And Discontinued Operation": NaN,
        "Total Expenses": NaN,
        "Total Operating Income As Reported": NaN,
        "Diluted Average Shares": 16100000.0,
        "Basic Average Shares": 16100000.0,
        "Diluted EPS": 0.09,
        "Basic EPS": 0.09,
        "Diluted NI Availto Com Stockholders": NaN,
        "Net Income Common Stockholders": NaN,
        "Net Income": NaN,
        "Net Income Including Noncontrolling Interests": NaN,
        "Net Income Continuous Operations": NaN,
        "Tax Provision": NaN,
        "Pretax Income": NaN,
        "Other Income Expense": NaN,
        "Other Non Operating Income Expenses": NaN,
        "Net Non Operating Interest Income Expense": NaN,
        "Interest Expense Non Operating": NaN,
        "Interest Income Non Operating": NaN,
        "Operating Income": NaN,
        "Operating Expense": NaN,
        "Other Taxes": NaN,
        "Depreciation Amortization Depletion Income Statement": NaN,
        "Depreciation And Amortization In Income Statement": NaN,
        "Gross Profit": NaN,
        "Cost Of Revenue": NaN,
        "Total Revenue": NaN,
        "Operating Revenue": NaN
    },
    "2023-12-31": {
        "Tax Effect Of Unusual Items": 0.0,
        "Tax Rate For Calcs": 0.228856,
        "Normalized EBITDA": 46900000.0,
        "Net Income From Continuing Operation Net Minority Interest": 15500000.0,
        "Reconciled Depreciation": 17300000.0,
        "Reconciled Cost Of Revenue": 77100000.0,
        "EBITDA": 46900000.0,
        "EBIT": 29600000.0,
        "Net Interest Income": -7600000.0,
        "Interest Expense": 9500000.0,
        "Interest Income": 1900000.0,
        "Normalized Income": 15500000.0,
        "Net Income From Continuing And Discontinued Operation": 15500000.0,
        "Total Expenses": 101800000.0,
        "Total Operating Income As Reported": 27800000.0,
        "Diluted Average Shares": NaN,
        "Basic Average Shares": NaN,
        "Diluted EPS": NaN,
        "Basic EPS": NaN,
        "Diluted NI Availto Com Stockholders": 15500000.0,
        "Net Income Common Stockholders": 15500000.0,
        "Net Income": 15500000.0,
        "Net Income Including Noncontrolling Interests": 15500000.0,
        "Net Income Continuous Operations": 15500000.0,
        "Tax Provision": 4600000.0,
        "Pretax Income": 20100000.0,
        "Other Income Expense": NaN,
        "Other Non Operating Income Expenses": NaN,
        "Net Non Operating Interest Income Expense": -7600000.0,
        "Interest Expense Non Operating": 9500000.0,
        "Interest Income Non Operating": 1900000.0,
        "Operating Income": 27800000.0,
        "Operating Expense": 24700000.0,
        "Other Taxes": 7400000.0,
        "Depreciation Amortization Depletion Income Statement": 17300000.0,
        "Depreciation And Amortization In Income Statement": 17300000.0,
        "Gross Profit": 52500000.0,
        "Cost Of Revenue": 77100000.0,
        "Total Revenue": 129600000.0,
        "Operating Revenue": 129600000.0
    },
    "2024-03-31": {
        "Tax Effect Of Unusual Items": NaN,
        "Tax Rate For Calcs": NaN,
        "Normalized EBITDA": NaN,
        "Net Income From Continuing Operation Net Minority Interest": NaN,
        "Reconciled Depreciation": NaN,
        "Reconciled Cost Of Revenue": NaN,
        "EBITDA": NaN,
        "EBIT": NaN,
        "Net Interest Income": NaN,
        "Interest Expense": NaN,
        "Interest Income": NaN,
        "Normalized Income": NaN,
        "Net Income From Continuing And Discontinued Operation": NaN,
        "Total Expenses": NaN,
        "Total Operating Income As Reported": NaN,
        "Diluted Average Shares": 16100000.0,
        "Basic Average Shares": 16100000.0,
        "Diluted EPS": 1.69,
        "Basic EPS": 1.69,
        "Diluted NI Availto Com Stockholders": NaN,
        "Net Income Common Stockholders": NaN,
        "Net Income": NaN,
        "Net Income Including Noncontrolling Interests": NaN,
        "Net Income Continuous Operations": NaN,
        "Tax Provision": NaN,
        "Pretax Income": NaN,
        "Other Income Expense": NaN,
        "Other Non Operating Income Expenses": NaN,
        "Net Non Operating Interest Income Expense": NaN,
        "Interest Expense Non Operating": NaN,
        "Interest Income Non Operating": NaN,
        "Operating Income": NaN,
        "Operating Expense": NaN,
        "Other Taxes": NaN,
        "Depreciation Amortization Depletion Income Statement": NaN,
        "Depreciation And Amortization In Income Statement": NaN,
        "Gross Profit": NaN,
        "Cost Of Revenue": NaN,
        "Total Revenue": NaN,
        "Operating Revenue": NaN
    },
    "2024-06-30": {
        "Tax Effect Of Unusual Items": NaN,
        "Tax Rate For Calcs": NaN,
        "Normalized EBITDA": NaN,
        "Net Income From Continuing Operation Net Minority Interest": NaN,
        "Reconciled Depreciation": NaN,
        "Reconciled Cost Of Revenue": NaN,
        "EBITDA": NaN,
        "EBIT": NaN,
        "Net Interest Income": NaN,
        "Interest Expense": NaN,
        "Interest Income": NaN,
        "Normalized Income": NaN,
        "Net Income From Continuing And Discontinued Operation": NaN,
        "Total Expenses": NaN,
        "Total Operating Income As Reported": NaN,
        "Diluted Average Shares": 16100000.0,
        "Basic Average Shares": 16100000.0,
        "Diluted EPS": 0.27,
        "Basic EPS": 0.27,
        "Diluted NI Availto Com Stockholders": NaN,
        "Net Income Common Stockholders": NaN,
        "Net Income": NaN,
        "Net Income Including Noncontrolling Interests": NaN,
        "Net Income Continuous Operations": NaN,
        "Tax Provision": NaN,
        "Pretax Income": NaN,
        "Other Income Expense": NaN,
        "Other Non Operating Income Expenses": NaN,
        "Net Non Operating Interest Income Expense": NaN,
        "Interest Expense Non Operating": NaN,
        "Interest Income Non Operating": NaN,
        "Operating Income": NaN,
        "Operating Expense": NaN,
        "Other Taxes": NaN,
        "Depreciation Amortization Depletion Income Statement": NaN,
        "Depreciation And Amortization In Income Statement": NaN,
        "Gross Profit": NaN,
        "Cost Of Revenue": NaN,
        "Total Revenue": NaN,
        "Operating Revenue": NaN
    },
    "2024-09-30": {
        "Tax Effect Of Unusual Items": 0.0,
        "Tax Rate For Calcs": 0.21,
        "Normalized EBITDA": 28100000.0,
        "Net Income From Continuing Operation Net Minority Interest": 0.0,
        "Reconciled Depreciation": 19100000.0,
        "Reconciled Cost Of Revenue": 60200000.0,
        "EBITDA": 28100000.0,
        "EBIT": 9000000.0,
        "Net Interest Income": -7400000.0,
        "Interest Expense": 10300000.0,
        "Interest Income": 2900000.0,
        "Normalized Income": 0.0,
        "Net Income From Continuing And Discontinued Operation": 0.0,
        "Total Expenses": 87100000.0,
        "Total Operating Income As Reported": 5800000.0,
        "Diluted Average Shares": 16100000.0,
        "Basic Average Shares": 16100000.0,
        "Diluted EPS": 0.0,
        "Basic EPS": 0.0,
        "Diluted NI Availto Com Stockholders": 0.0,
        "Net Income Common Stockholders": 0.0,
        "Net Income": 0.0,
        "Net Income Including Noncontrolling Interests": 0.0,
        "Net Income Continuous Operations": 0.0,
        "Tax Provision": -1300000.0,
        "Pretax Income": -1300000.0,
        "Other Income Expense": 300000.0,
        "Other Non Operating Income Expenses": 300000.0,
        "Net Non Operating Interest Income Expense": -7400000.0,
        "Interest Expense Non Operating": 10300000.0,
        "Interest Income Non Operating": 2900000.0,
        "Operating Income": 5800000.0,
        "Operating Expense": 26900000.0,
        "Other Taxes": 7800000.0,
        "Depreciation Amortization Depletion Income Statement": 19100000.0,
        "Depreciation And Amortization In Income Statement": 19100000.0,
        "Gross Profit": 32700000.0,
        "Cost Of Revenue": 60200000.0,
        "Total Revenue": 92900000.0,
        "Operating Revenue": 92900000.0
    },
    "2024-12-31": {
        "Tax Effect Of Unusual Items": 0.0,
        "Tax Rate For Calcs": 0.253589,
        "Normalized EBITDA": 50100000.0,
        "Net Income From Continuing Operation Net Minority Interest": 15600000.0,
        "Reconciled Depreciation": 20900000.0,
        "Reconciled Cost Of Revenue": 71100000.0,
        "EBITDA": 50100000.0,
        "EBIT": 29200000.0,
        "Net Interest Income": -7200000.0,
        "Interest Expense": 8300000.0,
        "Interest Income": 1100000.0,
        "Normalized Income": 15600000.0,
        "Net Income From Continuing And Discontinued Operation": 15600000.0,
        "Total Expenses": 99300000.0,
        "Total Operating Income As Reported": 28200000.0,
        "Diluted Average Shares": NaN,
        "Basic Average Shares": NaN,
        "Diluted EPS": NaN,
        "Basic EPS": NaN,
        "Diluted NI Availto Com Stockholders": 15600000.0,
        "Net Income Common Stockholders": 15600000.0,
        "Net Income": 15600000.0,
        "Net Income Including Noncontrolling Interests": 15600000.0,
        "Net Income Continuous Operations": 15600000.0,
        "Tax Provision": 5300000.0,
        "Pretax Income": 20900000.0,
        "Other Income Expense": -100000.0,
        "Other Non Operating Income Expenses": -100000.0,
        "Net Non Operating Interest Income Expense": -7200000.0,
        "Interest Expense Non Operating": 8300000.0,
        "Interest Income Non Operating": 1100000.0,
        "Operating Income": 28200000.0,
        "Operating Expense": 28200000.0,
        "Other Taxes": 7300000.0,
        "Depreciation Amortization Depletion Income Statement": 20900000.0,
        "Depreciation And Amortization In Income Statement": 20900000.0,
        "Gross Profit": 56400000.0,
        "Cost Of Revenue": 71100000.0,
        "Total Revenue": 127500000.0,
        "Operating Revenue": 127500000.0
    },
    "2025-03-31": {
        "Tax Effect Of Unusual Items": 0.0,
        "Tax Rate For Calcs": 0.26,
        "Normalized EBITDA": 69400000.0,
        "Net Income From Continuing Operation Net Minority Interest": 27500000.0,
        "Reconciled Depreciation": 21700000.0,
        "Reconciled Cost Of Revenue": 95000000.0,
        "EBITDA": 69400000.0,
        "EBIT": 47700000.0,
        "Net Interest Income": -9100000.0,
        "Interest Expense": 10700000.0,
        "Interest Income": 1600000.0,
        "Normalized Income": 27500000.0,
        "Net Income From Continuing And Discontinued Operation": 27500000.0,
        "Total Expenses": 124600000.0,
        "Total Operating Income As Reported": 46200000.0,
        "Diluted Average Shares": 16200000.0,
        "Basic Average Shares": 16200000.0,
        "Diluted EPS": 1.69,
        "Basic EPS": 1.69,
        "Diluted NI Availto Com Stockholders": 27500000.0,
        "Net Income Common Stockholders": 27500000.0,
        "Net Income": 27500000.0,
        "Net Income Including Noncontrolling Interests": 27500000.0,
        "Net Income Continuous Operations": 27500000.0,
        "Tax Provision": 9500000.0,
        "Pretax Income": 37000000.0,
        "Other Income Expense": -100000.0,
        "Other Non Operating Income Expenses": -100000.0,
        "Net Non Operating Interest Income Expense": -9100000.0,
        "Interest Expense Non Operating": 10700000.0,
        "Interest Income Non Operating": 1600000.0,
        "Operating Income": 46200000.0,
        "Operating Expense": 29600000.0,
        "Other Taxes": 7900000.0,
        "Depreciation Amortization Depletion Income Statement": 21700000.0,
        "Depreciation And Amortization In Income Statement": 21700000.0,
        "Gross Profit": 75800000.0,
        "Cost Of Revenue": 95000000.0,
        "Total Revenue": 170800000.0,
        "Operating Revenue": 170800000.0
    },
    "2025-06-30": {
        "Tax Effect Of Unusual Items": 0.0,
        "Tax Rate For Calcs": 0.148936,
        "Normalized EBITDA": 37200000.0,
        "Net Income From Continuing Operation Net Minority Interest": 4000000.0,
        "Reconciled Depreciation": 21800000.0,
        "Reconciled Cost Of Revenue": 60900000.0,
        "EBITDA": 37200000.0,
        "EBIT": 15400000.0,
        "Net Interest Income": -9300000.0,
        "Interest Expense": 10700000.0,
        "Interest Income": 1400000.0,
        "Normalized Income": 4000000.0,
        "Net Income From Continuing And Discontinued Operation": 4000000.0,
        "Total Expenses": 89300000.0,
        "Total Operating Income As Reported": 13300000.0,
        "Diluted Average Shares": 16200000.0,
        "Basic Average Shares": 16200000.0,
        "Diluted EPS": 0.25,
        "Basic EPS": 0.25,
        "Diluted NI Availto Com Stockholders": 4000000.0,
        "Net Income Common Stockholders": 4000000.0,
        "Net Income": 4000000.0,
        "Net Income Including Noncontrolling Interests": 4000000.0,
        "Net Income Continuous Operations": 4000000.0,
        "Tax Provision": 700000.0,
        "Pretax Income": 4700000.0,
        "Other Income Expense": 700000.0,
        "Other Non Operating Income Expenses": 700000.0,
        "Net Non Operating Interest Income Expense": -9300000.0,
        "Interest Expense Non Operating": 10700000.0,
        "Interest Income Non Operating": 1400000.0,
        "Operating Income": 13300000.0,
        "Operating Expense": 28400000.0,
        "Other Taxes": 6600000.0,
        "Depreciation Amortization Depletion Income Statement": 21800000.0,
        "Depreciation And Amortization In Income Statement": 21800000.0,
        "Gross Profit": 41700000.0,
        "Cost Of Revenue": 60900000.0,
        "Total Revenue": 102600000.0,
        "Operating Revenue": 102600000.0
    },
    "2025-09-30": {
        "Tax Effect Of Unusual Items": 0.0,
        "Tax Rate For Calcs": 0.21,
        "Normalized EBITDA": 31300000.0,
        "Net Income From Continuing Operation Net Minority Interest": -300000.0,
        "Reconciled Depreciation": 22200000.0,
        "Reconciled Cost Of Revenue": 63300000.0,
        "EBITDA": 31300000.0,
        "EBIT": 9100000.0,
        "Net Interest Income": -8900000.0,
        "Interest Expense": 10700000.0,
        "Interest Income": 1800000.0,
        "Normalized Income": -300000.0,
        "Net Income From Continuing And Discontinued Operation": -300000.0,
        "Total Expenses": 94100000.0,
        "Total Operating Income As Reported": 7000000.0,
        "Diluted Average Shares": 17000000.0,
        "Basic Average Shares": 17000000.0,
        "Diluted EPS": -0.02,
        "Basic EPS": -0.02,
        "Diluted NI Availto Com Stockholders": -300000.0,
        "Net Income Common Stockholders": -300000.0,
        "Net Income": -300000.0,
        "Net Income Including Noncontrolling Interests": -300000.0,
        "Net Income Continuous Operations": -300000.0,
        "Tax Provision": -1300000.0,
        "Pretax Income": -1600000.0,
        "Other Income Expense": 300000.0,
        "Other Non Operating Income Expenses": 300000.0,
        "Net Non Operating Interest Income Expense": -8900000.0,
        "Interest Expense Non Operating": 10700000.0,
        "Interest Income Non Operating": 1800000.0,
        "Operating Income": 7000000.0,
        "Operating Expense": 30800000.0,
        "Other Taxes": 8600000.0,
        "Depreciation Amortization Depletion Income Statement": 22200000.0,
        "Depreciation And Amortization In Income Statement": 22200000.0,
        "Gross Profit": 37800000.0,
        "Cost Of Revenue": 63300000.0,
        "Total Revenue": 101100000.0,
        "Operating Revenue": 101100000.0
    }
}