{
    "2023-06-30": {
        "Tax Effect Of Unusual Items": 0.0,
        "Tax Rate For Calcs": 0.187935,
        "Normalized EBITDA": 6204000.0,
        "Total Unusual Items": NaN,
        "Total Unusual Items Excluding Goodwill": NaN,
        "Net Income From Continuing Operation Net Minority Interest": 4200000.0,
        "Reconciled Depreciation": 1779000.0,
        "Reconciled Cost Of Revenue": 5127000.0,
        "EBITDA": 6204000.0,
        "EBIT": 4425000.0,
        "Normalized Income": 4200000.0,
        "Net Income From Continuing And Discontinued Operation": 4200000.0,
        "Total Expenses": 8441000.0,
        "Total Operating Income As Reported": 4425000.0,
        "Diluted Average Shares": 3639000.0,
        "Basic Average Shares": 3629000.0,
        "Diluted EPS": 1.154,
        "Basic EPS": 1.157344,
        "Diluted NI Availto Com Stockholders": 4200000.0,
        "Net Income Common Stockholders": 4200000.0,
        "Net Income": 4200000.0,
        "Net Income Including Noncontrolling Interests": 4200000.0,
        "Net Income Continuous Operations": 4200000.0,
        "Tax Provision": 972000.0,
        "Pretax Income": 5172000.0,
        "Other Income Expense": 747000.0,
        "Other Non Operating Income Expenses": 747000.0,
        "Special Income Charges": NaN,
        "Other Special Charges": NaN,
        "Operating Income": 4425000.0,
        "Operating Expense": 3314000.0,
        "Depreciation Amortization Depletion Income Statement": NaN,
        "Depreciation And Amortization In Income Statement": NaN,
        "Amortization": NaN,
        "Amortization Of Intangibles Income Statement": NaN,
        "Research And Development": 133000.0,
        "Selling General And Administration": 3181000.0,
        "Selling And Marketing Expense": NaN,
        "General And Administrative Expense": NaN,
        "Other Gand A": NaN,
        "Gross Profit": 7739000.0,
        "Cost Of Revenue": 5127000.0,
        "Total Revenue": 12866000.0,
        "Operating Revenue": 12866000.0
    },
    "2023-03-31": {
        "Tax Effect Of Unusual Items": NaN,
        "Tax Rate For Calcs": NaN,
        "Normalized EBITDA": NaN,
        "Total Unusual Items": -409000.0,
        "Total Unusual Items Excluding Goodwill": -409000.0,
        "Net Income From Continuing Operation Net Minority Interest": NaN,
        "Reconciled Depreciation": NaN,
        "Reconciled Cost Of Revenue": NaN,
        "EBITDA": NaN,
        "EBIT": NaN,
        "Normalized Income": NaN,
        "Net Income From Continuing And Discontinued Operation": NaN,
        "Total Expenses": NaN,
        "Total Operating Income As Reported": NaN,
        "Diluted Average Shares": NaN,
        "Basic Average Shares": NaN,
        "Diluted EPS": NaN,
        "Basic EPS": NaN,
        "Diluted NI Availto Com Stockholders": NaN,
        "Net Income Common Stockholders": NaN,
        "Net Income": NaN,
        "Net Income Including Noncontrolling Interests": NaN,
        "Net Income Continuous Operations": NaN,
        "Tax Provision": NaN,
        "Pretax Income": NaN,
        "Other Income Expense": NaN,
        "Other Non Operating Income Expenses": NaN,
        "Special Income Charges": -409000.0,
        "Other Special Charges": 409000.0,
        "Operating Income": NaN,
        "Operating Expense": NaN,
        "Depreciation Amortization Depletion Income Statement": 1588000.0,
        "Depreciation And Amortization In Income Statement": 1588000.0,
        "Amortization": 1588000.0,
        "Amortization Of Intangibles Income Statement": 1588000.0,
        "Research And Development": NaN,
        "Selling General And Administration": NaN,
        "Selling And Marketing Expense": 387000.0,
        "General And Administrative Expense": 876000.0,
        "Other Gand A": 876000.0,
        "Gross Profit": NaN,
        "Cost Of Revenue": NaN,
        "Total Revenue": NaN,
        "Operating Revenue": NaN
    },
    "2022-12-31": {
        "Tax Effect Of Unusual Items": 0.0,
        "Tax Rate For Calcs": 0.185298,
        "Normalized EBITDA": 6822000.0,
        "Net Income From Continuing Operation Net Minority Interest": 4555000.0,
        "Reconciled Depreciation": 1752000.0,
        "Reconciled Cost Of Revenue": 5247000.0,
        "EBITDA": 6822000.0,
        "EBIT": 5070000.0,
        "Normalized Income": 4555000.0,
        "Net Income From Continuing And Discontinued Operation": 4555000.0,
        "Total Expenses": 8504000.0,
        "Total Operating Income As Reported": 5070000.0,
        "Diluted Average Shares": 3635000.0,
        "Basic Average Shares": 3628000.0,
        "Diluted EPS": 1.253,
        "Basic EPS": 1.255513,
        "Diluted NI Availto Com Stockholders": 4555000.0,
        "Net Income Common Stockholders": 4555000.0,
        "Net Income": 4555000.0,
        "Net Income Including Noncontrolling Interests": 4555000.0,
        "Net Income Continuous Operations": 4555000.0,
        "Tax Provision": 1036000.0,
        "Pretax Income": 5591000.0,
        "Other Income Expense": 521000.0,
        "Other Non Operating Income Expenses": -140000.0,
        "Operating Income": 5070000.0,
        "Operating Expense": 3257000.0,
        "Research And Development": 123000.0,
        "Selling General And Administration": 3134000.0,
        "Gross Profit": 8327000.0,
        "Cost Of Revenue": 5247000.0,
        "Total Revenue": 13574000.0,
        "Operating Revenue": 13574000.0
    },
    "2022-09-30": {
        "Tax Effect Of Unusual Items": 0.0,
        "Tax Rate For Calcs": 0.21,
        "Normalized EBITDA": 5141000.0,
        "Net Income From Continuing Operation Net Minority Interest": 4280000.0,
        "Reconciled Depreciation": 1745000.0,
        "Reconciled Cost Of Revenue": 4769000.0,
        "EBITDA": 5141000.0,
        "EBIT": 5141000.0,
        "Normalized Income": 4280000.0,
        "Net Income From Continuing And Discontinued Operation": 4280000.0,
        "Total Expenses": 4769000.0,
        "Total Operating Income As Reported": 5141000.0,
        "Diluted Average Shares": 3633277.0,
        "Basic Average Shares": 3625000.0,
        "Diluted EPS": 1.178,
        "Basic EPS": 1.18069,
        "Diluted NI Availto Com Stockholders": 4280000.0,
        "Net Income Common Stockholders": 4280000.0,
        "Net Income": 4280000.0,
        "Net Income Including Noncontrolling Interests": 5339000.0,
        "Net Income Continuous Operations": 5339000.0,
        "Tax Provision": 1059000.0,
        "Pretax Income": 5339000.0,
        "Other Income Expense": 198000.0,
        "Other Non Operating Income Expenses": 198000.0,
        "Operating Income": 5141000.0,
        "Operating Expense": 3045000.0,
        "Research And Development": 112000.0,
        "Selling General And Administration": 2933000.0,
        "Gross Profit": 8186000.0,
        "Cost Of Revenue": 4769000.0,
        "Total Revenue": 12955000.0,
        "Operating Revenue": 12955000.0
    },
    "2022-06-30": {
        "Tax Effect Of Unusual Items": 0.0,
        "Tax Rate For Calcs": 0.4,
        "Normalized EBITDA": 5057000.0,
        "Net Income From Continuing Operation Net Minority Interest": 4103000.0,
        "Reconciled Depreciation": 1776000.0,
        "Reconciled Cost Of Revenue": 5277000.0,
        "EBITDA": 5057000.0,
        "EBIT": 5057000.0,
        "Normalized Income": 4103000.0,
        "Net Income From Continuing And Discontinued Operation": 4103000.0,
        "Total Expenses": 5277000.0,
        "Total Operating Income As Reported": 5057000.0,
        "Diluted Average Shares": 3650000.0,
        "Basic Average Shares": 3643000.0,
        "Diluted EPS": 1.12,
        "Basic EPS": 1.13,
        "Diluted NI Availto Com Stockholders": 4103000.0,
        "Net Income Common Stockholders": 4103000.0,
        "Net Income": 4103000.0,
        "Net Income Including Noncontrolling Interests": 5199000.0,
        "Net Income Continuous Operations": 5199000.0,
        "Tax Provision": 1096000.0,
        "Pretax Income": 5199000.0,
        "Other Income Expense": 142000.0,
        "Other Non Operating Income Expenses": 142000.0,
        "Operating Income": 5057000.0,
        "Operating Expense": 3094000.0,
        "Research And Development": 135000.0,
        "Selling General And Administration": 2959000.0,
        "Gross Profit": 8151000.0,
        "Cost Of Revenue": 5277000.0,
        "Total Revenue": 13428000.0,
        "Operating Revenue": 13428000.0
    },
    "2022-03-31": {
        "Diluted EPS": 0.96,
        "Total Revenue": 12,
        "Gross Profit": 8,
        "Operating Income": 5,
        "EBIT": 6,
        "Net Income": 4
    },
    "2021-12-31": {
        "Diluted EPS": 1.12,
        "Total Revenue": 13,
        "Gross Profit": 8,
        "Operating Income": 5,
        "EBIT": 7,
        "Net Income": 4
    },
    "2021-09-30": {
        "Diluted EPS": 1.15,
        "Total Revenue": 13,
        "Gross Profit": 8,
        "Operating Income": 5,
        "EBIT": 7,
        "Net Income": 4
    },
    "2021-06-30": {
        "Diluted EPS": 0.94,
        "Total Revenue": 13,
        "Gross Profit": 8,
        "Operating Income": 5,
        "EBIT": 7,
        "Net Income": 3
    },
    "2021-03-31": {
        "Diluted EPS": 0.83,
        "Total Revenue": 11,
        "Gross Profit": 7,
        "Operating Income": 4,
        "EBIT": 6,
        "Net Income": 3
    },
    "2020-12-31": {
        "Diluted EPS": 0.94,
        "Total Revenue": 12,
        "Gross Profit": 7,
        "Operating Income": 4,
        "EBIT": 6,
        "Net Income": 3
    },
    "2020-09-30": {
        "Diluted EPS": 0.8,
        "Total Revenue": 10,
        "Gross Profit": 6,
        "Operating Income": 4,
        "EBIT": 5,
        "Net Income": 3
    },
    "2020-06-30": {
        "Diluted EPS": 0.36,
        "Total Revenue": 9,
        "Gross Profit": 5,
        "Operating Income": 2,
        "EBIT": 4,
        "Net Income": 1
    },
    "2020-03-31": {
        "Diluted EPS": 0.84,
        "Total Revenue": 11,
        "Gross Profit": 7,
        "Operating Income": 4,
        "EBIT": 6,
        "Net Income": 3
    },
    "2019-12-31": {
        "Diluted EPS": 1.17,
        "Total Revenue": 12,
        "Gross Profit": 8,
        "Operating Income": 5,
        "EBIT": 6,
        "Net Income": 4
    },
    "2019-09-30": {
        "Diluted EPS": 0.99,
        "Total Revenue": 12,
        "Gross Profit": 7,
        "Operating Income": 4,
        "EBIT": 6,
        "Net Income": 4
    },
    "2019-06-30": {
        "Diluted EPS": 0.94,
        "Total Revenue": 12,
        "Gross Profit": 8,
        "Operating Income": 4,
        "EBIT": 6,
        "Net Income": 4
    },
    "2019-03-31": {
        "Diluted EPS": 0.84,
        "Total Revenue": 11,
        "Gross Profit": 7,
        "Operating Income": 4,
        "EBIT": 6,
        "Net Income": 3
    },
    "2018-12-31": {
        "Diluted EPS": 0.91,
        "Total Revenue": 10,
        "Gross Profit": 6,
        "Operating Income": 4,
        "EBIT": 5,
        "Net Income": 3
    },
    "2018-09-30": {
        "Diluted EPS": 1.8,
        "Total Revenue": 10,
        "Gross Profit": 6,
        "Operating Income": 4,
        "EBIT": 5,
        "Net Income": 7
    },
    "2018-06-30": {
        "Diluted EPS": 1.15,
        "Total Revenue": 11,
        "Gross Profit": 7,
        "Operating Income": 5,
        "EBIT": 6,
        "Net Income": 4
    },
    "2018-03-31": {
        "Diluted EPS": 1.09,
        "Total Revenue": 11,
        "Gross Profit": 7,
        "Operating Income": 5,
        "EBIT": 6,
        "Net Income": 4
    },
    "2017-12-31": {
        "Diluted EPS": -0.68,
        "Total Revenue": 10,
        "Gross Profit": 6,
        "Operating Income": 5,
        "EBIT": 5,
        "Net Income": -3
    },
    "2017-09-30": {
        "Diluted EPS": 0.97,
        "Total Revenue": 10,
        "Gross Profit": 6,
        "Operating Income": 5,
        "EBIT": 5,
        "Net Income": 4
    },
    "2017-06-30": {
        "Diluted EPS": 1.04,
        "Total Revenue": 11,
        "Gross Profit": 7,
        "Operating Income": 5,
        "EBIT": 6,
        "Net Income": 4
    },
    "2017-03-31": {
        "Diluted EPS": 0.95,
        "Total Revenue": 10,
        "Gross Profit": 7,
        "Operating Income": 5,
        "EBIT": 5,
        "Net Income": 4
    },
    "2016-12-31": {
        "Diluted EPS": 0.73,
        "Total Revenue": 9,
        "Gross Profit": 5,
        "Operating Income": 4,
        "EBIT": 4,
        "Net Income": 3
    },
    "2016-09-30": {
        "Diluted EPS": 0.78,
        "Total Revenue": 10,
        "Gross Profit": 6,
        "Operating Income": 4,
        "EBIT": 5,
        "Net Income": 3
    },
    "2016-06-30": {
        "Diluted EPS": 0.86,
        "Total Revenue": 10,
        "Gross Profit": 6,
        "Operating Income": 4,
        "EBIT": 5,
        "Net Income": 3
    },
    "2016-03-31": {
        "Diluted EPS": 0.85,
        "Total Revenue": 10,
        "Gross Profit": 6,
        "Operating Income": 4,
        "EBIT": 5,
        "Net Income": 3
    },
    "2015-12-31": {
        "Diluted EPS": 0.85,
        "Total Revenue": 10,
        "Gross Profit": 6,
        "Operating Income": 4,
        "EBIT": 5,
        "Net Income": 3
    },
    "2015-09-30": {
        "Diluted EPS": 0.81,
        "Total Revenue": 10,
        "Gross Profit": 6,
        "Operating Income": 4,
        "EBIT": 5,
        "Net Income": 3
    },
    "2015-06-30": {
        "Diluted EPS": 0.77,
        "Total Revenue": 10,
        "Gross Profit": 6,
        "Operating Income": 4,
        "EBIT": 5,
        "Net Income": 3
    },
    "2015-03-31": {
        "Diluted EPS": 0.71,
        "Total Revenue": 10,
        "Gross Profit": 6,
        "Operating Income": 4,
        "EBIT": 5,
        "Net Income": 3
    },
    "2014-12-31": {
        "Diluted EPS": 0.8,
        "Total Revenue": 10,
        "Gross Profit": 6,
        "Operating Income": 4,
        "EBIT": 5,
        "Net Income": 3
    },
    "2014-09-30": {
        "Diluted EPS": 0.75,
        "Total Revenue": 11,
        "Gross Profit": 6,
        "Operating Income": 4,
        "EBIT": 5,
        "Net Income": 3
    },
    "2014-06-30": {
        "Diluted EPS": 0.75,
        "Total Revenue": 10,
        "Gross Profit": 6,
        "Operating Income": 4,
        "EBIT": 5,
        "Net Income": 3
    },
    "2014-03-31": {
        "Diluted EPS": 0.72,
        "Total Revenue": 10,
        "Gross Profit": 6,
        "Operating Income": 4,
        "EBIT": 5,
        "Net Income": 3
    },
    "2013-12-31": {
        "Diluted EPS": 0.91,
        "Total Revenue": 10,
        "Gross Profit": 6,
        "Operating Income": 4,
        "EBIT": 4,
        "Net Income": 3
    },
    "2013-09-30": {
        "Diluted EPS": 0.68,
        "Total Revenue": 10,
        "Gross Profit": 6,
        "Operating Income": 4,
        "EBIT": 4,
        "Net Income": 3
    },
    "2013-06-30": {
        "Diluted EPS": 0.7,
        "Total Revenue": 10,
        "Gross Profit": 6,
        "Operating Income": 4,
        "EBIT": 5,
        "Net Income": 3
    },
    "2013-03-31": {
        "Diluted EPS": 0.73,
        "Total Revenue": 10,
        "Gross Profit": 6,
        "Operating Income": 4,
        "EBIT": 5,
        "Net Income": 3
    },
    "2012-12-31": {
        "Diluted EPS": 0.6,
        "Total Revenue": 10,
        "Gross Profit": 6,
        "Operating Income": 4,
        "EBIT": 4,
        "Net Income": 2
    },
    "2012-09-30": {
        "Diluted EPS": 0.73,
        "Total Revenue": 10,
        "Gross Profit": 6,
        "Operating Income": 4,
        "EBIT": 5,
        "Net Income": 3
    },
    "2012-06-30": {
        "Diluted EPS": 0.65,
        "Total Revenue": 10,
        "Gross Profit": 6,
        "Operating Income": 4,
        "EBIT": 4,
        "Net Income": 2
    },
    "2012-03-31": {
        "Diluted EPS": 0.76,
        "Total Revenue": 11,
        "Gross Profit": 7,
        "Operating Income": 4,
        "EBIT": 5,
        "Net Income": 3
    },
    "2011-12-31": {
        "Diluted EPS": 0.51,
        "Total Revenue": 10,
        "Gross Profit": 6,
        "Operating Income": 3,
        "EBIT": 4,
        "Net Income": 2
    },
    "2011-09-30": {
        "Diluted EPS": 0.61,
        "Total Revenue": 11,
        "Gross Profit": 7,
        "Operating Income": 4,
        "EBIT": 4,
        "Net Income": 2
    },
    "2011-06-30": {
        "Diluted EPS": 0.54,
        "Total Revenue": 10,
        "Gross Profit": 6,
        "Operating Income": 3,
        "EBIT": 4,
        "Net Income": 2
    },
    "2011-03-31": {
        "Diluted EPS": 0.37,
        "Total Revenue": 7,
        "Gross Profit": 4,
        "Operating Income": 2,
        "EBIT": 2,
        "Net Income": 1
    },
    "2010-12-31": {
        "Diluted EPS": 0.41,
        "Total Revenue": 6,
        "Gross Profit": 3,
        "Operating Income": 2,
        "EBIT": 2,
        "Net Income": 2
    },
    "2010-09-30": {
        "Diluted EPS": 0.42,
        "Total Revenue": 6,
        "Gross Profit": 3,
        "Operating Income": 2,
        "EBIT": 2,
        "Net Income": 2
    },
    "2010-06-30": {
        "Diluted EPS": 0.4,
        "Total Revenue": 6,
        "Gross Profit": 3,
        "Operating Income": 2,
        "EBIT": 2,
        "Net Income": 1
    },
    "2010-03-31": {
        "Diluted EPS": 0.42,
        "Total Revenue": 6,
        "Gross Profit": 3,
        "Operating Income": 2,
        "EBIT": 2,
        "Net Income": 2
    },
    "2009-12-31": {
        "Diluted EPS": 0.42,
        "Total Revenue": 6,
        "Gross Profit": 3,
        "Operating Income": 2,
        "EBIT": 3,
        "Net Income": 2
    },
    "2009-09-30": {
        "Diluted EPS": 0.44,
        "Total Revenue": 7,
        "Gross Profit": 3,
        "Operating Income": 2,
        "EBIT": 3,
        "Net Income": 2
    },
    "2009-06-30": {
        "Diluted EPS": 0.42,
        "Total Revenue": 6,
        "Gross Profit": 3,
        "Operating Income": 2,
        "EBIT": 2,
        "Net Income": 2
    },
    "2009-03-31": {
        "Diluted EPS": 0.44,
        "Total Revenue": 6,
        "Gross Profit": 4,
        "Operating Income": 2,
        "EBIT": 3,
        "Net Income": 2
    },
    "2023-09-30": {
        "Tax Effect Of Unusual Items": NaN,
        "Tax Rate For Calcs": NaN,
        "Normalized EBITDA": NaN,
        "Total Unusual Items": NaN,
        "Total Unusual Items Excluding Goodwill": NaN,
        "Net Income From Continuing Operation Net Minority Interest": NaN,
        "Reconciled Depreciation": NaN,
        "Reconciled Cost Of Revenue": NaN,
        "EBITDA": NaN,
        "EBIT": NaN,
        "Normalized Income": NaN,
        "Net Income From Continuing And Discontinued Operation": NaN,
        "Total Expenses": NaN,
        "Total Operating Income As Reported": NaN,
        "Diluted Average Shares": 3639000.0,
        "Basic Average Shares": 3629000.0,
        "Diluted EPS": 1.08,
        "Basic EPS": 1.08,
        "Diluted NI Availto Com Stockholders": NaN,
        "Net Income Common Stockholders": NaN,
        "Net Income": NaN,
        "Net Income Including Noncontrolling Interests": NaN,
        "Net Income Continuous Operations": NaN,
        "Tax Provision": NaN,
        "Pretax Income": NaN,
        "Other Income Expense": NaN,
        "Other Non Operating Income Expenses": NaN,
        "Special Income Charges": NaN,
        "Other Special Charges": NaN,
        "Operating Income": NaN,
        "Operating Expense": NaN,
        "Depreciation Amortization Depletion Income Statement": NaN,
        "Depreciation And Amortization In Income Statement": NaN,
        "Amortization": NaN,
        "Amortization Of Intangibles Income Statement": NaN,
        "Research And Development": NaN,
        "Selling General And Administration": NaN,
        "Selling And Marketing Expense": NaN,
        "General And Administrative Expense": NaN,
        "Other Gand A": NaN,
        "Gross Profit": NaN,
        "Cost Of Revenue": NaN,
        "Total Revenue": NaN,
        "Operating Revenue": NaN
    },
    "2023-12-31": {
        "Tax Effect Of Unusual Items": 0.0,
        "Tax Rate For Calcs": 0.145705,
        "Normalized EBITDA": 4984000.0,
        "Total Unusual Items": NaN,
        "Total Unusual Items Excluding Goodwill": NaN,
        "Net Income From Continuing Operation Net Minority Interest": 4286000.0,
        "Reconciled Depreciation": 1040000.0,
        "Reconciled Cost Of Revenue": 5235000.0,
        "EBITDA": 4984000.0,
        "EBIT": 3944000.0,
        "Normalized Income": 4286000.0,
        "Net Income From Continuing And Discontinued Operation": 4286000.0,
        "Total Expenses": 8389000.0,
        "Total Operating Income As Reported": 3944000.0,
        "Diluted Average Shares": 3632000.0,
        "Basic Average Shares": 3630000.0,
        "Diluted EPS": 1.18,
        "Basic EPS": 1.180992,
        "Diluted NI Availto Com Stockholders": 4286000.0,
        "Net Income Common Stockholders": 4286000.0,
        "Net Income": 4286000.0,
        "Net Income Including Noncontrolling Interests": 4286000.0,
        "Net Income Continuous Operations": 4286000.0,
        "Tax Provision": 731000.0,
        "Pretax Income": 5017000.0,
        "Other Income Expense": 1073000.0,
        "Other Non Operating Income Expenses": -1963000.0,
        "Special Income Charges": NaN,
        "Other Special Charges": NaN,
        "Operating Income": 3944000.0,
        "Operating Expense": 3154000.0,
        "Depreciation Amortization Depletion Income Statement": NaN,
        "Depreciation And Amortization In Income Statement": NaN,
        "Amortization": NaN,
        "Amortization Of Intangibles Income Statement": NaN,
        "Research And Development": 146000.0,
        "Selling General And Administration": 3008000.0,
        "Selling And Marketing Expense": NaN,
        "General And Administrative Expense": NaN,
        "Other Gand A": NaN,
        "Gross Profit": 7098000.0,
        "Cost Of Revenue": 5235000.0,
        "Total Revenue": 12333000.0,
        "Operating Revenue": 12333000.0
    },
    "2024-03-31": {
        "Tax Effect Of Unusual Items": NaN,
        "Tax Rate For Calcs": NaN,
        "Normalized EBITDA": NaN,
        "Total Unusual Items": -750000.0,
        "Total Unusual Items Excluding Goodwill": -750000.0,
        "Net Income From Continuing Operation Net Minority Interest": NaN,
        "Reconciled Depreciation": NaN,
        "Reconciled Cost Of Revenue": NaN,
        "EBITDA": NaN,
        "EBIT": NaN,
        "Normalized Income": NaN,
        "Net Income From Continuing And Discontinued Operation": NaN,
        "Total Expenses": NaN,
        "Total Operating Income As Reported": NaN,
        "Diluted Average Shares": NaN,
        "Basic Average Shares": NaN,
        "Diluted EPS": NaN,
        "Basic EPS": NaN,
        "Diluted NI Availto Com Stockholders": NaN,
        "Net Income Common Stockholders": NaN,
        "Net Income": NaN,
        "Net Income Including Noncontrolling Interests": NaN,
        "Net Income Continuous Operations": NaN,
        "Tax Provision": NaN,
        "Pretax Income": NaN,
        "Other Income Expense": NaN,
        "Other Non Operating Income Expenses": NaN,
        "Special Income Charges": -750000.0,
        "Other Special Charges": 750000.0,
        "Operating Income": NaN,
        "Operating Expense": NaN,
        "Depreciation Amortization Depletion Income Statement": 504000.0,
        "Depreciation And Amortization In Income Statement": 504000.0,
        "Amortization": 504000.0,
        "Amortization Of Intangibles Income Statement": 504000.0,
        "Research And Development": NaN,
        "Selling General And Administration": NaN,
        "Selling And Marketing Expense": 412000.0,
        "General And Administrative Expense": 950000.0,
        "Other Gand A": 950000.0,
        "Gross Profit": NaN,
        "Cost Of Revenue": NaN,
        "Total Revenue": NaN,
        "Operating Revenue": NaN
    },
    "2024-06-30": {
        "Tax Effect Of Unusual Items": 0.0,
        "Tax Rate For Calcs": 0.180005,
        "Normalized EBITDA": 4131000.0,
        "Total Unusual Items": NaN,
        "Total Unusual Items Excluding Goodwill": NaN,
        "Net Income From Continuing Operation Net Minority Interest": 3453000.0,
        "Reconciled Depreciation": 693000.0,
        "Reconciled Cost Of Revenue": 4147000.0,
        "EBITDA": 4131000.0,
        "EBIT": 3438000.0,
        "Normalized Income": 3453000.0,
        "Net Income From Continuing And Discontinued Operation": 3453000.0,
        "Total Expenses": 6962000.0,
        "Total Operating Income As Reported": 3438000.0,
        "Diluted Average Shares": 3532000.0,
        "Basic Average Shares": 3530675.0,
        "Diluted EPS": 0.977633,
        "Basic EPS": 0.978,
        "Diluted NI Availto Com Stockholders": 3453000.0,
        "Net Income Common Stockholders": 3453000.0,
        "Net Income": 3453000.0,
        "Net Income Including Noncontrolling Interests": 3453000.0,
        "Net Income Continuous Operations": 3453000.0,
        "Tax Provision": 758000.0,
        "Pretax Income": 4211000.0,
        "Other Income Expense": 773000.0,
        "Other Non Operating Income Expenses": 773000.0,
        "Special Income Charges": NaN,
        "Other Special Charges": NaN,
        "Operating Income": 3438000.0,
        "Operating Expense": 2815000.0,
        "Depreciation Amortization Depletion Income Statement": NaN,
        "Depreciation And Amortization In Income Statement": NaN,
        "Amortization": NaN,
        "Amortization Of Intangibles Income Statement": NaN,
        "Research And Development": 255000.0,
        "Selling General And Administration": 2560000.0,
        "Selling And Marketing Expense": NaN,
        "General And Administrative Expense": NaN,
        "Other Gand A": NaN,
        "Gross Profit": 6253000.0,
        "Cost Of Revenue": 4147000.0,
        "Total Revenue": 10400000.0,
        "Operating Revenue": 10400000.0
    },
    "2024-09-30": {
        "Tax Effect Of Unusual Items": 0.0,
        "Tax Rate For Calcs": 0.147,
        "Normalized EBITDA": 4083000.0,
        "Total Unusual Items": NaN,
        "Total Unusual Items Excluding Goodwill": NaN,
        "Net Income From Continuing Operation Net Minority Interest": 3563000.0,
        "Reconciled Depreciation": 740000.0,
        "Reconciled Cost Of Revenue": 4203000.0,
        "EBITDA": 4083000.0,
        "EBIT": 3343000.0,
        "Normalized Income": 3563000.0,
        "Net Income From Continuing And Discontinued Operation": 3563000.0,
        "Total Expenses": 6662000.0,
        "Total Operating Income As Reported": 3343000.0,
        "Diluted Average Shares": 3478000.0,
        "Basic Average Shares": 3477073.0,
        "Diluted EPS": 1.024727,
        "Basic EPS": 1.025,
        "Diluted NI Availto Com Stockholders": 3563000.0,
        "Net Income Common Stockholders": 3563000.0,
        "Net Income": 3563000.0,
        "Net Income Including Noncontrolling Interests": 3563000.0,
        "Net Income Continuous Operations": 3563000.0,
        "Tax Provision": 616000.0,
        "Pretax Income": 4179000.0,
        "Other Income Expense": 836000.0,
        "Other Non Operating Income Expenses": 836000.0,
        "Special Income Charges": NaN,
        "Other Special Charges": NaN,
        "Operating Income": 3343000.0,
        "Operating Expense": 2459000.0,
        "Depreciation Amortization Depletion Income Statement": NaN,
        "Depreciation And Amortization In Income Statement": NaN,
        "Amortization": NaN,
        "Amortization Of Intangibles Income Statement": NaN,
        "Research And Development": 172000.0,
        "Selling General And Administration": 2287000.0,
        "Selling And Marketing Expense": NaN,
        "General And Administrative Expense": NaN,
        "Other Gand A": NaN,
        "Gross Profit": 5802000.0,
        "Cost Of Revenue": 4203000.0,
        "Total Revenue": 10005000.0,
        "Operating Revenue": 10005000.0
    },
    "2024-12-31": {
        "Tax Effect Of Unusual Items": 0.0,
        "Tax Rate For Calcs": 0.197012,
        "Normalized EBITDA": 3660000.0,
        "Total Unusual Items": NaN,
        "Total Unusual Items Excluding Goodwill": NaN,
        "Net Income From Continuing Operation Net Minority Interest": 2902000.0,
        "Reconciled Depreciation": 730000.0,
        "Reconciled Cost Of Revenue": 3835000.0,
        "EBITDA": 3660000.0,
        "EBIT": 2930000.0,
        "Normalized Income": 2902000.0,
        "Net Income From Continuing And Discontinued Operation": 2902000.0,
        "Total Expenses": 6228000.0,
        "Total Operating Income As Reported": 2930000.0,
        "Diluted Average Shares": 3388000.0,
        "Basic Average Shares": 3335156.0,
        "Diluted EPS": 0.857,
        "Basic EPS": 0.870124,
        "Diluted NI Availto Com Stockholders": 2902000.0,
        "Net Income Common Stockholders": 2902000.0,
        "Net Income": 2902000.0,
        "Net Income Including Noncontrolling Interests": 2902000.0,
        "Net Income Continuous Operations": 2902000.0,
        "Tax Provision": 712000.0,
        "Pretax Income": 3614000.0,
        "Other Income Expense": 684000.0,
        "Other Non Operating Income Expenses": -2683000.0,
        "Special Income Charges": NaN,
        "Other Special Charges": NaN,
        "Operating Income": 2930000.0,
        "Operating Expense": 2393000.0,
        "Depreciation Amortization Depletion Income Statement": NaN,
        "Depreciation And Amortization In Income Statement": NaN,
        "Amortization": NaN,
        "Amortization Of Intangibles Income Statement": NaN,
        "Research And Development": 121000.0,
        "Selling General And Administration": 2272000.0,
        "Selling And Marketing Expense": NaN,
        "General And Administrative Expense": NaN,
        "Other Gand A": NaN,
        "Gross Profit": 5323000.0,
        "Cost Of Revenue": 3835000.0,
        "Total Revenue": 9158000.0,
        "Operating Revenue": 9158000.0
    },
    "2025-03-31": {
        "Tax Effect Of Unusual Items": -66495.075168,
        "Tax Rate For Calcs": 0.211768,
        "Normalized EBITDA": 4502000.0,
        "Total Unusual Items": -314000.0,
        "Total Unusual Items Excluding Goodwill": -314000.0,
        "Net Income From Continuing Operation Net Minority Interest": 3041000.0,
        "Reconciled Depreciation": 721000.0,
        "Reconciled Cost Of Revenue": 3952000.0,
        "EBITDA": 4188000.0,
        "EBIT": 3467000.0,
        "Normalized Income": 3288504.924832,
        "Net Income From Continuing And Discontinued Operation": 3041000.0,
        "Total Expenses": 6243000.0,
        "Total Operating Income As Reported": 3153000.0,
        "Diluted Average Shares": 3310248.0,
        "Basic Average Shares": 3309032.0,
        "Diluted EPS": 0.918662,
        "Basic EPS": 0.919,
        "Diluted NI Availto Com Stockholders": 3041000.0,
        "Net Income Common Stockholders": 3041000.0,
        "Net Income": 3041000.0,
        "Net Income Including Noncontrolling Interests": 3041000.0,
        "Net Income Continuous Operations": 3041000.0,
        "Tax Provision": 817000.0,
        "Pretax Income": 3858000.0,
        "Other Income Expense": 391000.0,
        "Other Non Operating Income Expenses": 705000.0,
        "Special Income Charges": -314000.0,
        "Other Special Charges": 314000.0,
        "Operating Income": 3467000.0,
        "Operating Expense": 2071000.0,
        "Depreciation Amortization Depletion Income Statement": 501000.0,
        "Depreciation And Amortization In Income Statement": 501000.0,
        "Amortization": 501000.0,
        "Amortization Of Intangibles Income Statement": 501000.0,
        "Research And Development": 155000.0,
        "Selling General And Administration": 1415000.0,
        "Selling And Marketing Expense": 500000.0,
        "General And Administrative Expense": 915000.0,
        "Other Gand A": 915000.0,
        "Gross Profit": 5538000.0,
        "Cost Of Revenue": 4172000.0,
        "Total Revenue": 9710000.0,
        "Operating Revenue": 9710000.0
    },
    "2025-06-30": {
        "Tax Effect Of Unusual Items": 0.0,
        "Tax Rate For Calcs": 0.205422,
        "Normalized EBITDA": 3954000.0,
        "Total Unusual Items": NaN,
        "Total Unusual Items Excluding Goodwill": NaN,
        "Net Income From Continuing Operation Net Minority Interest": 3048000.0,
        "Reconciled Depreciation": 758000.0,
        "Reconciled Cost Of Revenue": 4358000.0,
        "EBITDA": 3954000.0,
        "EBIT": 3196000.0,
        "Normalized Income": 3048000.0,
        "Net Income From Continuing And Discontinued Operation": 3048000.0,
        "Total Expenses": 6757000.0,
        "Total Operating Income As Reported": 3196000.0,
        "Diluted Average Shares": 3246006.0,
        "Basic Average Shares": 3246006.0,
        "Diluted EPS": 0.939,
        "Basic EPS": 0.939,
        "Diluted NI Availto Com Stockholders": 3048000.0,
        "Net Income Common Stockholders": 3048000.0,
        "Net Income": 3048000.0,
        "Net Income Including Noncontrolling Interests": 3048000.0,
        "Net Income Continuous Operations": 3048000.0,
        "Tax Provision": 788000.0,
        "Pretax Income": 3836000.0,
        "Other Income Expense": 640000.0,
        "Other Non Operating Income Expenses": 640000.0,
        "Special Income Charges": NaN,
        "Other Special Charges": NaN,
        "Operating Income": 3196000.0,
        "Operating Expense": 2399000.0,
        "Depreciation Amortization Depletion Income Statement": NaN,
        "Depreciation And Amortization In Income Statement": NaN,
        "Amortization": NaN,
        "Amortization Of Intangibles Income Statement": NaN,
        "Research And Development": 135000.0,
        "Selling General And Administration": 2264000.0,
        "Selling And Marketing Expense": NaN,
        "General And Administrative Expense": NaN,
        "Other Gand A": NaN,
        "Gross Profit": 5595000.0,
        "Cost Of Revenue": 4358000.0,
        "Total Revenue": 9953000.0,
        "Operating Revenue": 9953000.0
    }
}