{
    "2023-03-31": {
        "Tax Effect Of Unusual Items": 0.0,
        "Tax Rate For Calcs": 0.0,
        "Normalized EBITDA": -10275000.0,
        "Total Unusual Items": NaN,
        "Total Unusual Items Excluding Goodwill": NaN,
        "Net Income From Continuing Operation Net Minority Interest": -11343000.0,
        "Reconciled Depreciation": 2514000.0,
        "Reconciled Cost Of Revenue": 5518000.0,
        "EBITDA": -10275000.0,
        "EBIT": -10275000.0,
        "Net Interest Income": -1030000.0,
        "Interest Expense": 1068000.0,
        "Interest Income": 38000.0,
        "Normalized Income": -11343000.0,
        "Net Income From Continuing And Discontinued Operation": -11343000.0,
        "Total Expenses": 22843000.0,
        "Total Operating Income As Reported": -10310000.0,
        "Diluted Average Shares": 4828694.0,
        "Basic Average Shares": 4828694.0,
        "Diluted EPS": -2.4,
        "Basic EPS": -2.4,
        "Diluted NI Availto Com Stockholders": -11343000.0,
        "Net Income Common Stockholders": -11343000.0,
        "Net Income": -11343000.0,
        "Net Income Including Noncontrolling Interests": -11343000.0,
        "Net Income Continuous Operations": -11343000.0,
        "Tax Provision": 0.0,
        "Pretax Income": -11343000.0,
        "Other Income Expense": -3000.0,
        "Other Non Operating Income Expenses": -3000.0,
        "Special Income Charges": NaN,
        "Net Non Operating Interest Income Expense": -1030000.0,
        "Interest Expense Non Operating": 1068000.0,
        "Interest Income Non Operating": 38000.0,
        "Operating Income": -10310000.0,
        "Operating Expense": 17325000.0,
        "Research And Development": 1765000.0,
        "Selling General And Administration": 15560000.0,
        "Selling And Marketing Expense": 10202000.0,
        "General And Administrative Expense": 5358000.0,
        "Other Gand A": 5358000.0,
        "Salaries And Wages": NaN,
        "Gross Profit": 7015000.0,
        "Cost Of Revenue": 5518000.0,
        "Total Revenue": 12533000.0,
        "Operating Revenue": 12533000.0
    },
    "2022-12-31": {
        "Tax Effect Of Unusual Items": 0.0,
        "Tax Rate For Calcs": 0.4,
        "Normalized EBITDA": -5208000.0,
        "Total Unusual Items": 0.0,
        "Total Unusual Items Excluding Goodwill": 0.0,
        "Net Income From Continuing Operation Net Minority Interest": -6245000.0,
        "Reconciled Depreciation": 2753000.0,
        "Reconciled Cost Of Revenue": 6433000.0,
        "EBITDA": -5208000.0,
        "EBIT": -5208000.0,
        "Net Interest Income": -1007000.0,
        "Interest Expense": 1026000.0,
        "Interest Income": 19000.0,
        "Normalized Income": -6245000.0,
        "Net Income From Continuing And Discontinued Operation": -6245000.0,
        "Total Expenses": 18996000.0,
        "Total Operating Income As Reported": -5192000.0,
        "Diluted Average Shares": 29571933.0,
        "Basic Average Shares": 29571933.0,
        "Diluted EPS": -0.2,
        "Basic EPS": -0.2,
        "Diluted NI Availto Com Stockholders": -6245000.0,
        "Net Income Common Stockholders": -6245000.0,
        "Net Income": -6245000.0,
        "Net Income Including Noncontrolling Interests": -6245000.0,
        "Net Income Continuous Operations": -6245000.0,
        "Tax Provision": 11000.0,
        "Pretax Income": -6234000.0,
        "Other Income Expense": -35000.0,
        "Other Non Operating Income Expenses": -35000.0,
        "Special Income Charges": 0.0,
        "Net Non Operating Interest Income Expense": -1007000.0,
        "Interest Expense Non Operating": 1026000.0,
        "Interest Income Non Operating": 19000.0,
        "Operating Income": -5192000.0,
        "Operating Expense": 12563000.0,
        "Research And Development": 1458000.0,
        "Selling General And Administration": 11105000.0,
        "Selling And Marketing Expense": 9441000.0,
        "General And Administrative Expense": 1664000.0,
        "Other Gand A": 1664000.0,
        "Salaries And Wages": NaN,
        "Gross Profit": 7371000.0,
        "Cost Of Revenue": 6433000.0,
        "Total Revenue": 13804000.0,
        "Operating Revenue": 13804000.0
    },
    "2022-09-30": {
        "Tax Effect Of Unusual Items": 0.0,
        "Tax Rate For Calcs": 0.0,
        "Normalized EBITDA": -7776000.0,
        "Total Unusual Items": 0.0,
        "Total Unusual Items Excluding Goodwill": 0.0,
        "Net Income From Continuing Operation Net Minority Interest": -11329000.0,
        "Reconciled Depreciation": 2692000.0,
        "Reconciled Cost Of Revenue": 5775000.0,
        "EBITDA": -7776000.0,
        "EBIT": -10468000.0,
        "Net Interest Income": -819000.0,
        "Interest Expense": 861000.0,
        "Interest Income": 42000.0,
        "Normalized Income": -11329000.0,
        "Net Income From Continuing And Discontinued Operation": -11329000.0,
        "Total Expenses": 23096000.0,
        "Total Operating Income As Reported": -10508000.0,
        "Diluted Average Shares": 1430056.0,
        "Basic Average Shares": 1430056.0,
        "Diluted EPS": -7.92,
        "Basic EPS": -7.92,
        "Diluted NI Availto Com Stockholders": -11329000.0,
        "Net Income Common Stockholders": -11329000.0,
        "Net Income": -11329000.0,
        "Net Income Including Noncontrolling Interests": -11329000.0,
        "Net Income Continuous Operations": -11329000.0,
        "Tax Provision": 0.0,
        "Pretax Income": -11329000.0,
        "Other Income Expense": -2000.0,
        "Other Non Operating Income Expenses": -2000.0,
        "Special Income Charges": 0.0,
        "Net Non Operating Interest Income Expense": -819000.0,
        "Interest Expense Non Operating": 861000.0,
        "Interest Income Non Operating": 42000.0,
        "Operating Income": -10508000.0,
        "Operating Expense": 17321000.0,
        "Research And Development": 1456000.0,
        "Selling General And Administration": 15865000.0,
        "Selling And Marketing Expense": 9723000.0,
        "General And Administrative Expense": 6142000.0,
        "Other Gand A": 6142000.0,
        "Salaries And Wages": NaN,
        "Gross Profit": 6813000.0,
        "Cost Of Revenue": 5775000.0,
        "Total Revenue": 12588000.0,
        "Operating Revenue": 12588000.0
    },
    "2022-06-30": {
        "Tax Effect Of Unusual Items": 0.0,
        "Tax Rate For Calcs": 0.0,
        "Normalized EBITDA": -2217000.0,
        "Total Unusual Items": 0.0,
        "Total Unusual Items Excluding Goodwill": 0.0,
        "Net Income From Continuing Operation Net Minority Interest": -5613000.0,
        "Reconciled Depreciation": 2693000.0,
        "Reconciled Cost Of Revenue": 5322000.0,
        "EBITDA": -2217000.0,
        "EBIT": -4910000.0,
        "Net Interest Income": -684000.0,
        "Interest Expense": 703000.0,
        "Interest Income": 19000.0,
        "Normalized Income": -5613000.0,
        "Net Income From Continuing And Discontinued Operation": -5613000.0,
        "Total Expenses": 17866000.0,
        "Total Operating Income As Reported": -4899000.0,
        "Diluted Average Shares": 28550489.0,
        "Basic Average Shares": 28550489.0,
        "Diluted EPS": -0.2,
        "Basic EPS": -0.2,
        "Diluted NI Availto Com Stockholders": -5613000.0,
        "Net Income Common Stockholders": -5613000.0,
        "Net Income": -5613000.0,
        "Net Income Including Noncontrolling Interests": -5613000.0,
        "Net Income Continuous Operations": -5613000.0,
        "Tax Provision": 0.0,
        "Pretax Income": -5613000.0,
        "Other Income Expense": -30000.0,
        "Other Non Operating Income Expenses": -30000.0,
        "Special Income Charges": 0.0,
        "Net Non Operating Interest Income Expense": -684000.0,
        "Interest Expense Non Operating": 703000.0,
        "Interest Income Non Operating": 19000.0,
        "Operating Income": -4899000.0,
        "Operating Expense": 12544000.0,
        "Research And Development": 1274000.0,
        "Selling General And Administration": 11270000.0,
        "Selling And Marketing Expense": 9691000.0,
        "General And Administrative Expense": 1579000.0,
        "Other Gand A": 1579000.0,
        "Salaries And Wages": NaN,
        "Gross Profit": 7645000.0,
        "Cost Of Revenue": 5322000.0,
        "Total Revenue": 12967000.0,
        "Operating Revenue": 12967000.0
    },
    "2022-03-31": {
        "Diluted EPS": -0.38,
        "Total Revenue": 11,
        "Gross Profit": 5,
        "Operating Income": -10,
        "EBIT": -8,
        "Net Income": -11
    },
    "2021-12-31": {
        "Diluted EPS": 16.34,
        "Total Revenue": 14,
        "Gross Profit": 8,
        "Operating Income": -7,
        "EBIT": -4,
        "Net Income": 11
    },
    "2021-09-30": {
        "Diluted EPS": -1.15,
        "Total Revenue": 13,
        "Gross Profit": 7,
        "Operating Income": -6,
        "EBIT": -2,
        "Net Income": -3
    },
    "2021-06-30": {
        "Diluted EPS": -5.48,
        "Total Revenue": 14,
        "Gross Profit": 9,
        "Operating Income": -12,
        "EBIT": -8,
        "Net Income": -14
    },
    "2021-03-31": {
        "Diluted EPS": -12.77,
        "Total Revenue": 12,
        "Gross Profit": 7,
        "Operating Income": -5,
        "EBIT": -1,
        "Net Income": -15
    },
    "2020-12-31": {
        "Diluted EPS": 0.0,
        "Total Revenue": NaN,
        "Gross Profit": NaN,
        "Operating Income": NaN,
        "EBIT": NaN,
        "Net Income": NaN
    },
    "2020-09-30": {
        "Diluted EPS": -7.33,
        "Total Revenue": 12,
        "Gross Profit": 7,
        "Operating Income": -3,
        "EBIT": -3,
        "Net Income": -7
    },
    "2023-06-30": {
        "Tax Effect Of Unusual Items": 0.0,
        "Tax Rate For Calcs": 0.4,
        "Normalized EBITDA": -5530000.0,
        "Total Unusual Items": NaN,
        "Total Unusual Items Excluding Goodwill": NaN,
        "Net Income From Continuing Operation Net Minority Interest": -8681000.0,
        "Reconciled Depreciation": 1983000.0,
        "Reconciled Cost Of Revenue": 5989000.0,
        "EBITDA": -5530000.0,
        "EBIT": -7513000.0,
        "Net Interest Income": -982000.0,
        "Interest Expense": 1129000.0,
        "Interest Income": 147000.0,
        "Normalized Income": -8681000.0,
        "Net Income From Continuing And Discontinued Operation": -8681000.0,
        "Total Expenses": 21049000.0,
        "Total Operating Income As Reported": -7658000.0,
        "Diluted Average Shares": 8848686.0,
        "Basic Average Shares": 8848686.0,
        "Diluted EPS": -1.0,
        "Basic EPS": -1.0,
        "Diluted NI Availto Com Stockholders": -8681000.0,
        "Net Income Common Stockholders": -8681000.0,
        "Net Income": -8681000.0,
        "Net Income Including Noncontrolling Interests": -8681000.0,
        "Net Income Continuous Operations": -8681000.0,
        "Tax Provision": 39000.0,
        "Pretax Income": -8642000.0,
        "Other Income Expense": -2000.0,
        "Other Non Operating Income Expenses": -2000.0,
        "Special Income Charges": NaN,
        "Net Non Operating Interest Income Expense": -982000.0,
        "Interest Expense Non Operating": 1129000.0,
        "Interest Income Non Operating": 147000.0,
        "Operating Income": -7658000.0,
        "Operating Expense": 15060000.0,
        "Research And Development": 1477000.0,
        "Selling General And Administration": 13583000.0,
        "Selling And Marketing Expense": 9361000.0,
        "General And Administrative Expense": 4222000.0,
        "Other Gand A": 4222000.0,
        "Salaries And Wages": 1051000.0,
        "Gross Profit": 7402000.0,
        "Cost Of Revenue": 5989000.0,
        "Total Revenue": 13391000.0,
        "Operating Revenue": 13391000.0
    },
    "2023-09-30": {
        "Tax Effect Of Unusual Items": 0.0,
        "Tax Rate For Calcs": 0.21,
        "Normalized EBITDA": -4560000.0,
        "Total Unusual Items": NaN,
        "Total Unusual Items Excluding Goodwill": NaN,
        "Net Income From Continuing Operation Net Minority Interest": -7181000.0,
        "Reconciled Depreciation": 1446000.0,
        "Reconciled Cost Of Revenue": 5747000.0,
        "EBITDA": -4560000.0,
        "EBIT": -6006000.0,
        "Net Interest Income": -1080000.0,
        "Interest Expense": 1172000.0,
        "Interest Income": 92000.0,
        "Normalized Income": -7181000.0,
        "Net Income From Continuing And Discontinued Operation": -7181000.0,
        "Total Expenses": 18061000.0,
        "Total Operating Income As Reported": -6096000.0,
        "Diluted Average Shares": 8872998.0,
        "Basic Average Shares": 8872998.0,
        "Diluted EPS": -0.81,
        "Basic EPS": -0.81,
        "Diluted NI Availto Com Stockholders": -7181000.0,
        "Net Income Common Stockholders": -7181000.0,
        "Net Income": -7181000.0,
        "Net Income Including Noncontrolling Interests": -7181000.0,
        "Net Income Continuous Operations": -7181000.0,
        "Tax Provision": 3000.0,
        "Pretax Income": -7178000.0,
        "Other Income Expense": -2000.0,
        "Other Non Operating Income Expenses": -2000.0,
        "Special Income Charges": NaN,
        "Net Non Operating Interest Income Expense": -1080000.0,
        "Interest Expense Non Operating": 1172000.0,
        "Interest Income Non Operating": 92000.0,
        "Operating Income": -6096000.0,
        "Operating Expense": 12314000.0,
        "Research And Development": 1413000.0,
        "Selling General And Administration": 10901000.0,
        "Selling And Marketing Expense": 6711000.0,
        "General And Administrative Expense": 4190000.0,
        "Other Gand A": 4190000.0,
        "Salaries And Wages": NaN,
        "Gross Profit": 6218000.0,
        "Cost Of Revenue": 5747000.0,
        "Total Revenue": 11965000.0,
        "Operating Revenue": 11965000.0
    }
}