{
    "2023-03-31": {
        "Tax Effect Of Unusual Items": NaN,
        "Tax Rate For Calcs": NaN,
        "Normalized EBITDA": NaN,
        "Total Unusual Items": NaN,
        "Total Unusual Items Excluding Goodwill": NaN,
        "Net Income From Continuing Operation Net Minority Interest": NaN,
        "Reconciled Depreciation": NaN,
        "Reconciled Cost Of Revenue": NaN,
        "EBITDA": NaN,
        "EBIT": NaN,
        "Net Interest Income": NaN,
        "Interest Expense": NaN,
        "Normalized Income": NaN,
        "Net Income From Continuing And Discontinued Operation": NaN,
        "Total Expenses": NaN,
        "Total Operating Income As Reported": NaN,
        "Diluted Average Shares": 80978008.0,
        "Basic Average Shares": 80978008.0,
        "Diluted EPS": -0.11,
        "Basic EPS": -0.11,
        "Diluted NI Availto Com Stockholders": NaN,
        "Net Income Common Stockholders": NaN,
        "Net Income": NaN,
        "Minority Interests": NaN,
        "Net Income Including Noncontrolling Interests": NaN,
        "Net Income Continuous Operations": NaN,
        "Tax Provision": NaN,
        "Pretax Income": NaN,
        "Other Income Expense": NaN,
        "Other Non Operating Income Expenses": NaN,
        "Special Income Charges": NaN,
        "Gain On Sale Of Ppe": NaN,
        "Gain On Sale Of Business": 0.0,
        "Other Special Charges": NaN,
        "Gain On Sale Of Security": NaN,
        "Net Non Operating Interest Income Expense": NaN,
        "Total Other Finance Cost": NaN,
        "Interest Expense Non Operating": NaN,
        "Operating Income": NaN,
        "Operating Expense": NaN,
        "Selling General And Administration": NaN,
        "Selling And Marketing Expense": NaN,
        "General And Administrative Expense": NaN,
        "Other Gand A": NaN,
        "Gross Profit": NaN,
        "Cost Of Revenue": NaN,
        "Total Revenue": NaN,
        "Operating Revenue": NaN
    },
    "2022-12-31": {
        "Tax Effect Of Unusual Items": NaN,
        "Tax Rate For Calcs": NaN,
        "Normalized EBITDA": NaN,
        "Total Unusual Items": NaN,
        "Total Unusual Items Excluding Goodwill": NaN,
        "Net Income From Continuing Operation Net Minority Interest": NaN,
        "Reconciled Depreciation": NaN,
        "Reconciled Cost Of Revenue": NaN,
        "EBITDA": NaN,
        "EBIT": NaN,
        "Net Interest Income": NaN,
        "Interest Expense": NaN,
        "Normalized Income": NaN,
        "Net Income From Continuing And Discontinued Operation": NaN,
        "Total Expenses": NaN,
        "Total Operating Income As Reported": NaN,
        "Diluted Average Shares": 83362862.0,
        "Basic Average Shares": 80815963.0,
        "Diluted EPS": 0.18,
        "Basic EPS": 0.18,
        "Diluted NI Availto Com Stockholders": NaN,
        "Net Income Common Stockholders": NaN,
        "Net Income": NaN,
        "Minority Interests": NaN,
        "Net Income Including Noncontrolling Interests": NaN,
        "Net Income Continuous Operations": NaN,
        "Tax Provision": NaN,
        "Pretax Income": NaN,
        "Other Income Expense": NaN,
        "Other Non Operating Income Expenses": NaN,
        "Special Income Charges": NaN,
        "Gain On Sale Of Ppe": NaN,
        "Gain On Sale Of Business": NaN,
        "Gain On Sale Of Security": NaN,
        "Net Non Operating Interest Income Expense": NaN,
        "Total Other Finance Cost": NaN,
        "Interest Expense Non Operating": NaN,
        "Operating Income": NaN,
        "Operating Expense": NaN,
        "Selling General And Administration": NaN,
        "Selling And Marketing Expense": NaN,
        "General And Administrative Expense": NaN,
        "Other Gand A": NaN,
        "Gross Profit": NaN,
        "Cost Of Revenue": NaN,
        "Total Revenue": NaN,
        "Operating Revenue": NaN
    },
    "2022-09-30": {
        "Tax Effect Of Unusual Items": NaN,
        "Tax Rate For Calcs": NaN,
        "Normalized EBITDA": NaN,
        "Total Unusual Items": NaN,
        "Total Unusual Items Excluding Goodwill": NaN,
        "Net Income From Continuing Operation Net Minority Interest": NaN,
        "Reconciled Depreciation": NaN,
        "Reconciled Cost Of Revenue": NaN,
        "EBITDA": NaN,
        "EBIT": NaN,
        "Net Interest Income": NaN,
        "Interest Expense": NaN,
        "Normalized Income": NaN,
        "Net Income From Continuing And Discontinued Operation": NaN,
        "Total Expenses": NaN,
        "Total Operating Income As Reported": NaN,
        "Diluted Average Shares": NaN,
        "Basic Average Shares": NaN,
        "Diluted EPS": NaN,
        "Basic EPS": NaN,
        "Diluted NI Availto Com Stockholders": NaN,
        "Net Income Common Stockholders": NaN,
        "Otherunder Preferred Stock Dividend": 47000.0,
        "Net Income": NaN,
        "Minority Interests": NaN,
        "Net Income Including Noncontrolling Interests": NaN,
        "Net Income Continuous Operations": NaN,
        "Tax Provision": NaN,
        "Pretax Income": NaN,
        "Other Income Expense": NaN,
        "Other Non Operating Income Expenses": NaN,
        "Special Income Charges": NaN,
        "Gain On Sale Of Ppe": NaN,
        "Gain On Sale Of Business": NaN,
        "Gain On Sale Of Security": NaN,
        "Net Non Operating Interest Income Expense": NaN,
        "Total Other Finance Cost": NaN,
        "Interest Expense Non Operating": NaN,
        "Operating Income": NaN,
        "Operating Expense": NaN,
        "Selling General And Administration": NaN,
        "Selling And Marketing Expense": NaN,
        "General And Administrative Expense": NaN,
        "Other Gand A": NaN,
        "Gross Profit": NaN,
        "Cost Of Revenue": NaN,
        "Total Revenue": NaN,
        "Operating Revenue": NaN
    },
    "2022-06-30": {
        "Tax Effect Of Unusual Items": 2854000.0,
        "Tax Rate For Calcs": 0.4,
        "Normalized EBITDA": 25372000.0,
        "Total Unusual Items": 7135000.0,
        "Total Unusual Items Excluding Goodwill": 7135000.0,
        "Net Income From Continuing Operation Net Minority Interest": 3179000.0,
        "Reconciled Depreciation": 22443000.0,
        "Reconciled Cost Of Revenue": 238618000.0,
        "EBITDA": 32507000.0,
        "EBIT": 10064000.0,
        "Net Interest Income": -10727000.0,
        "Interest Expense": 10384000.0,
        "Normalized Income": -1102000.0,
        "Net Income From Continuing And Discontinued Operation": 3179000.0,
        "Total Expenses": 346230000.0,
        "Total Operating Income As Reported": 5292000.0,
        "Diluted Average Shares": 81510936.0,
        "Basic Average Shares": 80171174.0,
        "Diluted EPS": 0.04,
        "Basic EPS": 0.04,
        "Diluted NI Availto Com Stockholders": 3148000.0,
        "Net Income Common Stockholders": 3148000.0,
        "Otherunder Preferred Stock Dividend": 31000.0,
        "Net Income": 3179000.0,
        "Minority Interests": 634000.0,
        "Net Income Including Noncontrolling Interests": 2545000.0,
        "Net Income Continuous Operations": 2545000.0,
        "Tax Provision": -2865000.0,
        "Pretax Income": -320000.0,
        "Other Income Expense": 6490000.0,
        "Other Non Operating Income Expenses": -645000.0,
        "Special Income Charges": 1375000.0,
        "Gain On Sale Of Ppe": 1375000.0,
        "Gain On Sale Of Security": 5760000.0,
        "Net Non Operating Interest Income Expense": -10727000.0,
        "Total Other Finance Cost": 343000.0,
        "Interest Expense Non Operating": 10384000.0,
        "Operating Income": 3917000.0,
        "Operating Expense": 107612000.0,
        "Selling General And Administration": 107612000.0,
        "Selling And Marketing Expense": 68796000.0,
        "General And Administrative Expense": 38816000.0,
        "Other Gand A": 38816000.0,
        "Gross Profit": 111529000.0,
        "Cost Of Revenue": 238618000.0,
        "Total Revenue": 350147000.0,
        "Operating Revenue": 350147000.0
    },
    "2022-03-31": {
        "Diluted EPS": -0.22,
        "Total Revenue": 341,
        "Gross Profit": 104,
        "Operating Income": -22,
        "EBIT": 0,
        "Net Income": -18
    },
    "2021-12-31": {
        "Diluted EPS": -0.06,
        "Total Revenue": 301,
        "Gross Profit": 90,
        "Operating Income": -6,
        "EBIT": 19,
        "Net Income": -8
    },
    "2021-09-30": {
        "Diluted EPS": 0.4,
        "Total Revenue": 313,
        "Gross Profit": 103,
        "Operating Income": 3,
        "EBIT": 24,
        "Net Income": 33
    },
    "2021-06-30": {
        "Diluted EPS": 0.21,
        "Total Revenue": 298,
        "Gross Profit": 96,
        "Operating Income": 4,
        "EBIT": 24,
        "Net Income": 18
    },
    "2021-03-31": {
        "Diluted EPS": -0.3,
        "Total Revenue": 269,
        "Gross Profit": 95,
        "Operating Income": 9,
        "EBIT": 29,
        "Net Income": -23
    },
    "2020-12-31": {
        "Diluted EPS": -1.33,
        "Total Revenue": 246,
        "Gross Profit": 82,
        "Operating Income": 0,
        "EBIT": 13,
        "Net Income": -82
    },
    "2020-09-30": {
        "Diluted EPS": -0.31,
        "Total Revenue": 248,
        "Gross Profit": 86,
        "Operating Income": 2,
        "EBIT": 20,
        "Net Income": -23
    },
    "2020-06-30": {
        "Diluted EPS": 0.0,
        "Total Revenue": 242,
        "Gross Profit": 85,
        "Operating Income": 17,
        "EBIT": 28,
        "Net Income": 7
    },
    "2020-03-31": {
        "Diluted EPS": 0.0,
        "Total Revenue": 228,
        "Gross Profit": 80,
        "Operating Income": 12,
        "EBIT": 21,
        "Net Income": 2
    },
    "2019-12-31": {
        "Diluted EPS": 0.0,
        "Total Revenue": 569,
        "Gross Profit": 184,
        "Operating Income": 14,
        "EBIT": 24,
        "Net Income": -30
    },
    "2019-09-30": {
        "Diluted EPS": 0.0,
        "Total Revenue": 200,
        "Gross Profit": 70,
        "Operating Income": 25,
        "EBIT": 25,
        "Net Income": 10
    },
    "2019-06-30": {
        "Diluted EPS": 0.04,
        "Total Revenue": NaN,
        "Gross Profit": NaN,
        "Operating Income": 0,
        "EBIT": 0,
        "Net Income": 2
    },
    "2019-03-31": {
        "Diluted EPS": 0.04,
        "Total Revenue": NaN,
        "Gross Profit": NaN,
        "Operating Income": 0,
        "EBIT": 0,
        "Net Income": 2
    },
    "2018-12-31": {
        "Diluted EPS": 0.0,
        "Total Revenue": NaN,
        "Gross Profit": NaN,
        "Operating Income": NaN,
        "EBIT": NaN,
        "Net Income": NaN
    },
    "2018-09-30": {
        "Diluted EPS": -9.19,
        "Total Revenue": NaN,
        "Gross Profit": NaN,
        "Operating Income": 0,
        "EBIT": 0,
        "Net Income": 0
    },
    "2023-06-30": {
        "Tax Effect Of Unusual Items": NaN,
        "Tax Rate For Calcs": NaN,
        "Normalized EBITDA": NaN,
        "Total Unusual Items": NaN,
        "Total Unusual Items Excluding Goodwill": NaN,
        "Net Income From Continuing Operation Net Minority Interest": NaN,
        "Reconciled Depreciation": NaN,
        "Reconciled Cost Of Revenue": NaN,
        "EBITDA": NaN,
        "EBIT": NaN,
        "Net Interest Income": NaN,
        "Interest Expense": NaN,
        "Normalized Income": NaN,
        "Net Income From Continuing And Discontinued Operation": NaN,
        "Total Expenses": NaN,
        "Total Operating Income As Reported": NaN,
        "Diluted Average Shares": 81063457.0,
        "Basic Average Shares": 81063457.0,
        "Diluted EPS": -0.05,
        "Basic EPS": -0.05,
        "Diluted NI Availto Com Stockholders": NaN,
        "Net Income Common Stockholders": NaN,
        "Net Income": NaN,
        "Minority Interests": NaN,
        "Net Income Including Noncontrolling Interests": NaN,
        "Net Income Continuous Operations": NaN,
        "Tax Provision": NaN,
        "Pretax Income": NaN,
        "Other Income Expense": NaN,
        "Other Non Operating Income Expenses": NaN,
        "Special Income Charges": NaN,
        "Gain On Sale Of Ppe": NaN,
        "Gain On Sale Of Business": NaN,
        "Other Special Charges": NaN,
        "Gain On Sale Of Security": NaN,
        "Net Non Operating Interest Income Expense": NaN,
        "Total Other Finance Cost": NaN,
        "Interest Expense Non Operating": NaN,
        "Operating Income": NaN,
        "Operating Expense": NaN,
        "Selling General And Administration": NaN,
        "Selling And Marketing Expense": NaN,
        "General And Administrative Expense": NaN,
        "Other Gand A": NaN,
        "Gross Profit": NaN,
        "Cost Of Revenue": NaN,
        "Total Revenue": NaN,
        "Operating Revenue": NaN
    },
    "2023-09-30": {
        "Tax Effect Of Unusual Items": NaN,
        "Tax Rate For Calcs": NaN,
        "Normalized EBITDA": NaN,
        "Total Unusual Items": NaN,
        "Total Unusual Items Excluding Goodwill": NaN,
        "Net Income From Continuing Operation Net Minority Interest": NaN,
        "Reconciled Depreciation": NaN,
        "Reconciled Cost Of Revenue": NaN,
        "EBITDA": NaN,
        "EBIT": NaN,
        "Net Interest Income": NaN,
        "Interest Expense": NaN,
        "Normalized Income": NaN,
        "Net Income From Continuing And Discontinued Operation": NaN,
        "Total Expenses": NaN,
        "Total Operating Income As Reported": NaN,
        "Diluted Average Shares": 83444275.0,
        "Basic Average Shares": 81141417.0,
        "Diluted EPS": 0.19,
        "Basic EPS": 0.2,
        "Diluted NI Availto Com Stockholders": NaN,
        "Net Income Common Stockholders": NaN,
        "Net Income": NaN,
        "Minority Interests": NaN,
        "Net Income Including Noncontrolling Interests": NaN,
        "Net Income Continuous Operations": NaN,
        "Tax Provision": NaN,
        "Pretax Income": NaN,
        "Other Income Expense": NaN,
        "Other Non Operating Income Expenses": NaN,
        "Special Income Charges": NaN,
        "Gain On Sale Of Ppe": NaN,
        "Gain On Sale Of Business": 0.0,
        "Other Special Charges": NaN,
        "Gain On Sale Of Security": NaN,
        "Net Non Operating Interest Income Expense": NaN,
        "Total Other Finance Cost": NaN,
        "Interest Expense Non Operating": NaN,
        "Operating Income": NaN,
        "Operating Expense": NaN,
        "Selling General And Administration": NaN,
        "Selling And Marketing Expense": NaN,
        "General And Administrative Expense": NaN,
        "Other Gand A": NaN,
        "Gross Profit": NaN,
        "Cost Of Revenue": NaN,
        "Total Revenue": NaN,
        "Operating Revenue": NaN
    },
    "2023-12-31": {
        "Tax Effect Of Unusual Items": -2604630.0,
        "Tax Rate For Calcs": 0.21,
        "Normalized EBITDA": 27941000.0,
        "Total Unusual Items": -12403000.0,
        "Total Unusual Items Excluding Goodwill": -12403000.0,
        "Net Income From Continuing Operation Net Minority Interest": -27679000.0,
        "Reconciled Depreciation": 19374000.0,
        "Reconciled Cost Of Revenue": 236771000.0,
        "EBITDA": 15538000.0,
        "EBIT": -3836000.0,
        "Net Interest Income": -15656000.0,
        "Interest Expense": 15184000.0,
        "Normalized Income": -17880630.0,
        "Net Income From Continuing And Discontinued Operation": -27679000.0,
        "Total Expenses": 343847000.0,
        "Total Operating Income As Reported": 10177000.0,
        "Diluted Average Shares": NaN,
        "Basic Average Shares": NaN,
        "Diluted EPS": NaN,
        "Basic EPS": NaN,
        "Diluted NI Availto Com Stockholders": -27679000.0,
        "Net Income Common Stockholders": -27679000.0,
        "Net Income": -27679000.0,
        "Minority Interests": 5533000.0,
        "Net Income Including Noncontrolling Interests": -33212000.0,
        "Net Income Continuous Operations": -33212000.0,
        "Tax Provision": 14192000.0,
        "Pretax Income": -19020000.0,
        "Other Income Expense": -11616000.0,
        "Other Non Operating Income Expenses": 787000.0,
        "Special Income Charges": 1925000.0,
        "Gain On Sale Of Ppe": 1925000.0,
        "Gain On Sale Of Business": NaN,
        "Other Special Charges": NaN,
        "Gain On Sale Of Security": -14328000.0,
        "Net Non Operating Interest Income Expense": -15656000.0,
        "Total Other Finance Cost": 472000.0,
        "Interest Expense Non Operating": 15184000.0,
        "Operating Income": 8252000.0,
        "Operating Expense": 107076000.0,
        "Selling General And Administration": 107076000.0,
        "Selling And Marketing Expense": 71035000.0,
        "General And Administrative Expense": 36041000.0,
        "Other Gand A": 36041000.0,
        "Gross Profit": 115328000.0,
        "Cost Of Revenue": 236771000.0,
        "Total Revenue": 352099000.0,
        "Operating Revenue": 352099000.0
    },
    "2024-03-31": {
        "Tax Effect Of Unusual Items": NaN,
        "Tax Rate For Calcs": NaN,
        "Normalized EBITDA": NaN,
        "Total Unusual Items": NaN,
        "Total Unusual Items Excluding Goodwill": NaN,
        "Net Income From Continuing Operation Net Minority Interest": NaN,
        "Reconciled Depreciation": NaN,
        "Reconciled Cost Of Revenue": NaN,
        "EBITDA": NaN,
        "EBIT": NaN,
        "Net Interest Income": NaN,
        "Interest Expense": NaN,
        "Normalized Income": NaN,
        "Net Income From Continuing And Discontinued Operation": NaN,
        "Total Expenses": NaN,
        "Total Operating Income As Reported": NaN,
        "Diluted Average Shares": 81389465.0,
        "Basic Average Shares": 81389465.0,
        "Diluted EPS": -0.05,
        "Basic EPS": -0.05,
        "Diluted NI Availto Com Stockholders": NaN,
        "Net Income Common Stockholders": NaN,
        "Net Income": NaN,
        "Minority Interests": NaN,
        "Net Income Including Noncontrolling Interests": NaN,
        "Net Income Continuous Operations": NaN,
        "Tax Provision": NaN,
        "Pretax Income": NaN,
        "Other Income Expense": NaN,
        "Other Non Operating Income Expenses": NaN,
        "Special Income Charges": NaN,
        "Gain On Sale Of Ppe": NaN,
        "Gain On Sale Of Business": NaN,
        "Other Special Charges": NaN,
        "Gain On Sale Of Security": NaN,
        "Net Non Operating Interest Income Expense": NaN,
        "Total Other Finance Cost": NaN,
        "Interest Expense Non Operating": NaN,
        "Operating Income": NaN,
        "Operating Expense": NaN,
        "Selling General And Administration": NaN,
        "Selling And Marketing Expense": NaN,
        "General And Administrative Expense": NaN,
        "Other Gand A": NaN,
        "Gross Profit": NaN,
        "Cost Of Revenue": NaN,
        "Total Revenue": NaN,
        "Operating Revenue": NaN
    },
    "2024-06-30": {
        "Tax Effect Of Unusual Items": NaN,
        "Tax Rate For Calcs": NaN,
        "Normalized EBITDA": NaN,
        "Total Unusual Items": NaN,
        "Total Unusual Items Excluding Goodwill": NaN,
        "Net Income From Continuing Operation Net Minority Interest": NaN,
        "Reconciled Depreciation": NaN,
        "Reconciled Cost Of Revenue": NaN,
        "EBITDA": NaN,
        "EBIT": NaN,
        "Net Interest Income": NaN,
        "Interest Expense": NaN,
        "Normalized Income": NaN,
        "Net Income From Continuing And Discontinued Operation": NaN,
        "Total Expenses": NaN,
        "Total Operating Income As Reported": NaN,
        "Diluted Average Shares": NaN,
        "Basic Average Shares": NaN,
        "Diluted EPS": NaN,
        "Basic EPS": NaN,
        "Diluted NI Availto Com Stockholders": NaN,
        "Net Income Common Stockholders": NaN,
        "Net Income": NaN,
        "Minority Interests": NaN,
        "Net Income Including Noncontrolling Interests": NaN,
        "Net Income Continuous Operations": NaN,
        "Tax Provision": NaN,
        "Pretax Income": NaN,
        "Other Income Expense": 14200000.0,
        "Other Non Operating Income Expenses": NaN,
        "Special Income Charges": NaN,
        "Gain On Sale Of Ppe": NaN,
        "Gain On Sale Of Business": NaN,
        "Other Special Charges": 1300000.0,
        "Gain On Sale Of Security": NaN,
        "Net Non Operating Interest Income Expense": NaN,
        "Total Other Finance Cost": NaN,
        "Interest Expense Non Operating": NaN,
        "Operating Income": NaN,
        "Operating Expense": NaN,
        "Selling General And Administration": NaN,
        "Selling And Marketing Expense": NaN,
        "General And Administrative Expense": NaN,
        "Other Gand A": NaN,
        "Gross Profit": NaN,
        "Cost Of Revenue": NaN,
        "Total Revenue": NaN,
        "Operating Revenue": NaN
    },
    "2024-09-30": {
        "Tax Effect Of Unusual Items": -1580000.0,
        "Tax Rate For Calcs": 0.2,
        "Normalized EBITDA": 38700000.0,
        "Total Unusual Items": -7900000.0,
        "Total Unusual Items Excluding Goodwill": -7900000.0,
        "Net Income From Continuing Operation Net Minority Interest": -2200000.0,
        "Reconciled Depreciation": 17500000.0,
        "Reconciled Cost Of Revenue": 234500000.0,
        "EBITDA": 30800000.0,
        "EBIT": 13300000.0,
        "Net Interest Income": -12600000.0,
        "Interest Expense": 12300000.0,
        "Normalized Income": 4120000.0,
        "Net Income From Continuing And Discontinued Operation": -2200000.0,
        "Total Expenses": 344500000.0,
        "Total Operating Income As Reported": 19500000.0,
        "Diluted Average Shares": 82445064.0,
        "Basic Average Shares": 82445064.0,
        "Diluted EPS": -0.03,
        "Basic EPS": -0.03,
        "Diluted NI Availto Com Stockholders": -2200000.0,
        "Net Income Common Stockholders": -2200000.0,
        "Net Income": -2200000.0,
        "Minority Interests": -3000000.0,
        "Net Income Including Noncontrolling Interests": 800000.0,
        "Net Income Continuous Operations": 800000.0,
        "Tax Provision": 200000.0,
        "Pretax Income": 1000000.0,
        "Other Income Expense": -7400000.0,
        "Other Non Operating Income Expenses": 500000.0,
        "Special Income Charges": -1500000.0,
        "Gain On Sale Of Ppe": -1500000.0,
        "Gain On Sale Of Business": 0.0,
        "Other Special Charges": NaN,
        "Gain On Sale Of Security": -6400000.0,
        "Net Non Operating Interest Income Expense": -12600000.0,
        "Total Other Finance Cost": 300000.0,
        "Interest Expense Non Operating": 12300000.0,
        "Operating Income": 21000000.0,
        "Operating Expense": 110000000.0,
        "Selling General And Administration": 110000000.0,
        "Selling And Marketing Expense": 80100000.0,
        "General And Administrative Expense": 29900000.0,
        "Other Gand A": 29900000.0,
        "Gross Profit": 131000000.0,
        "Cost Of Revenue": 234500000.0,
        "Total Revenue": 365500000.0,
        "Operating Revenue": 365500000.0
    },
    "2024-12-31": {
        "Tax Effect Of Unusual Items": 3165120.0,
        "Tax Rate For Calcs": 0.21,
        "Normalized EBITDA": 25814000.0,
        "Total Unusual Items": 15072000.0,
        "Total Unusual Items Excluding Goodwill": 15072000.0,
        "Net Income From Continuing Operation Net Minority Interest": 2314000.0,
        "Reconciled Depreciation": 17550000.0,
        "Reconciled Cost Of Revenue": 221618000.0,
        "EBITDA": 40886000.0,
        "EBIT": 23336000.0,
        "Net Interest Income": -8231000.0,
        "Interest Expense": 7880000.0,
        "Normalized Income": -9592880.0,
        "Net Income From Continuing And Discontinued Operation": 2314000.0,
        "Total Expenses": 333329000.0,
        "Total Operating Income As Reported": 7236000.0,
        "Diluted Average Shares": 86685475.0,
        "Basic Average Shares": 83119960.0,
        "Diluted EPS": 0.03,
        "Basic EPS": 0.03,
        "Diluted NI Availto Com Stockholders": 2314000.0,
        "Net Income Common Stockholders": 2314000.0,
        "Net Income": 2314000.0,
        "Minority Interests": 193000.0,
        "Net Income Including Noncontrolling Interests": 2121000.0,
        "Net Income Continuous Operations": 2121000.0,
        "Tax Provision": 13335000.0,
        "Pretax Income": 15456000.0,
        "Other Income Expense": 15971000.0,
        "Other Non Operating Income Expenses": 899000.0,
        "Special Income Charges": -480000.0,
        "Gain On Sale Of Ppe": -480000.0,
        "Gain On Sale Of Business": 0.0,
        "Other Special Charges": 0.0,
        "Gain On Sale Of Security": 15552000.0,
        "Net Non Operating Interest Income Expense": -8231000.0,
        "Total Other Finance Cost": 351000.0,
        "Interest Expense Non Operating": 7880000.0,
        "Operating Income": 7716000.0,
        "Operating Expense": 111711000.0,
        "Selling General And Administration": 111711000.0,
        "Selling And Marketing Expense": 78565000.0,
        "General And Administrative Expense": 33146000.0,
        "Other Gand A": 33146000.0,
        "Gross Profit": 119427000.0,
        "Cost Of Revenue": 221618000.0,
        "Total Revenue": 341045000.0,
        "Operating Revenue": 341045000.0
    },
    "2025-03-31": {
        "Tax Effect Of Unusual Items": 2340450.0,
        "Tax Rate For Calcs": 0.21,
        "Normalized EBITDA": 23774000.0,
        "Total Unusual Items": 11145000.0,
        "Total Unusual Items Excluding Goodwill": 11145000.0,
        "Net Income From Continuing Operation Net Minority Interest": 7502000.0,
        "Reconciled Depreciation": 18745000.0,
        "Reconciled Cost Of Revenue": 233854000.0,
        "EBITDA": 34919000.0,
        "EBIT": 16174000.0,
        "Net Interest Income": -11470000.0,
        "Interest Expense": 11121000.0,
        "Normalized Income": -1302550.0,
        "Net Income From Continuing And Discontinued Operation": 7502000.0,
        "Total Expenses": 347068000.0,
        "Total Operating Income As Reported": 5676000.0,
        "Diluted Average Shares": 85721393.0,
        "Basic Average Shares": 85721393.0,
        "Diluted EPS": 0.09,
        "Basic EPS": 0.09,
        "Diluted NI Availto Com Stockholders": 7502000.0,
        "Net Income Common Stockholders": 7502000.0,
        "Net Income": 7502000.0,
        "Minority Interests": 1824000.0,
        "Net Income Including Noncontrolling Interests": 5678000.0,
        "Net Income Continuous Operations": 5678000.0,
        "Tax Provision": -625000.0,
        "Pretax Income": 5053000.0,
        "Other Income Expense": 11507000.0,
        "Other Non Operating Income Expenses": 362000.0,
        "Special Income Charges": 129000.0,
        "Gain On Sale Of Ppe": 660000.0,
        "Gain On Sale Of Business": 0.0,
        "Other Special Charges": 531000.0,
        "Gain On Sale Of Security": 11016000.0,
        "Net Non Operating Interest Income Expense": -11470000.0,
        "Total Other Finance Cost": 349000.0,
        "Interest Expense Non Operating": 11121000.0,
        "Operating Income": 5016000.0,
        "Operating Expense": 113214000.0,
        "Selling General And Administration": 113214000.0,
        "Selling And Marketing Expense": 77265000.0,
        "General And Administrative Expense": 35949000.0,
        "Other Gand A": 35949000.0,
        "Gross Profit": 118230000.0,
        "Cost Of Revenue": 233854000.0,
        "Total Revenue": 352084000.0,
        "Operating Revenue": 352084000.0
    },
    "2025-06-30": {
        "Tax Effect Of Unusual Items": 2436000.0,
        "Tax Rate For Calcs": 0.21,
        "Normalized EBITDA": 27655000.0,
        "Total Unusual Items": 11600000.0,
        "Total Unusual Items Excluding Goodwill": 11600000.0,
        "Net Income From Continuing Operation Net Minority Interest": 10500000.0,
        "Reconciled Depreciation": 21255000.0,
        "Reconciled Cost Of Revenue": 239900000.0,
        "EBITDA": 39255000.0,
        "EBIT": 18000000.0,
        "Net Interest Income": -11400000.0,
        "Interest Expense": 11100000.0,
        "Normalized Income": 1336000.0,
        "Net Income From Continuing And Discontinued Operation": 10500000.0,
        "Total Expenses": 359400000.0,
        "Total Operating Income As Reported": 6400000.0,
        "Diluted Average Shares": 87679440.0,
        "Basic Average Shares": 86118292.0,
        "Diluted EPS": 0.12,
        "Basic EPS": 0.12,
        "Diluted NI Availto Com Stockholders": 10500000.0,
        "Net Income Common Stockholders": 10500000.0,
        "Net Income": 10500000.0,
        "Minority Interests": 400000.0,
        "Net Income Including Noncontrolling Interests": 10100000.0,
        "Net Income Continuous Operations": 10100000.0,
        "Tax Provision": -3200000.0,
        "Pretax Income": 6900000.0,
        "Other Income Expense": 11000000.0,
        "Other Non Operating Income Expenses": -600000.0,
        "Special Income Charges": -900000.0,
        "Gain On Sale Of Ppe": -900000.0,
        "Gain On Sale Of Business": 0.0,
        "Other Special Charges": NaN,
        "Gain On Sale Of Security": 12500000.0,
        "Net Non Operating Interest Income Expense": -11400000.0,
        "Total Other Finance Cost": 300000.0,
        "Interest Expense Non Operating": 11100000.0,
        "Operating Income": 7300000.0,
        "Operating Expense": 119500000.0,
        "Selling General And Administration": 119500000.0,
        "Selling And Marketing Expense": 85800000.0,
        "General And Administrative Expense": 33700000.0,
        "Other Gand A": 33700000.0,
        "Gross Profit": 126800000.0,
        "Cost Of Revenue": 239900000.0,
        "Total Revenue": 366700000.0,
        "Operating Revenue": 366700000.0
    },
    "2025-09-30": {
        "Tax Effect Of Unusual Items": -252000.0,
        "Tax Rate For Calcs": 0.21,
        "Normalized EBITDA": 25100000.0,
        "Total Unusual Items": -1200000.0,
        "Total Unusual Items Excluding Goodwill": -1200000.0,
        "Net Income From Continuing Operation Net Minority Interest": -14700000.0,
        "Reconciled Depreciation": 20400000.0,
        "Reconciled Cost Of Revenue": 250900000.0,
        "EBITDA": 23900000.0,
        "EBIT": 3500000.0,
        "Net Interest Income": -10600000.0,
        "Interest Expense": 10300000.0,
        "Normalized Income": -13752000.0,
        "Net Income From Continuing And Discontinued Operation": -14700000.0,
        "Total Expenses": 374000000.0,
        "Total Operating Income As Reported": 3300000.0,
        "Diluted Average Shares": 86958867.0,
        "Basic Average Shares": 86958867.0,
        "Diluted EPS": -0.17,
        "Basic EPS": -0.17,
        "Diluted NI Availto Com Stockholders": -14700000.0,
        "Net Income Common Stockholders": -14700000.0,
        "Net Income": -14700000.0,
        "Minority Interests": 5500000.0,
        "Net Income Including Noncontrolling Interests": -20200000.0,
        "Net Income Continuous Operations": -20200000.0,
        "Tax Provision": 13400000.0,
        "Pretax Income": -6800000.0,
        "Other Income Expense": NaN,
        "Other Non Operating Income Expenses": 1200000.0,
        "Special Income Charges": -500000.0,
        "Gain On Sale Of Ppe": -500000.0,
        "Gain On Sale Of Business": 0.0,
        "Other Special Charges": NaN,
        "Gain On Sale Of Security": -700000.0,
        "Net Non Operating Interest Income Expense": -10600000.0,
        "Total Other Finance Cost": 300000.0,
        "Interest Expense Non Operating": 10300000.0,
        "Operating Income": 3800000.0,
        "Operating Expense": 123100000.0,
        "Selling General And Administration": 123100000.0,
        "Selling And Marketing Expense": 88400000.0,
        "General And Administrative Expense": 34700000.0,
        "Other Gand A": 34700000.0,
        "Gross Profit": 126900000.0,
        "Cost Of Revenue": 250900000.0,
        "Total Revenue": 377800000.0,
        "Operating Revenue": 377800000.0
    }
}