{
    "2023-06-30": {
        "Tax Effect Of Unusual Items": 0.0,
        "Tax Rate For Calcs": 0.239,
        "Net Income From Continuing Operation Net Minority Interest": 28566000.0,
        "EBIT": 38991000.0,
        "Net Interest Income": -1629000.0,
        "Interest Expense": 1452000.0,
        "Normalized Income": 28566000.0,
        "Net Income From Continuing And Discontinued Operation": 28566000.0,
        "Total Expenses": 302031000.0,
        "Diluted Average Shares": 30659000.0,
        "Basic Average Shares": 30265000.0,
        "Diluted EPS": 0.93,
        "Basic EPS": 0.94,
        "Diluted NI Availto Com Stockholders": 28564000.0,
        "Net Income Common Stockholders": 28564000.0,
        "Preferred Stock Dividends": 2000.0,
        "Net Income": 28566000.0,
        "Net Income Including Noncontrolling Interests": 28566000.0,
        "Net Income Continuous Operations": 28566000.0,
        "Tax Provision": 8973000.0,
        "Pretax Income": 37539000.0,
        "Other Income Expense": 2031000.0,
        "Net Non Operating Interest Income Expense": -1629000.0,
        "Total Other Finance Cost": 177000.0,
        "Interest Expense Non Operating": 1452000.0,
        "Selling General And Administration": 24669000.0,
        "General And Administrative Expense": 24669000.0,
        "Other Gand A": 24669000.0,
        "Total Revenue": 339570000.0,
        "Operating Revenue": 339570000.0,
        "Loss Adjustment Expense": 223727000.0,
        "Net Policyholder Benefits And Claims": 223727000.0,
        "Policyholder Benefits Gross": 253079000.0,
        "Policyholder Benefits Ceded": 29352000.0
    },
    "2023-03-31": {
        "Tax Effect Of Unusual Items": 0.0,
        "Tax Rate For Calcs": 0.263,
        "Net Income From Continuing Operation Net Minority Interest": 24173000.0,
        "EBIT": 34250000.0,
        "Net Interest Income": -1636000.0,
        "Interest Expense": 1459000.0,
        "Normalized Income": 24173000.0,
        "Net Income From Continuing And Discontinued Operation": 24173000.0,
        "Total Expenses": 283717000.0,
        "Diluted Average Shares": 30626000.0,
        "Basic Average Shares": 30382000.0,
        "Diluted EPS": 0.79,
        "Basic EPS": 0.8,
        "Diluted NI Availto Com Stockholders": 24170000.0,
        "Net Income Common Stockholders": 24170000.0,
        "Preferred Stock Dividends": 3000.0,
        "Net Income": 24173000.0,
        "Net Income Including Noncontrolling Interests": 24173000.0,
        "Net Income Continuous Operations": 24173000.0,
        "Tax Provision": 8618000.0,
        "Pretax Income": 32791000.0,
        "Other Income Expense": 1968000.0,
        "Net Non Operating Interest Income Expense": -1636000.0,
        "Total Other Finance Cost": 177000.0,
        "Interest Expense Non Operating": 1459000.0,
        "Selling General And Administration": 24236000.0,
        "General And Administrative Expense": 24236000.0,
        "Other Gand A": 24236000.0,
        "Total Revenue": 316508000.0,
        "Operating Revenue": 316508000.0,
        "Loss Adjustment Expense": 206154000.0,
        "Net Policyholder Benefits And Claims": 206154000.0,
        "Policyholder Benefits Gross": 208222000.0,
        "Policyholder Benefits Ceded": 2068000.0
    },
    "2022-12-31": {
        "Tax Effect Of Unusual Items": 0.0,
        "Tax Rate For Calcs": 0.23533,
        "Net Income From Continuing Operation Net Minority Interest": 25111000.0,
        "EBIT": 34302000.0,
        "Net Interest Income": -1640000.0,
        "Interest Expense": 1463000.0,
        "Normalized Income": 25111000.0,
        "Net Income From Continuing And Discontinued Operation": 25111000.0,
        "Total Expenses": 297521000.0,
        "Diluted Average Shares": 30535000.0,
        "Basic Average Shares": 30434000.0,
        "Diluted EPS": 0.82,
        "Basic EPS": 0.83,
        "Diluted NI Availto Com Stockholders": 25109000.0,
        "Net Income Common Stockholders": 25109000.0,
        "Preferred Stock Dividends": 2000.0,
        "Net Income": 25111000.0,
        "Net Income Including Noncontrolling Interests": 25111000.0,
        "Net Income Continuous Operations": 25111000.0,
        "Tax Provision": 7728000.0,
        "Pretax Income": 32839000.0,
        "Other Income Expense": 1832000.0,
        "Net Non Operating Interest Income Expense": -1640000.0,
        "Total Other Finance Cost": 177000.0,
        "Interest Expense Non Operating": 1463000.0,
        "Selling General And Administration": 22509000.0,
        "General And Administrative Expense": 22509000.0,
        "Other Gand A": 22509000.0,
        "Total Revenue": 330360000.0,
        "Operating Revenue": 330360000.0
    },
    "2022-09-30": {
        "Tax Effect Of Unusual Items": 0.0,
        "Tax Rate For Calcs": 0.224825,
        "Net Income From Continuing Operation Net Minority Interest": -72275000.0,
        "EBIT": -91607000.0,
        "Net Interest Income": -1630000.0,
        "Interest Expense": 1630000.0,
        "Normalized Income": -72275000.0,
        "Net Income From Continuing And Discontinued Operation": -72275000.0,
        "Total Expenses": 406047000.0,
        "Diluted Average Shares": 30604000.0,
        "Basic Average Shares": 30604000.0,
        "Diluted EPS": -2.36,
        "Basic EPS": -2.36,
        "Diluted NI Availto Com Stockholders": -72278000.0,
        "Net Income Common Stockholders": -72278000.0,
        "Preferred Stock Dividends": 3000.0,
        "Net Income": -72275000.0,
        "Net Income Including Noncontrolling Interests": -72275000.0,
        "Net Income Continuous Operations": -72275000.0,
        "Tax Provision": -20962000.0,
        "Pretax Income": -93237000.0,
        "Other Income Expense": 2099000.0,
        "Net Non Operating Interest Income Expense": -1630000.0,
        "Total Other Finance Cost": 175000.0,
        "Interest Expense Non Operating": 1630000.0,
        "Other Operating Expenses": 19364000.0,
        "Selling General And Administration": 19364000.0,
        "General And Administrative Expense": 19364000.0,
        "Other Gand A": 19364000.0,
        "Total Revenue": 312810000.0,
        "Operating Revenue": 312810000.0
    },
    "2022-06-30": {
        "Tax Effect Of Unusual Items": 0.0,
        "Tax Rate For Calcs": 0.309925,
        "Net Income From Continuing Operation Net Minority Interest": 7370000.0,
        "EBIT": 12411000.0,
        "Net Interest Income": -1731000.0,
        "Interest Expense": 1731000.0,
        "Normalized Income": 7370000.0,
        "Net Income From Continuing And Discontinued Operation": 7370000.0,
        "Total Expenses": 281326000.0,
        "Diluted Average Shares": 30883000.0,
        "Basic Average Shares": 30829000.0,
        "Diluted EPS": 0.24,
        "Basic EPS": 0.24,
        "Diluted NI Availto Com Stockholders": 7370000.0,
        "Net Income Common Stockholders": 7370000.0,
        "Preferred Stock Dividends": 2000.0,
        "Net Income": 7370000.0,
        "Net Income Including Noncontrolling Interests": 7370000.0,
        "Net Income Continuous Operations": 7370000.0,
        "Tax Provision": 3310000.0,
        "Pretax Income": 10680000.0,
        "Other Income Expense": 1989000.0,
        "Net Non Operating Interest Income Expense": -1731000.0,
        "Total Other Finance Cost": 176000.0,
        "Interest Expense Non Operating": 1731000.0,
        "Other Operating Expenses": 25191000.0,
        "Selling General And Administration": 25191000.0,
        "General And Administrative Expense": 25191000.0,
        "Other Gand A": 25191000.0,
        "Total Revenue": 292006000.0,
        "Operating Revenue": 292006000.0
    },
    "2022-03-31": {
        "Diluted EPS": 0.56,
        "Total Revenue": 287,
        "Gross Profit": 102,
        "Operating Income": 24,
        "EBIT": 24,
        "Net Income": 18
    },
    "2021-12-31": {
        "Diluted EPS": -1.53,
        "Total Revenue": 293,
        "Gross Profit": 12,
        "Operating Income": -64,
        "EBIT": -64,
        "Net Income": -48
    },
    "2021-09-30": {
        "Diluted EPS": 0.64,
        "Total Revenue": 287,
        "Gross Profit": 100,
        "Operating Income": 26,
        "EBIT": 26,
        "Net Income": 20
    },
    "2021-06-30": {
        "Diluted EPS": 0.7,
        "Total Revenue": 279,
        "Gross Profit": 112,
        "Operating Income": 30,
        "EBIT": 30,
        "Net Income": 22
    },
    "2021-03-31": {
        "Diluted EPS": 0.84,
        "Total Revenue": 263,
        "Gross Profit": 119,
        "Operating Income": 36,
        "EBIT": 36,
        "Net Income": 26
    },
    "2020-12-31": {
        "Diluted EPS": -0.53,
        "Total Revenue": 273,
        "Gross Profit": 39,
        "Operating Income": -27,
        "EBIT": -27,
        "Net Income": -18
    },
    "2020-09-30": {
        "Diluted EPS": -0.1,
        "Total Revenue": 312,
        "Gross Profit": 73,
        "Operating Income": -4,
        "EBIT": -4,
        "Net Income": -3
    },
    "2020-06-30": {
        "Diluted EPS": 0.62,
        "Total Revenue": 253,
        "Gross Profit": 101,
        "Operating Income": 27,
        "EBIT": 27,
        "Net Income": 20
    },
    "2020-03-31": {
        "Diluted EPS": 0.61,
        "Total Revenue": 235,
        "Gross Profit": 100,
        "Operating Income": 28,
        "EBIT": 28,
        "Net Income": 20
    },
    "2019-12-31": {
        "Diluted EPS": -1.45,
        "Total Revenue": 239,
        "Gross Profit": -5,
        "Operating Income": -69,
        "EBIT": -69,
        "Net Income": -51
    },
    "2019-09-30": {
        "Diluted EPS": 0.59,
        "Total Revenue": 230,
        "Gross Profit": 97,
        "Operating Income": 28,
        "EBIT": 28,
        "Net Income": 20
    },
    "2019-06-30": {
        "Diluted EPS": 1.08,
        "Total Revenue": 234,
        "Gross Profit": 120,
        "Operating Income": 51,
        "EBIT": 51,
        "Net Income": 37
    },
    "2019-03-31": {
        "Diluted EPS": 1.14,
        "Total Revenue": 237,
        "Gross Profit": 123,
        "Operating Income": 54,
        "EBIT": 54,
        "Net Income": 40
    },
    "2018-12-31": {
        "Diluted EPS": -0.18,
        "Total Revenue": 216,
        "Gross Profit": 54,
        "Operating Income": -11,
        "EBIT": -11,
        "Net Income": -6
    },
    "2018-09-30": {
        "Diluted EPS": 1.04,
        "Total Revenue": 206,
        "Gross Profit": 120,
        "Operating Income": 51,
        "EBIT": 51,
        "Net Income": 37
    },
    "2018-06-30": {
        "Diluted EPS": 1.29,
        "Total Revenue": 210,
        "Gross Profit": 120,
        "Operating Income": 61,
        "EBIT": 61,
        "Net Income": 46
    },
    "2018-03-31": {
        "Diluted EPS": 1.12,
        "Total Revenue": 192,
        "Gross Profit": 116,
        "Operating Income": 52,
        "EBIT": 52,
        "Net Income": 40
    },
    "2017-12-31": {
        "Diluted EPS": 1.03,
        "Total Revenue": 201,
        "Gross Profit": 118,
        "Operating Income": 59,
        "EBIT": 59,
        "Net Income": 36
    },
    "2017-09-30": {
        "Diluted EPS": 0.28,
        "Total Revenue": 190,
        "Gross Profit": 74,
        "Operating Income": 17,
        "EBIT": 17,
        "Net Income": 10
    },
    "2017-06-30": {
        "Diluted EPS": 0.82,
        "Total Revenue": 185,
        "Gross Profit": 105,
        "Operating Income": 48,
        "EBIT": 48,
        "Net Income": 29
    },
    "2017-03-31": {
        "Diluted EPS": 0.86,
        "Total Revenue": 175,
        "Gross Profit": 104,
        "Operating Income": 47,
        "EBIT": 47,
        "Net Income": 31
    },
    "2016-12-31": {
        "Diluted EPS": 0.39,
        "Total Revenue": 179,
        "Gross Profit": 77,
        "Operating Income": 23,
        "EBIT": 23,
        "Net Income": 14
    },
    "2016-09-30": {
        "Diluted EPS": 0.75,
        "Total Revenue": 172,
        "Gross Profit": 99,
        "Operating Income": 44,
        "EBIT": 44,
        "Net Income": 27
    },
    "2016-06-30": {
        "Diluted EPS": 0.94,
        "Total Revenue": 170,
        "Gross Profit": 110,
        "Operating Income": 55,
        "EBIT": 55,
        "Net Income": 34
    },
    "2016-03-31": {
        "Diluted EPS": 0.71,
        "Total Revenue": 164,
        "Gross Profit": 98,
        "Operating Income": 41,
        "EBIT": 41,
        "Net Income": 25
    },
    "2015-12-31": {
        "Diluted EPS": 0.82,
        "Total Revenue": 162,
        "Gross Profit": 102,
        "Operating Income": 48,
        "EBIT": 48,
        "Net Income": 29
    },
    "2015-09-30": {
        "Diluted EPS": 0.84,
        "Total Revenue": 157,
        "Gross Profit": 103,
        "Operating Income": 48,
        "EBIT": 48,
        "Net Income": 30
    },
    "2015-06-30": {
        "Diluted EPS": 0.69,
        "Total Revenue": 124,
        "Gross Profit": 84,
        "Operating Income": 41,
        "EBIT": 41,
        "Net Income": 25
    },
    "2015-03-31": {
        "Diluted EPS": 0.62,
        "Total Revenue": 104,
        "Gross Profit": 70,
        "Operating Income": 38,
        "EBIT": 38,
        "Net Income": 22
    },
    "2014-12-31": {
        "Diluted EPS": 0.6,
        "Total Revenue": 104,
        "Gross Profit": 70,
        "Operating Income": 37,
        "EBIT": 38,
        "Net Income": 21
    },
    "2014-09-30": {
        "Diluted EPS": 0.61,
        "Total Revenue": 104,
        "Gross Profit": 69,
        "Operating Income": 37,
        "EBIT": 38,
        "Net Income": 21
    },
    "2014-06-30": {
        "Diluted EPS": 0.49,
        "Total Revenue": 87,
        "Gross Profit": 59,
        "Operating Income": 30,
        "EBIT": 31,
        "Net Income": 17
    },
    "2014-03-31": {
        "Diluted EPS": 0.38,
        "Total Revenue": 74,
        "Gross Profit": 47,
        "Operating Income": 23,
        "EBIT": 24,
        "Net Income": 14
    },
    "2013-12-31": {
        "Diluted EPS": 0.43,
        "Total Revenue": 78,
        "Gross Profit": 49,
        "Operating Income": 26,
        "EBIT": 27,
        "Net Income": 16
    },
    "2013-09-30": {
        "Diluted EPS": 0.4,
        "Total Revenue": 78,
        "Gross Profit": 50,
        "Operating Income": 25,
        "EBIT": 26,
        "Net Income": 14
    },
    "2013-06-30": {
        "Diluted EPS": 0.44,
        "Total Revenue": 78,
        "Gross Profit": 53,
        "Operating Income": 30,
        "EBIT": 30,
        "Net Income": 17
    },
    "2013-03-31": {
        "Diluted EPS": 0.29,
        "Total Revenue": 67,
        "Gross Profit": 41,
        "Operating Income": 20,
        "EBIT": 20,
        "Net Income": 12
    },
    "2012-12-31": {
        "Diluted EPS": 0.12,
        "Total Revenue": 75,
        "Gross Profit": 41,
        "Operating Income": 9,
        "EBIT": 10,
        "Net Income": 4
    },
    "2012-09-30": {
        "Diluted EPS": 0.2,
        "Total Revenue": 75,
        "Gross Profit": 38,
        "Operating Income": 14,
        "EBIT": 14,
        "Net Income": 8
    },
    "2012-06-30": {
        "Diluted EPS": 0.19,
        "Total Revenue": 60,
        "Gross Profit": 30,
        "Operating Income": 13,
        "EBIT": 13,
        "Net Income": 8
    },
    "2012-03-31": {
        "Diluted EPS": 0.24,
        "Total Revenue": 60,
        "Gross Profit": 34,
        "Operating Income": 16,
        "EBIT": 16,
        "Net Income": 10
    },
    "2011-12-31": {
        "Diluted EPS": -0.05,
        "Total Revenue": 58,
        "Gross Profit": 16,
        "Operating Income": -4,
        "EBIT": -3,
        "Net Income": -2
    },
    "2011-09-30": {
        "Diluted EPS": 0.02,
        "Total Revenue": 49,
        "Gross Profit": 20,
        "Operating Income": 1,
        "EBIT": 0,
        "Net Income": 1
    },
    "2011-06-30": {
        "Diluted EPS": 0.19,
        "Total Revenue": 54,
        "Gross Profit": 28,
        "Operating Income": 13,
        "EBIT": 14,
        "Net Income": 8
    },
    "2011-03-31": {
        "Diluted EPS": 0.34,
        "Total Revenue": 64,
        "Gross Profit": 38,
        "Operating Income": 23,
        "EBIT": 23,
        "Net Income": 14
    },
    "2010-12-31": {
        "Diluted EPS": 0.15,
        "Total Revenue": 68,
        "Gross Profit": 33,
        "Operating Income": 12,
        "EBIT": 12,
        "Net Income": 6
    },
    "2010-09-30": {
        "Diluted EPS": 0.32,
        "Total Revenue": 71,
        "Gross Profit": 41,
        "Operating Income": 21,
        "EBIT": 22,
        "Net Income": 13
    },
    "2010-06-30": {
        "Diluted EPS": 0.27,
        "Total Revenue": 56,
        "Gross Profit": 31,
        "Operating Income": 18,
        "EBIT": 18,
        "Net Income": 11
    },
    "2010-03-31": {
        "Diluted EPS": 0.17,
        "Total Revenue": 45,
        "Gross Profit": 22,
        "Operating Income": 11,
        "EBIT": 12,
        "Net Income": 7
    },
    "2009-12-31": {
        "Diluted EPS": -0.07,
        "Total Revenue": 54,
        "Gross Profit": 17,
        "Operating Income": -5,
        "EBIT": -3,
        "Net Income": -3
    },
    "2009-09-30": {
        "Diluted EPS": 0.28,
        "Total Revenue": 61,
        "Gross Profit": 37,
        "Operating Income": 19,
        "EBIT": 19,
        "Net Income": 12
    },
    "2009-06-30": {
        "Diluted EPS": 0.19,
        "Total Revenue": 48,
        "Gross Profit": 23,
        "Operating Income": 12,
        "EBIT": 13,
        "Net Income": 8
    },
    "2009-03-31": {
        "Diluted EPS": 0.31,
        "Total Revenue": 48,
        "Gross Profit": 28,
        "Operating Income": 20,
        "EBIT": 20,
        "Net Income": 12
    },
    "2023-09-30": {
        "Tax Effect Of Unusual Items": NaN,
        "Tax Rate For Calcs": NaN,
        "Net Income From Continuing Operation Net Minority Interest": NaN,
        "EBIT": NaN,
        "Net Interest Income": NaN,
        "Interest Expense": NaN,
        "Normalized Income": NaN,
        "Net Income From Continuing And Discontinued Operation": NaN,
        "Total Expenses": NaN,
        "Diluted Average Shares": 29617000.0,
        "Basic Average Shares": 29617000.0,
        "Diluted EPS": -0.2,
        "Basic EPS": -0.2,
        "Diluted NI Availto Com Stockholders": NaN,
        "Net Income Common Stockholders": NaN,
        "Preferred Stock Dividends": NaN,
        "Net Income": NaN,
        "Net Income Including Noncontrolling Interests": NaN,
        "Net Income Continuous Operations": NaN,
        "Tax Provision": NaN,
        "Pretax Income": NaN,
        "Other Income Expense": NaN,
        "Net Non Operating Interest Income Expense": NaN,
        "Total Other Finance Cost": NaN,
        "Interest Expense Non Operating": NaN,
        "Selling General And Administration": NaN,
        "General And Administrative Expense": NaN,
        "Other Gand A": NaN,
        "Total Revenue": NaN,
        "Operating Revenue": NaN,
        "Loss Adjustment Expense": NaN,
        "Net Policyholder Benefits And Claims": NaN,
        "Policyholder Benefits Gross": NaN,
        "Policyholder Benefits Ceded": NaN
    },
    "2023-12-31": {
        "Tax Effect Of Unusual Items": 0.0,
        "Tax Rate For Calcs": 0.227719,
        "Net Income From Continuing Operation Net Minority Interest": 19999000.0,
        "EBIT": 27354000.0,
        "Net Interest Income": -1635000.0,
        "Interest Expense": 1458000.0,
        "Normalized Income": 19999000.0,
        "Net Income From Continuing And Discontinued Operation": 19999000.0,
        "Total Expenses": 349560000.0,
        "Diluted Average Shares": 29487000.0,
        "Basic Average Shares": 29064000.0,
        "Diluted EPS": 0.68,
        "Basic EPS": 0.69,
        "Diluted NI Availto Com Stockholders": 19997000.0,
        "Net Income Common Stockholders": 19997000.0,
        "Preferred Stock Dividends": 2000.0,
        "Net Income": 19999000.0,
        "Net Income Including Noncontrolling Interests": 19999000.0,
        "Net Income Continuous Operations": 19999000.0,
        "Tax Provision": 5897000.0,
        "Pretax Income": 25896000.0,
        "Other Income Expense": 1414000.0,
        "Net Non Operating Interest Income Expense": -1635000.0,
        "Total Other Finance Cost": 177000.0,
        "Interest Expense Non Operating": 1458000.0,
        "Selling General And Administration": 22008000.0,
        "General And Administrative Expense": 22008000.0,
        "Other Gand A": 22008000.0,
        "Total Revenue": 375456000.0,
        "Operating Revenue": 375456000.0,
        "Loss Adjustment Expense": 274783000.0,
        "Net Policyholder Benefits And Claims": 274783000.0,
        "Policyholder Benefits Gross": 276693000.0,
        "Policyholder Benefits Ceded": 1910000.0
    },
    "2024-03-31": {
        "Tax Effect Of Unusual Items": 0.0,
        "Tax Rate For Calcs": 0.291,
        "Net Income From Continuing Operation Net Minority Interest": 33657000.0,
        "EBIT": 48929000.0,
        "Net Interest Income": -1622000.0,
        "Interest Expense": 1445000.0,
        "Normalized Income": 33657000.0,
        "Net Income From Continuing And Discontinued Operation": 33657000.0,
        "Total Expenses": 320475000.0,
        "Diluted Average Shares": 29404000.0,
        "Basic Average Shares": 28869000.0,
        "Diluted EPS": 1.14,
        "Basic EPS": 1.17,
        "Diluted NI Availto Com Stockholders": 33654000.0,
        "Net Income Common Stockholders": 33654000.0,
        "Preferred Stock Dividends": 3000.0,
        "Net Income": 33657000.0,
        "Net Income Including Noncontrolling Interests": 33657000.0,
        "Net Income Continuous Operations": 33657000.0,
        "Tax Provision": 13827000.0,
        "Pretax Income": 47484000.0,
        "Other Income Expense": 1944000.0,
        "Net Non Operating Interest Income Expense": -1622000.0,
        "Total Other Finance Cost": 177000.0,
        "Interest Expense Non Operating": 1445000.0,
        "Selling General And Administration": 23845000.0,
        "General And Administrative Expense": 23845000.0,
        "Other Gand A": 23845000.0,
        "Total Revenue": 367959000.0,
        "Operating Revenue": 367959000.0,
        "Loss Adjustment Expense": 240187000.0,
        "Net Policyholder Benefits And Claims": 240187000.0,
        "Policyholder Benefits Gross": 240319000.0,
        "Policyholder Benefits Ceded": 132000.0
    },
    "2024-06-30": {
        "Tax Effect Of Unusual Items": 0.0,
        "Tax Rate For Calcs": 0.260703,
        "Net Income From Continuing Operation Net Minority Interest": 35416000.0,
        "EBIT": 49351000.0,
        "Net Interest Income": -1623000.0,
        "Interest Expense": 1446000.0,
        "Normalized Income": 35416000.0,
        "Net Income From Continuing And Discontinued Operation": 35416000.0,
        "Total Expenses": 332309000.0,
        "Diluted Average Shares": 29308000.0,
        "Basic Average Shares": 28600000.0,
        "Diluted EPS": 1.21,
        "Basic EPS": 1.24,
        "Diluted NI Availto Com Stockholders": 35414000.0,
        "Net Income Common Stockholders": 35414000.0,
        "Preferred Stock Dividends": 2000.0,
        "Net Income": 35416000.0,
        "Net Income Including Noncontrolling Interests": 35416000.0,
        "Net Income Continuous Operations": 35416000.0,
        "Tax Provision": 12489000.0,
        "Pretax Income": 47905000.0,
        "Other Income Expense": 2297000.0,
        "Net Non Operating Interest Income Expense": -1623000.0,
        "Total Other Finance Cost": 177000.0,
        "Interest Expense Non Operating": 1446000.0,
        "Selling General And Administration": 30499000.0,
        "General And Administrative Expense": 30499000.0,
        "Other Gand A": 30499000.0,
        "Total Revenue": 380214000.0,
        "Operating Revenue": 380214000.0,
        "Loss Adjustment Expense": 243572000.0,
        "Net Policyholder Benefits And Claims": 243572000.0,
        "Policyholder Benefits Gross": 253613000.0,
        "Policyholder Benefits Ceded": 10041000.0
    },
    "2024-09-30": {
        "Tax Effect Of Unusual Items": 0.0,
        "Tax Rate For Calcs": 0.108,
        "Net Income From Continuing Operation Net Minority Interest": -16163000.0,
        "EBIT": -16681000.0,
        "Net Interest Income": -1619000.0,
        "Interest Expense": 1442000.0,
        "Normalized Income": -16163000.0,
        "Net Income From Continuing And Discontinued Operation": -16163000.0,
        "Total Expenses": 405677000.0,
        "Diluted Average Shares": 28355000.0,
        "Basic Average Shares": 28355000.0,
        "Diluted EPS": -0.57,
        "Basic EPS": -0.57,
        "Diluted NI Availto Com Stockholders": -16166000.0,
        "Net Income Common Stockholders": -16166000.0,
        "Preferred Stock Dividends": 3000.0,
        "Net Income": -16163000.0,
        "Net Income Including Noncontrolling Interests": -16163000.0,
        "Net Income Continuous Operations": -16163000.0,
        "Tax Provision": -1960000.0,
        "Pretax Income": -18123000.0,
        "Other Income Expense": 2106000.0,
        "Net Non Operating Interest Income Expense": -1619000.0,
        "Total Other Finance Cost": 177000.0,
        "Interest Expense Non Operating": 1442000.0,
        "Selling General And Administration": 28438000.0,
        "General And Administrative Expense": 28438000.0,
        "Other Gand A": 28438000.0,
        "Total Revenue": 387554000.0,
        "Operating Revenue": 387554000.0,
        "Loss Adjustment Expense": 316955000.0,
        "Net Policyholder Benefits And Claims": 316955000.0,
        "Policyholder Benefits Gross": 342218000.0,
        "Policyholder Benefits Ceded": 25263000.0
    },
    "2024-12-31": {
        "Tax Effect Of Unusual Items": 0.0,
        "Tax Rate For Calcs": 0.180667,
        "Net Income From Continuing Operation Net Minority Interest": 6018000.0,
        "EBIT": 8780000.0,
        "Net Interest Income": -1612000.0,
        "Interest Expense": 1435000.0,
        "Normalized Income": 6018000.0,
        "Net Income From Continuing And Discontinued Operation": 6018000.0,
        "Total Expenses": 377464000.0,
        "Diluted Average Shares": 29118000.0,
        "Basic Average Shares": 28173000.0,
        "Diluted EPS": 0.21,
        "Basic EPS": 0.21,
        "Diluted NI Availto Com Stockholders": 6016000.0,
        "Net Income Common Stockholders": 6016000.0,
        "Preferred Stock Dividends": 2000.0,
        "Net Income": 6018000.0,
        "Net Income Including Noncontrolling Interests": 6018000.0,
        "Net Income Continuous Operations": 6018000.0,
        "Tax Provision": 1327000.0,
        "Pretax Income": 7345000.0,
        "Other Income Expense": 2065000.0,
        "Net Non Operating Interest Income Expense": -1612000.0,
        "Total Other Finance Cost": 177000.0,
        "Interest Expense Non Operating": 1435000.0,
        "Selling General And Administration": 25856000.0,
        "General And Administrative Expense": 25856000.0,
        "Other Gand A": 25856000.0,
        "Total Revenue": 384809000.0,
        "Operating Revenue": 384809000.0,
        "Loss Adjustment Expense": 286652000.0,
        "Net Policyholder Benefits And Claims": 286652000.0,
        "Policyholder Benefits Gross": 948984000.0,
        "Policyholder Benefits Ceded": 662332000.0
    },
    "2025-03-31": {
        "Tax Effect Of Unusual Items": 0.0,
        "Tax Rate For Calcs": 0.253,
        "Net Income From Continuing Operation Net Minority Interest": 41439000.0,
        "EBIT": 56891000.0,
        "Net Interest Income": -1612000.0,
        "Interest Expense": 1435000.0,
        "Normalized Income": 41439000.0,
        "Net Income From Continuing And Discontinued Operation": 41439000.0,
        "Total Expenses": 339411000.0,
        "Diluted Average Shares": 28779000.0,
        "Basic Average Shares": 28091000.0,
        "Diluted EPS": 1.44,
        "Basic EPS": 1.48,
        "Diluted NI Availto Com Stockholders": 41436000.0,
        "Net Income Common Stockholders": 41436000.0,
        "Preferred Stock Dividends": 3000.0,
        "Net Income": 41439000.0,
        "Net Income Including Noncontrolling Interests": 41439000.0,
        "Net Income Continuous Operations": 41439000.0,
        "Tax Provision": 14017000.0,
        "Pretax Income": 55456000.0,
        "Other Income Expense": 2322000.0,
        "Net Non Operating Interest Income Expense": -1612000.0,
        "Total Other Finance Cost": 177000.0,
        "Interest Expense Non Operating": 1435000.0,
        "Selling General And Administration": 26670000.0,
        "General And Administrative Expense": 26670000.0,
        "Other Gand A": 26670000.0,
        "Total Revenue": 394867000.0,
        "Operating Revenue": 394867000.0,
        "Loss Adjustment Expense": 250555000.0,
        "Net Policyholder Benefits And Claims": 250555000.0,
        "Policyholder Benefits Gross": 249707000.0,
        "Policyholder Benefits Ceded": -848000.0
    },
    "2025-06-30": {
        "Tax Effect Of Unusual Items": 0.0,
        "Tax Rate For Calcs": 0.243457,
        "Net Income From Continuing Operation Net Minority Interest": 35093000.0,
        "EBIT": 47817000.0,
        "Net Interest Income": -1608000.0,
        "Interest Expense": 1431000.0,
        "Normalized Income": 35093000.0,
        "Net Income From Continuing And Discontinued Operation": 35093000.0,
        "Total Expenses": 353755000.0,
        "Diluted Average Shares": 29072000.0,
        "Basic Average Shares": 27972000.0,
        "Diluted EPS": 1.21,
        "Basic EPS": 1.25,
        "Diluted NI Availto Com Stockholders": 35091000.0,
        "Net Income Common Stockholders": 35091000.0,
        "Preferred Stock Dividends": 2000.0,
        "Net Income": 35093000.0,
        "Net Income Including Noncontrolling Interests": 35093000.0,
        "Net Income Continuous Operations": 35093000.0,
        "Tax Provision": 11293000.0,
        "Pretax Income": 46386000.0,
        "Other Income Expense": 2014000.0,
        "Net Non Operating Interest Income Expense": -1608000.0,
        "Total Other Finance Cost": 177000.0,
        "Interest Expense Non Operating": 1431000.0,
        "Selling General And Administration": 29964000.0,
        "General And Administrative Expense": 29964000.0,
        "Other Gand A": 29964000.0,
        "Total Revenue": 400141000.0,
        "Operating Revenue": 400141000.0,
        "Loss Adjustment Expense": 260305000.0,
        "Net Policyholder Benefits And Claims": 260305000.0,
        "Policyholder Benefits Gross": 260953000.0,
        "Policyholder Benefits Ceded": 648000.0
    }
}