{
    "2023-06-30": {
        "Tax Effect Of Unusual Items": NaN,
        "Tax Rate For Calcs": NaN,
        "Total Unusual Items": NaN,
        "Total Unusual Items Excluding Goodwill": NaN,
        "Net Income From Continuing Operation Net Minority Interest": NaN,
        "Reconciled Depreciation": NaN,
        "Net Interest Income": NaN,
        "Interest Expense": NaN,
        "Interest Income": NaN,
        "Normalized Income": NaN,
        "Net Income From Continuing And Discontinued Operation": NaN,
        "Diluted Average Shares": NaN,
        "Basic Average Shares": NaN,
        "Diluted EPS": NaN,
        "Basic EPS": NaN,
        "Diluted NI Availto Com Stockholders": NaN,
        "Net Income Common Stockholders": NaN,
        "Net Income": NaN,
        "Net Income Including Noncontrolling Interests": NaN,
        "Net Income Continuous Operations": NaN,
        "Tax Provision": NaN,
        "Pretax Income": NaN,
        "Special Income Charges": NaN,
        "Restructuring And Mergern Acquisition": NaN,
        "Gain On Sale Of Security": 0.0,
        "Selling General And Administration": NaN,
        "Selling And Marketing Expense": NaN,
        "General And Administrative Expense": NaN,
        "Insurance And Claims": NaN,
        "Salaries And Wages": NaN,
        "Total Revenue": NaN,
        "Operating Revenue": NaN,
        "Occupancy And Equipment": NaN,
        "Professional Expense And Contract Services Expense": NaN,
        "Other Non Interest Expense": NaN
    },
    "2023-03-31": {
        "Tax Effect Of Unusual Items": NaN,
        "Tax Rate For Calcs": NaN,
        "Total Unusual Items": NaN,
        "Total Unusual Items Excluding Goodwill": NaN,
        "Net Income From Continuing Operation Net Minority Interest": NaN,
        "Reconciled Depreciation": NaN,
        "Net Interest Income": NaN,
        "Interest Expense": NaN,
        "Interest Income": NaN,
        "Normalized Income": NaN,
        "Net Income From Continuing And Discontinued Operation": NaN,
        "Diluted Average Shares": NaN,
        "Basic Average Shares": NaN,
        "Diluted EPS": NaN,
        "Basic EPS": NaN,
        "Diluted NI Availto Com Stockholders": NaN,
        "Net Income Common Stockholders": NaN,
        "Net Income": NaN,
        "Net Income Including Noncontrolling Interests": NaN,
        "Net Income Continuous Operations": NaN,
        "Tax Provision": NaN,
        "Pretax Income": NaN,
        "Special Income Charges": NaN,
        "Restructuring And Mergern Acquisition": NaN,
        "Gain On Sale Of Security": 0.0,
        "Selling General And Administration": NaN,
        "Selling And Marketing Expense": NaN,
        "General And Administrative Expense": NaN,
        "Insurance And Claims": NaN,
        "Salaries And Wages": NaN,
        "Total Revenue": NaN,
        "Operating Revenue": NaN,
        "Occupancy And Equipment": NaN,
        "Professional Expense And Contract Services Expense": NaN,
        "Other Non Interest Expense": NaN
    },
    "2022-12-31": {
        "Tax Effect Of Unusual Items": NaN,
        "Tax Rate For Calcs": NaN,
        "Total Unusual Items": NaN,
        "Total Unusual Items Excluding Goodwill": NaN,
        "Net Income From Continuing Operation Net Minority Interest": NaN,
        "Reconciled Depreciation": NaN,
        "Net Interest Income": NaN,
        "Interest Expense": NaN,
        "Interest Income": NaN,
        "Normalized Income": NaN,
        "Net Income From Continuing And Discontinued Operation": NaN,
        "Diluted Average Shares": NaN,
        "Basic Average Shares": NaN,
        "Diluted EPS": NaN,
        "Basic EPS": NaN,
        "Diluted NI Availto Com Stockholders": NaN,
        "Net Income Common Stockholders": NaN,
        "Net Income": NaN,
        "Net Income Including Noncontrolling Interests": NaN,
        "Net Income Continuous Operations": NaN,
        "Tax Provision": NaN,
        "Pretax Income": NaN,
        "Special Income Charges": NaN,
        "Restructuring And Mergern Acquisition": NaN,
        "Gain On Sale Of Security": 0.0,
        "Selling General And Administration": NaN,
        "Selling And Marketing Expense": NaN,
        "General And Administrative Expense": NaN,
        "Insurance And Claims": NaN,
        "Salaries And Wages": NaN,
        "Total Revenue": NaN,
        "Operating Revenue": NaN,
        "Occupancy And Equipment": NaN,
        "Professional Expense And Contract Services Expense": NaN,
        "Other Non Interest Expense": NaN
    },
    "2022-09-30": {
        "Tax Effect Of Unusual Items": NaN,
        "Tax Rate For Calcs": NaN,
        "Total Unusual Items": 0.0,
        "Total Unusual Items Excluding Goodwill": 0.0,
        "Net Income From Continuing Operation Net Minority Interest": NaN,
        "Reconciled Depreciation": NaN,
        "Net Interest Income": NaN,
        "Interest Expense": NaN,
        "Interest Income": NaN,
        "Normalized Income": NaN,
        "Net Income From Continuing And Discontinued Operation": NaN,
        "Diluted Average Shares": NaN,
        "Basic Average Shares": NaN,
        "Diluted EPS": NaN,
        "Basic EPS": NaN,
        "Diluted NI Availto Com Stockholders": NaN,
        "Net Income Common Stockholders": NaN,
        "Net Income": NaN,
        "Net Income Including Noncontrolling Interests": NaN,
        "Net Income Continuous Operations": NaN,
        "Tax Provision": NaN,
        "Pretax Income": NaN,
        "Special Income Charges": 0.0,
        "Restructuring And Mergern Acquisition": 0.0,
        "Gain On Sale Of Security": NaN,
        "Selling General And Administration": NaN,
        "Selling And Marketing Expense": NaN,
        "General And Administrative Expense": NaN,
        "Other Gand A": 3901000.0,
        "Insurance And Claims": NaN,
        "Salaries And Wages": NaN,
        "Total Revenue": NaN,
        "Operating Revenue": NaN
    },
    "2022-06-30": {
        "Tax Effect Of Unusual Items": 0.0,
        "Tax Rate For Calcs": 0.198,
        "Total Unusual Items": NaN,
        "Total Unusual Items Excluding Goodwill": NaN,
        "Net Income From Continuing Operation Net Minority Interest": 13166000.0,
        "Reconciled Depreciation": 1092000.0,
        "Net Interest Income": 51471000.0,
        "Interest Expense": 5246000.0,
        "Interest Income": 56717000.0,
        "Normalized Income": 13166000.0,
        "Net Income From Continuing And Discontinued Operation": 13166000.0,
        "Diluted Average Shares": 29600000.0,
        "Basic Average Shares": 29490000.0,
        "Diluted EPS": 0.45,
        "Basic EPS": 0.45,
        "Diluted NI Availto Com Stockholders": 13166000.0,
        "Net Income Common Stockholders": 13166000.0,
        "Net Income": 13166000.0,
        "Net Income Including Noncontrolling Interests": 13166000.0,
        "Net Income Continuous Operations": 13166000.0,
        "Tax Provision": 3258000.0,
        "Pretax Income": 16424000.0,
        "Special Income Charges": NaN,
        "Restructuring And Mergern Acquisition": NaN,
        "Gain On Sale Of Security": 0.0,
        "Selling General And Administration": 30638000.0,
        "Selling And Marketing Expense": 693000.0,
        "General And Administrative Expense": 29945000.0,
        "Other Gand A": 3708000.0,
        "Insurance And Claims": 812000.0,
        "Salaries And Wages": 29133000.0,
        "Total Revenue": 70469000.0,
        "Operating Revenue": 70469000.0
    },
    "2022-03-31": {
        "Diluted EPS": 0.68,
        "Total Revenue": 72,
        "Gross Profit": 67,
        "Operating Income": 25,
        "EBIT": NaN,
        "Net Income": 20
    },
    "2021-12-31": {
        "Diluted EPS": 0.58,
        "Total Revenue": 71,
        "Gross Profit": 67,
        "Operating Income": 22,
        "EBIT": NaN,
        "Net Income": 17
    },
    "2021-09-30": {
        "Diluted EPS": 0.71,
        "Total Revenue": 74,
        "Gross Profit": 69,
        "Operating Income": 26,
        "EBIT": NaN,
        "Net Income": 21
    },
    "2021-06-30": {
        "Diluted EPS": 0.71,
        "Total Revenue": 73,
        "Gross Profit": 67,
        "Operating Income": 26,
        "EBIT": NaN,
        "Net Income": 21
    },
    "2021-03-31": {
        "Diluted EPS": 1.11,
        "Total Revenue": 75,
        "Gross Profit": 69,
        "Operating Income": 40,
        "EBIT": NaN,
        "Net Income": 33
    },
    "2020-12-31": {
        "Diluted EPS": 0.88,
        "Total Revenue": 71,
        "Gross Profit": 65,
        "Operating Income": 33,
        "EBIT": NaN,
        "Net Income": 26
    },
    "2020-09-30": {
        "Diluted EPS": 0.62,
        "Total Revenue": 72,
        "Gross Profit": 66,
        "Operating Income": 23,
        "EBIT": NaN,
        "Net Income": 18
    },
    "2020-06-30": {
        "Diluted EPS": 0.07,
        "Total Revenue": 68,
        "Gross Profit": 62,
        "Operating Income": 2,
        "EBIT": NaN,
        "Net Income": 2
    },
    "2020-03-31": {
        "Diluted EPS": 0.03,
        "Total Revenue": 70,
        "Gross Profit": 61,
        "Operating Income": 0,
        "EBIT": NaN,
        "Net Income": 1
    },
    "2019-12-31": {
        "Diluted EPS": 0.53,
        "Total Revenue": 70,
        "Gross Profit": 59,
        "Operating Income": 19,
        "EBIT": NaN,
        "Net Income": 15
    },
    "2019-09-30": {
        "Diluted EPS": 0.6,
        "Total Revenue": 71,
        "Gross Profit": 59,
        "Operating Income": 21,
        "EBIT": NaN,
        "Net Income": 18
    },
    "2019-06-30": {
        "Diluted EPS": 0.56,
        "Total Revenue": 70,
        "Gross Profit": 59,
        "Operating Income": 20,
        "EBIT": NaN,
        "Net Income": 16
    },
    "2019-03-31": {
        "Diluted EPS": 0.55,
        "Total Revenue": 69,
        "Gross Profit": 58,
        "Operating Income": 20,
        "EBIT": NaN,
        "Net Income": 16
    },
    "2018-12-31": {
        "Diluted EPS": 0.62,
        "Total Revenue": 66,
        "Gross Profit": 56,
        "Operating Income": 22,
        "EBIT": NaN,
        "Net Income": 18
    },
    "2018-09-30": {
        "Diluted EPS": 0.51,
        "Total Revenue": 64,
        "Gross Profit": 55,
        "Operating Income": 18,
        "EBIT": NaN,
        "Net Income": 15
    },
    "2018-06-30": {
        "Diluted EPS": 0.15,
        "Total Revenue": 62,
        "Gross Profit": 54,
        "Operating Income": 5,
        "EBIT": NaN,
        "Net Income": 4
    },
    "2018-03-31": {
        "Diluted EPS": 0.44,
        "Total Revenue": 59,
        "Gross Profit": 53,
        "Operating Income": 16,
        "EBIT": NaN,
        "Net Income": 13
    },
    "2017-12-31": {
        "Diluted EPS": 0.37,
        "Total Revenue": 57,
        "Gross Profit": 51,
        "Operating Income": 15,
        "EBIT": NaN,
        "Net Income": 10
    },
    "2017-09-30": {
        "Diluted EPS": 0.42,
        "Total Revenue": 56,
        "Gross Profit": 51,
        "Operating Income": 16,
        "EBIT": NaN,
        "Net Income": 11
    },
    "2017-06-30": {
        "Diluted EPS": 0.44,
        "Total Revenue": 56,
        "Gross Profit": 51,
        "Operating Income": 16,
        "EBIT": NaN,
        "Net Income": 12
    },
    "2017-03-31": {
        "Diluted EPS": 0.41,
        "Total Revenue": 53,
        "Gross Profit": 49,
        "Operating Income": 15,
        "EBIT": NaN,
        "Net Income": 11
    },
    "2016-12-31": {
        "Diluted EPS": 0.2,
        "Total Revenue": 52,
        "Gross Profit": 48,
        "Operating Income": 9,
        "EBIT": NaN,
        "Net Income": 7
    },
    "2016-09-30": {
        "Diluted EPS": 0.0,
        "Total Revenue": 51,
        "Gross Profit": 47,
        "Operating Income": 7,
        "EBIT": NaN,
        "Net Income": 0
    },
    "2016-06-30": {
        "Diluted EPS": 0.27,
        "Total Revenue": 40,
        "Gross Profit": 38,
        "Operating Income": 8,
        "EBIT": NaN,
        "Net Income": 5
    },
    "2016-03-31": {
        "Diluted EPS": 0.37,
        "Total Revenue": 40,
        "Gross Profit": 37,
        "Operating Income": 10,
        "EBIT": NaN,
        "Net Income": 7
    },
    "2015-12-31": {
        "Diluted EPS": 0.36,
        "Total Revenue": 39,
        "Gross Profit": 37,
        "Operating Income": 10,
        "EBIT": NaN,
        "Net Income": 7
    },
    "2015-09-30": {
        "Diluted EPS": 0.39,
        "Total Revenue": 38,
        "Gross Profit": 36,
        "Operating Income": 10,
        "EBIT": NaN,
        "Net Income": 7
    },
    "2015-06-30": {
        "Diluted EPS": 0.33,
        "Total Revenue": 39,
        "Gross Profit": 37,
        "Operating Income": 10,
        "EBIT": NaN,
        "Net Income": 6
    },
    "2015-03-31": {
        "Diluted EPS": 0.31,
        "Total Revenue": 38,
        "Gross Profit": 37,
        "Operating Income": 9,
        "EBIT": NaN,
        "Net Income": 6
    },
    "2014-12-31": {
        "Diluted EPS": 0.33,
        "Total Revenue": 31,
        "Gross Profit": 30,
        "Operating Income": 7,
        "EBIT": NaN,
        "Net Income": 5
    },
    "2014-09-30": {
        "Diluted EPS": 0.38,
        "Total Revenue": 32,
        "Gross Profit": 31,
        "Operating Income": 9,
        "EBIT": NaN,
        "Net Income": 6
    },
    "2014-06-30": {
        "Diluted EPS": 0.31,
        "Total Revenue": 31,
        "Gross Profit": 30,
        "Operating Income": 7,
        "EBIT": NaN,
        "Net Income": 5
    },
    "2014-03-31": {
        "Diluted EPS": 0.35,
        "Total Revenue": 31,
        "Gross Profit": 30,
        "Operating Income": 8,
        "EBIT": NaN,
        "Net Income": 6
    },
    "2013-12-31": {
        "Diluted EPS": 0.31,
        "Total Revenue": 30,
        "Gross Profit": 29,
        "Operating Income": 6,
        "EBIT": NaN,
        "Net Income": 5
    },
    "2013-09-30": {
        "Diluted EPS": 0.36,
        "Total Revenue": 33,
        "Gross Profit": 32,
        "Operating Income": 7,
        "EBIT": NaN,
        "Net Income": 6
    },
    "2013-06-30": {
        "Diluted EPS": 0.29,
        "Total Revenue": 30,
        "Gross Profit": 29,
        "Operating Income": 6,
        "EBIT": NaN,
        "Net Income": 5
    },
    "2013-03-31": {
        "Diluted EPS": 0.32,
        "Total Revenue": 31,
        "Gross Profit": 29,
        "Operating Income": 8,
        "EBIT": NaN,
        "Net Income": 5
    },
    "2012-12-31": {
        "Diluted EPS": 0.31,
        "Total Revenue": 30,
        "Gross Profit": 29,
        "Operating Income": 6,
        "EBIT": NaN,
        "Net Income": 5
    },
    "2012-09-30": {
        "Diluted EPS": 0.34,
        "Total Revenue": 31,
        "Gross Profit": 29,
        "Operating Income": 8,
        "EBIT": NaN,
        "Net Income": 6
    },
    "2012-06-30": {
        "Diluted EPS": 0.28,
        "Total Revenue": 28,
        "Gross Profit": 26,
        "Operating Income": 6,
        "EBIT": NaN,
        "Net Income": 5
    },
    "2012-03-31": {
        "Diluted EPS": 0.31,
        "Total Revenue": 31,
        "Gross Profit": 29,
        "Operating Income": 6,
        "EBIT": NaN,
        "Net Income": 5
    },
    "2011-12-31": {
        "Diluted EPS": 0.32,
        "Total Revenue": 30,
        "Gross Profit": 27,
        "Operating Income": 7,
        "EBIT": NaN,
        "Net Income": 5
    },
    "2011-09-30": {
        "Diluted EPS": 0.31,
        "Total Revenue": 30,
        "Gross Profit": 28,
        "Operating Income": 7,
        "EBIT": NaN,
        "Net Income": 5
    },
    "2011-06-30": {
        "Diluted EPS": 0.27,
        "Total Revenue": 30,
        "Gross Profit": 28,
        "Operating Income": 6,
        "EBIT": NaN,
        "Net Income": 5
    },
    "2011-03-31": {
        "Diluted EPS": 0.23,
        "Total Revenue": 29,
        "Gross Profit": 27,
        "Operating Income": 5,
        "EBIT": NaN,
        "Net Income": 4
    },
    "2010-12-31": {
        "Diluted EPS": 0.29,
        "Total Revenue": 32,
        "Gross Profit": 28,
        "Operating Income": 6,
        "EBIT": NaN,
        "Net Income": 5
    },
    "2010-09-30": {
        "Diluted EPS": 0.25,
        "Total Revenue": 32,
        "Gross Profit": 28,
        "Operating Income": 5,
        "EBIT": NaN,
        "Net Income": 4
    },
    "2010-06-30": {
        "Diluted EPS": 0.23,
        "Total Revenue": 31,
        "Gross Profit": 26,
        "Operating Income": 5,
        "EBIT": NaN,
        "Net Income": 4
    },
    "2010-03-31": {
        "Diluted EPS": 0.18,
        "Total Revenue": 31,
        "Gross Profit": 25,
        "Operating Income": 3,
        "EBIT": NaN,
        "Net Income": 3
    },
    "2009-12-31": {
        "Diluted EPS": 0.05,
        "Total Revenue": 32,
        "Gross Profit": 26,
        "Operating Income": 1,
        "EBIT": NaN,
        "Net Income": 2
    },
    "2009-09-30": {
        "Diluted EPS": 0.19,
        "Total Revenue": 31,
        "Gross Profit": 24,
        "Operating Income": 3,
        "EBIT": NaN,
        "Net Income": 3
    },
    "2009-06-30": {
        "Diluted EPS": 0.21,
        "Total Revenue": 32,
        "Gross Profit": 25,
        "Operating Income": 3,
        "EBIT": NaN,
        "Net Income": 3
    },
    "2009-03-31": {
        "Diluted EPS": 0.3,
        "Total Revenue": 31,
        "Gross Profit": 23,
        "Operating Income": 5,
        "EBIT": NaN,
        "Net Income": 4
    },
    "2023-09-30": {
        "Tax Effect Of Unusual Items": NaN,
        "Tax Rate For Calcs": NaN,
        "Total Unusual Items": 0.0,
        "Total Unusual Items Excluding Goodwill": 0.0,
        "Net Income From Continuing Operation Net Minority Interest": NaN,
        "Reconciled Depreciation": NaN,
        "Net Interest Income": NaN,
        "Interest Expense": NaN,
        "Interest Income": NaN,
        "Normalized Income": NaN,
        "Net Income From Continuing And Discontinued Operation": NaN,
        "Diluted Average Shares": NaN,
        "Basic Average Shares": NaN,
        "Diluted EPS": NaN,
        "Basic EPS": NaN,
        "Diluted NI Availto Com Stockholders": NaN,
        "Net Income Common Stockholders": NaN,
        "Net Income": NaN,
        "Net Income Including Noncontrolling Interests": NaN,
        "Net Income Continuous Operations": NaN,
        "Tax Provision": NaN,
        "Pretax Income": NaN,
        "Special Income Charges": 0.0,
        "Restructuring And Mergern Acquisition": 0.0,
        "Gain On Sale Of Security": 0.0,
        "Selling General And Administration": NaN,
        "Selling And Marketing Expense": NaN,
        "General And Administrative Expense": NaN,
        "Insurance And Claims": NaN,
        "Salaries And Wages": NaN,
        "Total Revenue": NaN,
        "Operating Revenue": NaN,
        "Occupancy And Equipment": NaN,
        "Professional Expense And Contract Services Expense": NaN,
        "Other Non Interest Expense": NaN
    },
    "2023-12-31": {
        "Tax Effect Of Unusual Items": NaN,
        "Tax Rate For Calcs": NaN,
        "Total Unusual Items": -189000.0,
        "Total Unusual Items Excluding Goodwill": -189000.0,
        "Net Income From Continuing Operation Net Minority Interest": NaN,
        "Reconciled Depreciation": NaN,
        "Net Interest Income": NaN,
        "Interest Expense": NaN,
        "Interest Income": NaN,
        "Normalized Income": NaN,
        "Net Income From Continuing And Discontinued Operation": NaN,
        "Diluted Average Shares": NaN,
        "Basic Average Shares": NaN,
        "Diluted EPS": NaN,
        "Basic EPS": NaN,
        "Diluted NI Availto Com Stockholders": NaN,
        "Net Income Common Stockholders": NaN,
        "Net Income": NaN,
        "Net Income Including Noncontrolling Interests": NaN,
        "Net Income Continuous Operations": NaN,
        "Tax Provision": NaN,
        "Pretax Income": NaN,
        "Special Income Charges": -189000.0,
        "Restructuring And Mergern Acquisition": 189000.0,
        "Gain On Sale Of Security": 0.0,
        "Selling General And Administration": NaN,
        "Selling And Marketing Expense": NaN,
        "General And Administrative Expense": NaN,
        "Insurance And Claims": NaN,
        "Salaries And Wages": NaN,
        "Total Revenue": NaN,
        "Operating Revenue": NaN,
        "Occupancy And Equipment": NaN,
        "Professional Expense And Contract Services Expense": NaN,
        "Other Non Interest Expense": NaN
    },
    "2024-03-31": {
        "Tax Effect Of Unusual Items": 0.0,
        "Tax Rate For Calcs": 0.20547,
        "Total Unusual Items": NaN,
        "Total Unusual Items Excluding Goodwill": NaN,
        "Net Income From Continuing Operation Net Minority Interest": 20305000.0,
        "Reconciled Depreciation": 4643000.0,
        "Net Interest Income": 51467000.0,
        "Interest Expense": 47142000.0,
        "Interest Income": 98609000.0,
        "Normalized Income": 20305000.0,
        "Net Income From Continuing And Discontinued Operation": 20305000.0,
        "Diluted Average Shares": 29413999.0,
        "Basic Average Shares": 29413999.0,
        "Diluted EPS": 0.69,
        "Basic EPS": 0.69,
        "Diluted NI Availto Com Stockholders": 20305000.0,
        "Net Income Common Stockholders": 20305000.0,
        "Net Income": 20305000.0,
        "Net Income Including Noncontrolling Interests": 20305000.0,
        "Net Income Continuous Operations": 20305000.0,
        "Tax Provision": 5251000.0,
        "Pretax Income": 25556000.0,
        "Special Income Charges": NaN,
        "Restructuring And Mergern Acquisition": NaN,
        "Gain On Sale Of Security": NaN,
        "Selling General And Administration": 32889000.0,
        "Selling And Marketing Expense": 416000.0,
        "General And Administrative Expense": 32473000.0,
        "Insurance And Claims": 1135000.0,
        "Salaries And Wages": 31338000.0,
        "Total Revenue": 77062000.0,
        "Operating Revenue": 77062000.0,
        "Occupancy And Equipment": 3983000.0,
        "Professional Expense And Contract Services Expense": 1688000.0,
        "Other Non Interest Expense": 11514000.0
    },
    "2024-06-30": {
        "Tax Effect Of Unusual Items": NaN,
        "Tax Rate For Calcs": NaN,
        "Total Unusual Items": 0.0,
        "Total Unusual Items Excluding Goodwill": 0.0,
        "Net Income From Continuing Operation Net Minority Interest": NaN,
        "Reconciled Depreciation": NaN,
        "Net Interest Income": NaN,
        "Interest Expense": NaN,
        "Interest Income": NaN,
        "Normalized Income": NaN,
        "Net Income From Continuing And Discontinued Operation": NaN,
        "Diluted Average Shares": NaN,
        "Basic Average Shares": NaN,
        "Diluted EPS": NaN,
        "Basic EPS": NaN,
        "Diluted NI Availto Com Stockholders": NaN,
        "Net Income Common Stockholders": NaN,
        "Net Income": NaN,
        "Net Income Including Noncontrolling Interests": NaN,
        "Net Income Continuous Operations": NaN,
        "Tax Provision": NaN,
        "Pretax Income": NaN,
        "Special Income Charges": 0.0,
        "Restructuring And Mergern Acquisition": 0.0,
        "Gain On Sale Of Security": NaN,
        "Selling General And Administration": NaN,
        "Selling And Marketing Expense": NaN,
        "General And Administrative Expense": NaN,
        "Insurance And Claims": NaN,
        "Salaries And Wages": NaN,
        "Total Revenue": NaN,
        "Operating Revenue": NaN,
        "Occupancy And Equipment": NaN,
        "Professional Expense And Contract Services Expense": NaN,
        "Other Non Interest Expense": NaN
    },
    "2024-09-30": {
        "Tax Effect Of Unusual Items": 0.0,
        "Tax Rate For Calcs": 0.206,
        "Total Unusual Items": 0.0,
        "Total Unusual Items Excluding Goodwill": 0.0,
        "Net Income From Continuing Operation Net Minority Interest": 18578000.0,
        "Reconciled Depreciation": 1769000.0,
        "Net Interest Income": 53204000.0,
        "Interest Expense": 53234000.0,
        "Interest Income": 106438000.0,
        "Normalized Income": 18578000.0,
        "Net Income From Continuing And Discontinued Operation": 18578000.0,
        "Diluted Average Shares": 29488889.0,
        "Basic Average Shares": 29132948.0,
        "Diluted EPS": 0.63,
        "Basic EPS": 0.64,
        "Diluted NI Availto Com Stockholders": 18578000.0,
        "Net Income Common Stockholders": 18578000.0,
        "Net Income": 18578000.0,
        "Net Income Including Noncontrolling Interests": 18578000.0,
        "Net Income Continuous Operations": 18578000.0,
        "Tax Provision": 4810000.0,
        "Pretax Income": 23388000.0,
        "Special Income Charges": 0.0,
        "Restructuring And Mergern Acquisition": 0.0,
        "Gain On Sale Of Security": 18000.0,
        "Selling General And Administration": 32289000.0,
        "Selling And Marketing Expense": 490000.0,
        "General And Administrative Expense": 31799000.0,
        "Insurance And Claims": 1097000.0,
        "Salaries And Wages": 30702000.0,
        "Total Revenue": 73354000.0,
        "Operating Revenue": 73354000.0,
        "Occupancy And Equipment": 3830000.0,
        "Professional Expense And Contract Services Expense": 1579000.0,
        "Other Non Interest Expense": 10854000.0
    },
    "2024-12-31": {
        "Tax Effect Of Unusual Items": 0.0,
        "Tax Rate For Calcs": 0.202954,
        "Total Unusual Items": 0.0,
        "Total Unusual Items Excluding Goodwill": 0.0,
        "Net Income From Continuing Operation Net Minority Interest": 18941000.0,
        "Reconciled Depreciation": 80000.0,
        "Net Interest Income": 55472000.0,
        "Interest Expense": 52004000.0,
        "Interest Income": 107476000.0,
        "Normalized Income": 18941000.0,
        "Net Income From Continuing And Discontinued Operation": 18941000.0,
        "Diluted Average Shares": 29070039.0,
        "Basic Average Shares": 29070039.0,
        "Diluted EPS": 0.65,
        "Basic EPS": 0.65,
        "Diluted NI Availto Com Stockholders": 18941000.0,
        "Net Income Common Stockholders": 18941000.0,
        "Net Income": 18941000.0,
        "Net Income Including Noncontrolling Interests": 18941000.0,
        "Net Income Continuous Operations": 18941000.0,
        "Tax Provision": 4823000.0,
        "Pretax Income": 23764000.0,
        "Special Income Charges": 0.0,
        "Restructuring And Mergern Acquisition": 0.0,
        "Gain On Sale Of Security": 0.0,
        "Selling General And Administration": 33172000.0,
        "Selling And Marketing Expense": 552000.0,
        "General And Administrative Expense": 32620000.0,
        "Insurance And Claims": 1102000.0,
        "Salaries And Wages": 31518000.0,
        "Total Revenue": 76802000.0,
        "Operating Revenue": 76802000.0,
        "Occupancy And Equipment": 3898000.0,
        "Professional Expense And Contract Services Expense": 1669000.0,
        "Other Non Interest Expense": 11919000.0
    },
    "2025-03-31": {
        "Tax Effect Of Unusual Items": 0.0,
        "Tax Rate For Calcs": 0.202,
        "Total Unusual Items": NaN,
        "Total Unusual Items Excluding Goodwill": NaN,
        "Net Income From Continuing Operation Net Minority Interest": 22395000.0,
        "Reconciled Depreciation": 1469000.0,
        "Net Interest Income": 56781000.0,
        "Interest Expense": 46635000.0,
        "Interest Income": 103416000.0,
        "Normalized Income": 22395000.0,
        "Net Income From Continuing And Discontinued Operation": 22395000.0,
        "Diluted Average Shares": 29000567.0,
        "Basic Average Shares": 29000567.0,
        "Diluted EPS": 0.77,
        "Basic EPS": 0.77,
        "Diluted NI Availto Com Stockholders": 22395000.0,
        "Net Income Common Stockholders": 22395000.0,
        "Net Income": 22395000.0,
        "Net Income Including Noncontrolling Interests": 22395000.0,
        "Net Income Continuous Operations": 22395000.0,
        "Tax Provision": 5162000.0,
        "Pretax Income": 27557000.0,
        "Special Income Charges": NaN,
        "Restructuring And Mergern Acquisition": NaN,
        "Gain On Sale Of Security": NaN,
        "Selling General And Administration": 32330000.0,
        "Selling And Marketing Expense": 353000.0,
        "General And Administrative Expense": 31977000.0,
        "Insurance And Claims": 1151000.0,
        "Salaries And Wages": 30826000.0,
        "Total Revenue": 79196000.0,
        "Operating Revenue": 79196000.0,
        "Occupancy And Equipment": 3975000.0,
        "Professional Expense And Contract Services Expense": 1797000.0,
        "Other Non Interest Expense": 11226000.0
    },
    "2025-06-30": {
        "Tax Effect Of Unusual Items": 0.0,
        "Tax Rate For Calcs": 0.201,
        "Total Unusual Items": NaN,
        "Total Unusual Items Excluding Goodwill": NaN,
        "Net Income From Continuing Operation Net Minority Interest": 19978000.0,
        "Reconciled Depreciation": 1343000.0,
        "Net Interest Income": 59541000.0,
        "Interest Expense": 46165000.0,
        "Interest Income": 105706000.0,
        "Normalized Income": 19978000.0,
        "Net Income From Continuing And Discontinued Operation": 19978000.0,
        "Diluted Average Shares": 28859348.0,
        "Basic Average Shares": 28859348.0,
        "Diluted EPS": 0.69,
        "Basic EPS": 0.69,
        "Diluted NI Availto Com Stockholders": 19978000.0,
        "Net Income Common Stockholders": 19978000.0,
        "Net Income": 19978000.0,
        "Net Income Including Noncontrolling Interests": 19978000.0,
        "Net Income Continuous Operations": 19978000.0,
        "Tax Provision": 5038000.0,
        "Pretax Income": 25016000.0,
        "Special Income Charges": NaN,
        "Restructuring And Mergern Acquisition": NaN,
        "Gain On Sale Of Security": NaN,
        "Selling General And Administration": 33108000.0,
        "Selling And Marketing Expense": 498000.0,
        "General And Administrative Expense": 32610000.0,
        "Insurance And Claims": 1074000.0,
        "Salaries And Wages": 31536000.0,
        "Total Revenue": 81042000.0,
        "Operating Revenue": 81042000.0,
        "Occupancy And Equipment": 3782000.0,
        "Professional Expense And Contract Services Expense": 1597000.0,
        "Other Non Interest Expense": 11845000.0
    },
    "2025-09-30": {
        "Tax Effect Of Unusual Items": 0.0,
        "Tax Rate For Calcs": 0.2,
        "Total Unusual Items": NaN,
        "Total Unusual Items Excluding Goodwill": NaN,
        "Net Income From Continuing Operation Net Minority Interest": 25639000.0,
        "Reconciled Depreciation": 1719000.0,
        "Net Interest Income": 61324000.0,
        "Interest Expense": 48324000.0,
        "Interest Income": 109648000.0,
        "Normalized Income": 25639000.0,
        "Net Income From Continuing And Discontinued Operation": 25639000.0,
        "Diluted Average Shares": 28716582.0,
        "Basic Average Shares": 28716582.0,
        "Diluted EPS": 0.89,
        "Basic EPS": 0.89,
        "Diluted NI Availto Com Stockholders": 25639000.0,
        "Net Income Common Stockholders": 25639000.0,
        "Net Income": 25639000.0,
        "Net Income Including Noncontrolling Interests": 25639000.0,
        "Net Income Continuous Operations": 25639000.0,
        "Tax Provision": 6422000.0,
        "Pretax Income": 32061000.0,
        "Special Income Charges": NaN,
        "Restructuring And Mergern Acquisition": NaN,
        "Gain On Sale Of Security": 0.0,
        "Selling General And Administration": 33170000.0,
        "Selling And Marketing Expense": 323000.0,
        "General And Administrative Expense": 32847000.0,
        "Insurance And Claims": 1195000.0,
        "Salaries And Wages": 31652000.0,
        "Total Revenue": 83247000.0,
        "Operating Revenue": 83247000.0,
        "Occupancy And Equipment": 3751000.0,
        "Professional Expense And Contract Services Expense": 1876000.0,
        "Other Non Interest Expense": 11872000.0
    }
}