{
    "2023-03-31": {
        "Tax Effect Of Unusual Items": NaN,
        "Tax Rate For Calcs": NaN,
        "Normalized EBITDA": NaN,
        "Total Unusual Items": 0.0,
        "Total Unusual Items Excluding Goodwill": 0.0,
        "Net Income From Continuing Operation Net Minority Interest": NaN,
        "Reconciled Depreciation": NaN,
        "Reconciled Cost Of Revenue": NaN,
        "EBITDA": NaN,
        "EBIT": NaN,
        "Net Interest Income": NaN,
        "Interest Expense": NaN,
        "Interest Income": NaN,
        "Normalized Income": NaN,
        "Net Income From Continuing And Discontinued Operation": NaN,
        "Total Expenses": NaN,
        "Total Operating Income As Reported": NaN,
        "Diluted Average Shares": 24971854.0,
        "Basic Average Shares": 24776193.0,
        "Diluted EPS": 2.15,
        "Basic EPS": 2.17,
        "Diluted NI Availto Com Stockholders": NaN,
        "Net Income Common Stockholders": NaN,
        "Net Income": NaN,
        "Minority Interests": NaN,
        "Net Income Including Noncontrolling Interests": NaN,
        "Net Income Continuous Operations": NaN,
        "Tax Provision": NaN,
        "Pretax Income": NaN,
        "Other Income Expense": NaN,
        "Other Non Operating Income Expenses": NaN,
        "Special Income Charges": 0.0,
        "Restructuring And Mergern Acquisition": 0.0,
        "Earnings From Equity Interest": NaN,
        "Net Non Operating Interest Income Expense": NaN,
        "Interest Expense Non Operating": NaN,
        "Interest Income Non Operating": NaN,
        "Operating Income": NaN,
        "Operating Expense": NaN,
        "Selling General And Administration": NaN,
        "Gross Profit": NaN,
        "Cost Of Revenue": NaN,
        "Total Revenue": NaN,
        "Operating Revenue": NaN
    },
    "2022-12-31": {
        "Tax Effect Of Unusual Items": NaN,
        "Tax Rate For Calcs": NaN,
        "Normalized EBITDA": NaN,
        "Total Unusual Items": 0.0,
        "Total Unusual Items Excluding Goodwill": 0.0,
        "Net Income From Continuing Operation Net Minority Interest": NaN,
        "Reconciled Depreciation": NaN,
        "Reconciled Cost Of Revenue": NaN,
        "EBITDA": NaN,
        "EBIT": NaN,
        "Net Interest Income": NaN,
        "Interest Expense": NaN,
        "Interest Income": NaN,
        "Normalized Income": NaN,
        "Net Income From Continuing And Discontinued Operation": NaN,
        "Total Expenses": NaN,
        "Total Operating Income As Reported": NaN,
        "Diluted Average Shares": NaN,
        "Basic Average Shares": NaN,
        "Diluted EPS": NaN,
        "Basic EPS": NaN,
        "Diluted NI Availto Com Stockholders": NaN,
        "Net Income Common Stockholders": NaN,
        "Net Income": NaN,
        "Minority Interests": NaN,
        "Net Income Including Noncontrolling Interests": NaN,
        "Net Income Continuous Operations": NaN,
        "Tax Provision": NaN,
        "Pretax Income": NaN,
        "Other Income Expense": NaN,
        "Other Non Operating Income Expenses": NaN,
        "Special Income Charges": 0.0,
        "Restructuring And Mergern Acquisition": 0.0,
        "Earnings From Equity Interest": NaN,
        "Net Non Operating Interest Income Expense": NaN,
        "Interest Expense Non Operating": NaN,
        "Interest Income Non Operating": NaN,
        "Operating Income": NaN,
        "Operating Expense": NaN,
        "Selling General And Administration": NaN,
        "Gross Profit": NaN,
        "Cost Of Revenue": NaN,
        "Total Revenue": NaN,
        "Operating Revenue": NaN
    },
    "2022-09-30": {
        "Tax Effect Of Unusual Items": NaN,
        "Tax Rate For Calcs": NaN,
        "Normalized EBITDA": NaN,
        "Total Unusual Items": 0.0,
        "Total Unusual Items Excluding Goodwill": 0.0,
        "Net Income From Continuing Operation Net Minority Interest": NaN,
        "Reconciled Depreciation": NaN,
        "Reconciled Cost Of Revenue": NaN,
        "EBITDA": NaN,
        "EBIT": NaN,
        "Net Interest Income": NaN,
        "Interest Expense": NaN,
        "Interest Income": NaN,
        "Normalized Income": NaN,
        "Net Income From Continuing And Discontinued Operation": NaN,
        "Total Expenses": NaN,
        "Total Operating Income As Reported": NaN,
        "Diluted Average Shares": NaN,
        "Basic Average Shares": NaN,
        "Diluted EPS": NaN,
        "Basic EPS": NaN,
        "Diluted NI Availto Com Stockholders": NaN,
        "Net Income Common Stockholders": NaN,
        "Net Income": NaN,
        "Minority Interests": NaN,
        "Net Income Including Noncontrolling Interests": NaN,
        "Net Income Continuous Operations": NaN,
        "Tax Provision": NaN,
        "Pretax Income": NaN,
        "Other Income Expense": 339000.0,
        "Other Non Operating Income Expenses": NaN,
        "Special Income Charges": 0.0,
        "Restructuring And Mergern Acquisition": 0.0,
        "Earnings From Equity Interest": NaN,
        "Net Non Operating Interest Income Expense": NaN,
        "Interest Expense Non Operating": NaN,
        "Interest Income Non Operating": NaN,
        "Operating Income": NaN,
        "Operating Expense": NaN,
        "Selling General And Administration": NaN,
        "Gross Profit": NaN,
        "Cost Of Revenue": NaN,
        "Total Revenue": NaN,
        "Operating Revenue": NaN
    },
    "2022-06-30": {
        "Tax Effect Of Unusual Items": 0.0,
        "Tax Rate For Calcs": 0.4,
        "Normalized EBITDA": 27017000.0,
        "Total Unusual Items": 0.0,
        "Total Unusual Items Excluding Goodwill": 0.0,
        "Net Income From Continuing Operation Net Minority Interest": 6830000.0,
        "Reconciled Depreciation": 14129000.0,
        "Reconciled Cost Of Revenue": 350104000.0,
        "EBITDA": 27017000.0,
        "EBIT": 12888000.0,
        "Net Interest Income": -6487000.0,
        "Interest Expense": 6724000.0,
        "Interest Income": 237000.0,
        "Normalized Income": 6830000.0,
        "Net Income From Continuing And Discontinued Operation": 6830000.0,
        "Total Expenses": 416556000.0,
        "Total Operating Income As Reported": 13266000.0,
        "Diluted Average Shares": 24935554.0,
        "Basic Average Shares": 24769015.0,
        "Diluted EPS": 0.27,
        "Basic EPS": 0.28,
        "Diluted NI Availto Com Stockholders": 6830000.0,
        "Net Income Common Stockholders": 6830000.0,
        "Net Income": 6830000.0,
        "Minority Interests": 4029000.0,
        "Net Income Including Noncontrolling Interests": 2801000.0,
        "Net Income Continuous Operations": 2801000.0,
        "Tax Provision": 3363000.0,
        "Pretax Income": 6164000.0,
        "Other Income Expense": -615000.0,
        "Other Non Operating Income Expenses": -62000.0,
        "Special Income Charges": 0.0,
        "Restructuring And Mergern Acquisition": 0.0,
        "Earnings From Equity Interest": -553000.0,
        "Net Non Operating Interest Income Expense": -6487000.0,
        "Interest Expense Non Operating": 6724000.0,
        "Interest Income Non Operating": 237000.0,
        "Operating Income": 13266000.0,
        "Operating Expense": 66452000.0,
        "Selling General And Administration": 66452000.0,
        "Gross Profit": 79718000.0,
        "Cost Of Revenue": 350104000.0,
        "Total Revenue": 429822000.0,
        "Operating Revenue": 429122000.0
    },
    "2023-06-30": {
        "Tax Effect Of Unusual Items": 0.0,
        "Tax Rate For Calcs": 0.216,
        "Normalized EBITDA": 23713000.0,
        "Total Unusual Items": NaN,
        "Total Unusual Items Excluding Goodwill": NaN,
        "Net Income From Continuing Operation Net Minority Interest": -2064000.0,
        "Reconciled Depreciation": 14754000.0,
        "Reconciled Cost Of Revenue": 431210000.0,
        "EBITDA": 23713000.0,
        "EBIT": 8959000.0,
        "Net Interest Income": -14178000.0,
        "Interest Expense": 15543000.0,
        "Interest Income": 1365000.0,
        "Normalized Income": -2064000.0,
        "Net Income From Continuing And Discontinued Operation": -2064000.0,
        "Total Expenses": 506687000.0,
        "Total Operating Income As Reported": 11035000.0,
        "Diluted Average Shares": 24842171.0,
        "Basic Average Shares": 24842171.0,
        "Diluted EPS": -0.08,
        "Basic EPS": -0.08,
        "Diluted NI Availto Com Stockholders": -2064000.0,
        "Net Income Common Stockholders": -2064000.0,
        "Net Income": -2064000.0,
        "Minority Interests": 3097000.0,
        "Net Income Including Noncontrolling Interests": -5161000.0,
        "Net Income Continuous Operations": -5161000.0,
        "Tax Provision": -1423000.0,
        "Pretax Income": -6584000.0,
        "Other Income Expense": -3441000.0,
        "Other Non Operating Income Expenses": 725000.0,
        "Special Income Charges": NaN,
        "Restructuring And Mergern Acquisition": NaN,
        "Earnings From Equity Interest": -4166000.0,
        "Net Non Operating Interest Income Expense": -14178000.0,
        "Interest Expense Non Operating": 15543000.0,
        "Interest Income Non Operating": 1365000.0,
        "Operating Income": 11035000.0,
        "Operating Expense": 75477000.0,
        "Selling General And Administration": 75477000.0,
        "Gross Profit": 86512000.0,
        "Cost Of Revenue": 431210000.0,
        "Total Revenue": 517722000.0,
        "Operating Revenue": 516370000.0
    },
    "2022-03-31": {
        "Diluted EPS": 1.03,
        "Total Revenue": 647,
        "Gross Profit": 122,
        "Operating Income": 57,
        "EBIT": 71,
        "Net Income": 26
    },
    "2021-12-31": {
        "Diluted EPS": 1.4,
        "Total Revenue": 653,
        "Gross Profit": 131,
        "Operating Income": 63,
        "EBIT": 77,
        "Net Income": 35
    },
    "2021-09-30": {
        "Diluted EPS": 0.78,
        "Total Revenue": 454,
        "Gross Profit": 93,
        "Operating Income": 30,
        "EBIT": 43,
        "Net Income": 20
    },
    "2021-06-30": {
        "Diluted EPS": 0.26,
        "Total Revenue": 350,
        "Gross Profit": 62,
        "Operating Income": 11,
        "EBIT": 23,
        "Net Income": 6
    },
    "2021-03-31": {
        "Diluted EPS": 1.6,
        "Total Revenue": 618,
        "Gross Profit": 124,
        "Operating Income": 63,
        "EBIT": 75,
        "Net Income": 39
    },
    "2020-12-31": {
        "Diluted EPS": 1.34,
        "Total Revenue": 673,
        "Gross Profit": 140,
        "Operating Income": 60,
        "EBIT": 72,
        "Net Income": 33
    },
    "2020-09-30": {
        "Diluted EPS": 0.3,
        "Total Revenue": 377,
        "Gross Profit": 69,
        "Operating Income": 16,
        "EBIT": 27,
        "Net Income": 8
    },
    "2020-06-30": {
        "Diluted EPS": 0.29,
        "Total Revenue": 316,
        "Gross Profit": 54,
        "Operating Income": 9,
        "EBIT": 19,
        "Net Income": 7
    },
    "2020-03-31": {
        "Diluted EPS": 0.63,
        "Total Revenue": 632,
        "Gross Profit": 109,
        "Operating Income": 32,
        "EBIT": 42,
        "Net Income": 16
    },
    "2019-12-31": {
        "Diluted EPS": 1.04,
        "Total Revenue": 505,
        "Gross Profit": 93,
        "Operating Income": 44,
        "EBIT": 53,
        "Net Income": 26
    },
    "2019-09-30": {
        "Diluted EPS": 1.11,
        "Total Revenue": 476,
        "Gross Profit": 96,
        "Operating Income": 43,
        "EBIT": 52,
        "Net Income": 28
    },
    "2019-06-30": {
        "Diluted EPS": 0.08,
        "Total Revenue": 297,
        "Gross Profit": 59,
        "Operating Income": 8,
        "EBIT": 17,
        "Net Income": 2
    },
    "2019-03-31": {
        "Diluted EPS": 1.24,
        "Total Revenue": 672,
        "Gross Profit": 119,
        "Operating Income": 61,
        "EBIT": 70,
        "Net Income": 31
    },
    "2018-12-31": {
        "Diluted EPS": 1.11,
        "Total Revenue": 636,
        "Gross Profit": 115,
        "Operating Income": 38,
        "EBIT": 47,
        "Net Income": 28
    },
    "2018-09-30": {
        "Diluted EPS": 1.24,
        "Total Revenue": 540,
        "Gross Profit": 99,
        "Operating Income": 54,
        "EBIT": 64,
        "Net Income": 31
    },
    "2018-06-30": {
        "Diluted EPS": 0.52,
        "Total Revenue": 380,
        "Gross Profit": 72,
        "Operating Income": 8,
        "EBIT": 17,
        "Net Income": 13
    },
    "2018-03-31": {
        "Diluted EPS": 1.2,
        "Total Revenue": 607,
        "Gross Profit": 116,
        "Operating Income": 60,
        "EBIT": 69,
        "Net Income": 31
    },
    "2017-12-31": {
        "Diluted EPS": 1.78,
        "Total Revenue": 654,
        "Gross Profit": 109,
        "Operating Income": 60,
        "EBIT": 68,
        "Net Income": 45
    },
    "2017-09-30": {
        "Diluted EPS": 1.02,
        "Total Revenue": 488,
        "Gross Profit": 93,
        "Operating Income": 45,
        "EBIT": 53,
        "Net Income": 26
    },
    "2017-06-30": {
        "Diluted EPS": 0.14,
        "Total Revenue": 285,
        "Gross Profit": 54,
        "Operating Income": 6,
        "EBIT": 15,
        "Net Income": 4
    },
    "2017-03-31": {
        "Diluted EPS": -1.54,
        "Total Revenue": 650,
        "Gross Profit": 119,
        "Operating Income": 60,
        "EBIT": 70,
        "Net Income": -41
    },
    "2016-12-31": {
        "Diluted EPS": 1.92,
        "Total Revenue": 669,
        "Gross Profit": 135,
        "Operating Income": 83,
        "EBIT": 92,
        "Net Income": 50
    },
    "2016-09-30": {
        "Diluted EPS": 0.9,
        "Total Revenue": 457,
        "Gross Profit": 88,
        "Operating Income": 43,
        "EBIT": 52,
        "Net Income": 22
    },
    "2016-06-30": {
        "Diluted EPS": -0.4,
        "Total Revenue": 295,
        "Gross Profit": 52,
        "Operating Income": -8,
        "EBIT": 1,
        "Net Income": -9
    },
    "2016-03-31": {
        "Diluted EPS": 1.94,
        "Total Revenue": 804,
        "Gross Profit": 141,
        "Operating Income": 80,
        "EBIT": 90,
        "Net Income": 44
    },
    "2015-12-31": {
        "Diluted EPS": 1.6,
        "Total Revenue": 585,
        "Gross Profit": 120,
        "Operating Income": 69,
        "EBIT": 78,
        "Net Income": 41
    },
    "2015-09-30": {
        "Diluted EPS": 0.81,
        "Total Revenue": 456,
        "Gross Profit": 98,
        "Operating Income": 37,
        "EBIT": 47,
        "Net Income": 19
    },
    "2015-06-30": {
        "Diluted EPS": -0.43,
        "Total Revenue": 275,
        "Gross Profit": 48,
        "Operating Income": -5,
        "EBIT": 4,
        "Net Income": -10
    },
    "2015-03-31": {
        "Diluted EPS": 1.84,
        "Total Revenue": 778,
        "Gross Profit": 122,
        "Operating Income": 61,
        "EBIT": 69,
        "Net Income": 42
    },
    "2014-12-31": {
        "Diluted EPS": 1.87,
        "Total Revenue": 758,
        "Gross Profit": 148,
        "Operating Income": 93,
        "EBIT": 103,
        "Net Income": 49
    },
    "2014-09-30": {
        "Diluted EPS": 0.48,
        "Total Revenue": 464,
        "Gross Profit": 85,
        "Operating Income": 22,
        "EBIT": 31,
        "Net Income": 11
    },
    "2014-06-30": {
        "Diluted EPS": -0.13,
        "Total Revenue": 271,
        "Gross Profit": 56,
        "Operating Income": -8,
        "EBIT": 1,
        "Net Income": -3
    },
    "2014-03-31": {
        "Diluted EPS": 0.94,
        "Total Revenue": 690,
        "Gross Profit": 103,
        "Operating Income": 41,
        "EBIT": 49,
        "Net Income": 23
    },
    "2013-12-31": {
        "Diluted EPS": 1.36,
        "Total Revenue": 768,
        "Gross Profit": 139,
        "Operating Income": 69,
        "EBIT": 79,
        "Net Income": 35
    },
    "2013-09-30": {
        "Diluted EPS": 0.9,
        "Total Revenue": 651,
        "Gross Profit": 119,
        "Operating Income": 50,
        "EBIT": 59,
        "Net Income": 22
    },
    "2013-06-30": {
        "Diluted EPS": 2.05,
        "Total Revenue": 434,
        "Gross Profit": 71,
        "Operating Income": 86,
        "EBIT": 97,
        "Net Income": 55
    },
    "2013-03-31": {
        "Diluted EPS": 0.92,
        "Total Revenue": 645,
        "Gross Profit": 107,
        "Operating Income": 41,
        "EBIT": 52,
        "Net Income": 22
    },
    "2012-12-31": {
        "Diluted EPS": 1.25,
        "Total Revenue": 680,
        "Gross Profit": 125,
        "Operating Income": 65,
        "EBIT": 76,
        "Net Income": 32
    },
    "2012-09-30": {
        "Diluted EPS": 1.68,
        "Total Revenue": 675,
        "Gross Profit": 138,
        "Operating Income": 75,
        "EBIT": 86,
        "Net Income": 44
    },
    "2012-06-30": {
        "Diluted EPS": 0.81,
        "Total Revenue": 461,
        "Gross Profit": 92,
        "Operating Income": 43,
        "EBIT": 54,
        "Net Income": 19
    },
    "2012-03-31": {
        "Diluted EPS": 1.18,
        "Total Revenue": 654,
        "Gross Profit": 111,
        "Operating Income": 42,
        "EBIT": 53,
        "Net Income": 22
    },
    "2011-12-31": {
        "Diluted EPS": 2.06,
        "Total Revenue": 672,
        "Gross Profit": 147,
        "Operating Income": 93,
        "EBIT": 103,
        "Net Income": 55
    },
    "2011-09-30": {
        "Diluted EPS": -0.51,
        "Total Revenue": 641,
        "Gross Profit": 119,
        "Operating Income": 10,
        "EBIT": 21,
        "Net Income": -12
    },
    "2011-06-30": {
        "Diluted EPS": 0.52,
        "Total Revenue": 479,
        "Gross Profit": 94,
        "Operating Income": 36,
        "EBIT": 47,
        "Net Income": 12
    },
    "2011-03-31": {
        "Diluted EPS": 0.95,
        "Total Revenue": 680,
        "Gross Profit": 119,
        "Operating Income": 46,
        "EBIT": 58,
        "Net Income": 23
    },
    "2010-12-31": {
        "Diluted EPS": 1.82,
        "Total Revenue": 688,
        "Gross Profit": 154,
        "Operating Income": 88,
        "EBIT": 99,
        "Net Income": 49
    },
    "2010-09-30": {
        "Diluted EPS": 1.78,
        "Total Revenue": 664,
        "Gross Profit": 133,
        "Operating Income": 80,
        "EBIT": 91,
        "Net Income": 48
    },
    "2010-06-30": {
        "Diluted EPS": 0.87,
        "Total Revenue": 539,
        "Gross Profit": 102,
        "Operating Income": 41,
        "EBIT": 52,
        "Net Income": 22
    },
    "2010-03-31": {
        "Diluted EPS": 0.9,
        "Total Revenue": 567,
        "Gross Profit": 111,
        "Operating Income": 43,
        "EBIT": 53,
        "Net Income": 23
    },
    "2009-12-31": {
        "Diluted EPS": 1.54,
        "Total Revenue": 661,
        "Gross Profit": 145,
        "Operating Income": 69,
        "EBIT": 80,
        "Net Income": 42
    },
    "2009-09-30": {
        "Diluted EPS": 1.77,
        "Total Revenue": 648,
        "Gross Profit": 147,
        "Operating Income": 76,
        "EBIT": 87,
        "Net Income": 49
    },
    "2009-06-30": {
        "Diluted EPS": 1.47,
        "Total Revenue": 616,
        "Gross Profit": 139,
        "Operating Income": 70,
        "EBIT": 80,
        "Net Income": 40
    },
    "2009-03-31": {
        "Diluted EPS": 0.52,
        "Total Revenue": 564,
        "Gross Profit": 95,
        "Operating Income": 23,
        "EBIT": 33,
        "Net Income": 12
    },
    "2023-09-30": {
        "Tax Effect Of Unusual Items": NaN,
        "Tax Rate For Calcs": NaN,
        "Normalized EBITDA": NaN,
        "Total Unusual Items": NaN,
        "Total Unusual Items Excluding Goodwill": NaN,
        "Net Income From Continuing Operation Net Minority Interest": NaN,
        "Reconciled Depreciation": NaN,
        "Reconciled Cost Of Revenue": NaN,
        "EBITDA": NaN,
        "EBIT": NaN,
        "Net Interest Income": NaN,
        "Interest Expense": NaN,
        "Interest Income": NaN,
        "Normalized Income": NaN,
        "Net Income From Continuing And Discontinued Operation": NaN,
        "Total Expenses": NaN,
        "Total Operating Income As Reported": NaN,
        "Diluted Average Shares": NaN,
        "Basic Average Shares": NaN,
        "Diluted EPS": NaN,
        "Basic EPS": NaN,
        "Diluted NI Availto Com Stockholders": NaN,
        "Net Income Common Stockholders": NaN,
        "Net Income": NaN,
        "Minority Interests": NaN,
        "Net Income Including Noncontrolling Interests": NaN,
        "Net Income Continuous Operations": NaN,
        "Tax Provision": NaN,
        "Pretax Income": NaN,
        "Other Income Expense": NaN,
        "Other Non Operating Income Expenses": NaN,
        "Special Income Charges": NaN,
        "Impairment Of Capital Assets": 1378000.0,
        "Restructuring And Mergern Acquisition": NaN,
        "Earnings From Equity Interest": NaN,
        "Net Non Operating Interest Income Expense": NaN,
        "Interest Expense Non Operating": NaN,
        "Interest Income Non Operating": NaN,
        "Operating Income": NaN,
        "Operating Expense": NaN,
        "Selling General And Administration": NaN,
        "Gross Profit": NaN,
        "Cost Of Revenue": NaN,
        "Total Revenue": NaN,
        "Operating Revenue": NaN
    },
    "2023-12-31": {
        "Tax Effect Of Unusual Items": NaN,
        "Tax Rate For Calcs": NaN,
        "Normalized EBITDA": NaN,
        "Total Unusual Items": -924000.0,
        "Total Unusual Items Excluding Goodwill": -924000.0,
        "Net Income From Continuing Operation Net Minority Interest": NaN,
        "Reconciled Depreciation": NaN,
        "Reconciled Cost Of Revenue": NaN,
        "EBITDA": NaN,
        "EBIT": NaN,
        "Net Interest Income": NaN,
        "Interest Expense": NaN,
        "Interest Income": NaN,
        "Normalized Income": NaN,
        "Net Income From Continuing And Discontinued Operation": NaN,
        "Total Expenses": NaN,
        "Total Operating Income As Reported": NaN,
        "Diluted Average Shares": NaN,
        "Basic Average Shares": NaN,
        "Diluted EPS": NaN,
        "Basic EPS": NaN,
        "Diluted NI Availto Com Stockholders": NaN,
        "Net Income Common Stockholders": NaN,
        "Net Income": NaN,
        "Minority Interests": NaN,
        "Net Income Including Noncontrolling Interests": NaN,
        "Net Income Continuous Operations": NaN,
        "Tax Provision": NaN,
        "Pretax Income": NaN,
        "Other Income Expense": NaN,
        "Other Non Operating Income Expenses": NaN,
        "Special Income Charges": -924000.0,
        "Impairment Of Capital Assets": 712000.0,
        "Restructuring And Mergern Acquisition": 212000.0,
        "Earnings From Equity Interest": NaN,
        "Net Non Operating Interest Income Expense": NaN,
        "Interest Expense Non Operating": NaN,
        "Interest Income Non Operating": NaN,
        "Operating Income": NaN,
        "Operating Expense": NaN,
        "Selling General And Administration": NaN,
        "Gross Profit": NaN,
        "Cost Of Revenue": NaN,
        "Total Revenue": NaN,
        "Operating Revenue": NaN
    },
    "2024-03-31": {
        "Tax Effect Of Unusual Items": 0.0,
        "Tax Rate For Calcs": 0.172649,
        "Normalized EBITDA": 88303000.0,
        "Total Unusual Items": 0.0,
        "Total Unusual Items Excluding Goodwill": 0.0,
        "Net Income From Continuing Operation Net Minority Interest": 40318000.0,
        "Reconciled Depreciation": 14483000.0,
        "Reconciled Cost Of Revenue": 619942000.0,
        "EBITDA": 88303000.0,
        "EBIT": 73820000.0,
        "Net Interest Income": -17686000.0,
        "Interest Expense": 18152000.0,
        "Interest Income": 466000.0,
        "Normalized Income": 40318000.0,
        "Net Income From Continuing And Discontinued Operation": 40318000.0,
        "Total Expenses": 702662000.0,
        "Total Operating Income As Reported": 68198000.0,
        "Diluted Average Shares": 25112107.0,
        "Basic Average Shares": 24846063.0,
        "Diluted EPS": 1.61,
        "Basic EPS": 1.62,
        "Diluted NI Availto Com Stockholders": 40318000.0,
        "Net Income Common Stockholders": 40318000.0,
        "Net Income": 40318000.0,
        "Minority Interests": -5739000.0,
        "Net Income Including Noncontrolling Interests": 46057000.0,
        "Net Income Continuous Operations": 46057000.0,
        "Tax Provision": 9611000.0,
        "Pretax Income": 55668000.0,
        "Other Income Expense": 5156000.0,
        "Other Non Operating Income Expenses": 905000.0,
        "Special Income Charges": 0.0,
        "Impairment Of Capital Assets": NaN,
        "Restructuring And Mergern Acquisition": -2089000.0,
        "Earnings From Equity Interest": 4251000.0,
        "Net Non Operating Interest Income Expense": -17686000.0,
        "Interest Expense Non Operating": 18152000.0,
        "Interest Income Non Operating": 466000.0,
        "Operating Income": 68198000.0,
        "Operating Expense": 82720000.0,
        "Selling General And Administration": 82720000.0,
        "Gross Profit": 150918000.0,
        "Cost Of Revenue": 619942000.0,
        "Total Revenue": 770860000.0,
        "Operating Revenue": 756334000.0
    },
    "2024-06-30": {
        "Tax Effect Of Unusual Items": 0.0,
        "Tax Rate For Calcs": 0.21,
        "Normalized EBITDA": 33201000.0,
        "Total Unusual Items": NaN,
        "Total Unusual Items Excluding Goodwill": NaN,
        "Net Income From Continuing Operation Net Minority Interest": 130000.0,
        "Reconciled Depreciation": 14564000.0,
        "Reconciled Cost Of Revenue": 501129000.0,
        "EBITDA": 33201000.0,
        "EBIT": 18637000.0,
        "Net Interest Income": -19926000.0,
        "Interest Expense": 20734000.0,
        "Interest Income": 808000.0,
        "Normalized Income": 130000.0,
        "Net Income From Continuing And Discontinued Operation": 130000.0,
        "Total Expenses": 579825000.0,
        "Total Operating Income As Reported": 17225000.0,
        "Diluted Average Shares": 25066106.0,
        "Basic Average Shares": 24876220.0,
        "Diluted EPS": 0.01,
        "Basic EPS": 0.01,
        "Diluted NI Availto Com Stockholders": 130000.0,
        "Net Income Common Stockholders": 130000.0,
        "Net Income": 130000.0,
        "Minority Interests": 2954000.0,
        "Net Income Including Noncontrolling Interests": -2824000.0,
        "Net Income Continuous Operations": -2824000.0,
        "Tax Provision": 727000.0,
        "Pretax Income": -2097000.0,
        "Other Income Expense": 604000.0,
        "Other Non Operating Income Expenses": 464000.0,
        "Special Income Charges": NaN,
        "Impairment Of Capital Assets": NaN,
        "Restructuring And Mergern Acquisition": NaN,
        "Earnings From Equity Interest": 140000.0,
        "Net Non Operating Interest Income Expense": -19926000.0,
        "Interest Expense Non Operating": 20734000.0,
        "Interest Income Non Operating": 808000.0,
        "Operating Income": 17225000.0,
        "Operating Expense": 78696000.0,
        "Selling General And Administration": 78696000.0,
        "Gross Profit": 95921000.0,
        "Cost Of Revenue": 501129000.0,
        "Total Revenue": 597050000.0,
        "Operating Revenue": 596403000.0
    },
    "2024-12-31": {
        "Tax Effect Of Unusual Items": 0.0,
        "Tax Rate For Calcs": 0.23,
        "Normalized EBITDA": 122450000.0,
        "Total Unusual Items": 0.0,
        "Total Unusual Items Excluding Goodwill": 0.0,
        "Net Income From Continuing Operation Net Minority Interest": 59639000.0,
        "Reconciled Depreciation": 15134000.0,
        "Reconciled Cost Of Revenue": 743605000.0,
        "EBITDA": 122450000.0,
        "EBIT": 107316000.0,
        "Net Interest Income": -18680000.0,
        "Interest Expense": 19303000.0,
        "Interest Income": 623000.0,
        "Normalized Income": 59639000.0,
        "Net Income From Continuing And Discontinued Operation": 59639000.0,
        "Total Expenses": 833117000.0,
        "Total Operating Income As Reported": 104076000.0,
        "Diluted Average Shares": 25154185.0,
        "Basic Average Shares": 25043860.0,
        "Diluted EPS": 2.27,
        "Basic EPS": 2.28,
        "Diluted NI Availto Com Stockholders": 59639000.0,
        "Net Income Common Stockholders": 59639000.0,
        "Net Income": 59639000.0,
        "Minority Interests": -8157000.0,
        "Net Income Including Noncontrolling Interests": 67796000.0,
        "Net Income Continuous Operations": 67796000.0,
        "Tax Provision": 20217000.0,
        "Pretax Income": 88013000.0,
        "Other Income Expense": 2617000.0,
        "Other Non Operating Income Expenses": 468000.0,
        "Special Income Charges": 0.0,
        "Impairment Of Capital Assets": 0.0,
        "Restructuring And Mergern Acquisition": 0.0,
        "Earnings From Equity Interest": 2149000.0,
        "Net Non Operating Interest Income Expense": -18680000.0,
        "Interest Expense Non Operating": 19303000.0,
        "Interest Income Non Operating": 623000.0,
        "Operating Income": 104076000.0,
        "Operating Expense": 89512000.0,
        "Selling General And Administration": 89512000.0,
        "Gross Profit": 193588000.0,
        "Cost Of Revenue": 743605000.0,
        "Total Revenue": 937193000.0,
        "Operating Revenue": 927981000.0
    },
    "2024-09-30": {
        "Tax Effect Of Unusual Items": -3023878.0,
        "Tax Rate For Calcs": 0.286,
        "Normalized EBITDA": 94279000.0,
        "Total Unusual Items": -10573000.0,
        "Total Unusual Items Excluding Goodwill": -10573000.0,
        "Net Income From Continuing Operation Net Minority Interest": 25940000.0,
        "Reconciled Depreciation": 14856000.0,
        "Reconciled Cost Of Revenue": 567617000.0,
        "EBITDA": 83706000.0,
        "EBIT": 68850000.0,
        "Net Interest Income": -20978000.0,
        "Interest Expense": 21273000.0,
        "Interest Income": 295000.0,
        "Normalized Income": 33489122.0,
        "Net Income From Continuing And Discontinued Operation": 25940000.0,
        "Total Expenses": 631453000.0,
        "Total Operating Income As Reported": 68736000.0,
        "Diluted Average Shares": 25135973.0,
        "Basic Average Shares": 24946632.0,
        "Diluted EPS": 1.03,
        "Basic EPS": 1.04,
        "Diluted NI Availto Com Stockholders": 25940000.0,
        "Net Income Common Stockholders": 25940000.0,
        "Net Income": 25940000.0,
        "Minority Interests": -8029000.0,
        "Net Income Including Noncontrolling Interests": 33969000.0,
        "Net Income Continuous Operations": 33969000.0,
        "Tax Provision": 13608000.0,
        "Pretax Income": 47577000.0,
        "Other Income Expense": -10754000.0,
        "Other Non Operating Income Expenses": 461000.0,
        "Special Income Charges": -10573000.0,
        "Impairment Of Capital Assets": 4859000.0,
        "Restructuring And Mergern Acquisition": 5714000.0,
        "Earnings From Equity Interest": -642000.0,
        "Net Non Operating Interest Income Expense": -20978000.0,
        "Interest Expense Non Operating": 21273000.0,
        "Interest Income Non Operating": 295000.0,
        "Operating Income": 79309000.0,
        "Operating Expense": 63836000.0,
        "Selling General And Administration": 63836000.0,
        "Gross Profit": 143145000.0,
        "Cost Of Revenue": 567617000.0,
        "Total Revenue": 710762000.0,
        "Operating Revenue": 708368000.0
    },
    "2025-03-31": {
        "Tax Effect Of Unusual Items": 0.0,
        "Tax Rate For Calcs": 0.308561,
        "Normalized EBITDA": 54267000.0,
        "Total Unusual Items": 0.0,
        "Total Unusual Items Excluding Goodwill": 0.0,
        "Net Income From Continuing Operation Net Minority Interest": 9338000.0,
        "Reconciled Depreciation": 15219000.0,
        "Reconciled Cost Of Revenue": 586276000.0,
        "EBITDA": 54267000.0,
        "EBIT": 39048000.0,
        "Net Interest Income": -16569000.0,
        "Interest Expense": 18326000.0,
        "Interest Income": 1757000.0,
        "Normalized Income": 9338000.0,
        "Net Income From Continuing And Discontinued Operation": 9338000.0,
        "Total Expenses": 659519000.0,
        "Total Operating Income As Reported": 42760000.0,
        "Diluted Average Shares": 25164477.0,
        "Basic Average Shares": 24984987.0,
        "Diluted EPS": 0.37,
        "Basic EPS": 0.37,
        "Diluted NI Availto Com Stockholders": 9338000.0,
        "Net Income Common Stockholders": 9338000.0,
        "Net Income": 9338000.0,
        "Minority Interests": -4990000.0,
        "Net Income Including Noncontrolling Interests": 14328000.0,
        "Net Income Continuous Operations": 14328000.0,
        "Tax Provision": 6394000.0,
        "Pretax Income": 20722000.0,
        "Other Income Expense": -5469000.0,
        "Other Non Operating Income Expenses": -12925000.0,
        "Special Income Charges": 0.0,
        "Impairment Of Capital Assets": 0.0,
        "Restructuring And Mergern Acquisition": 0.0,
        "Earnings From Equity Interest": 7456000.0,
        "Net Non Operating Interest Income Expense": -16569000.0,
        "Interest Expense Non Operating": 18326000.0,
        "Interest Income Non Operating": 1757000.0,
        "Operating Income": 42760000.0,
        "Operating Expense": 73243000.0,
        "Selling General And Administration": 73243000.0,
        "Gross Profit": 116003000.0,
        "Cost Of Revenue": 586276000.0,
        "Total Revenue": 702279000.0,
        "Operating Revenue": 690172000.0
    }
}