{
    "2023-03-31": {
        "Tax Effect Of Unusual Items": NaN,
        "Tax Rate For Calcs": NaN,
        "Net Income From Continuing Operation Net Minority Interest": NaN,
        "Reconciled Depreciation": NaN,
        "Net Interest Income": NaN,
        "Interest Expense": NaN,
        "Interest Income": NaN,
        "Normalized Income": NaN,
        "Net Income From Continuing And Discontinued Operation": NaN,
        "Diluted Average Shares": 92920794.0,
        "Basic Average Shares": 92920794.0,
        "Diluted EPS": -0.13,
        "Basic EPS": -0.13,
        "Diluted NI Availto Com Stockholders": NaN,
        "Average Dilution Earnings": NaN,
        "Net Income Common Stockholders": NaN,
        "Net Income": NaN,
        "Minority Interests": NaN,
        "Net Income Including Noncontrolling Interests": NaN,
        "Net Income Continuous Operations": NaN,
        "Tax Provision": NaN,
        "Pretax Income": NaN,
        "Depreciation Amortization Depletion Income Statement": NaN,
        "Depreciation And Amortization In Income Statement": NaN,
        "Selling General And Administration": NaN,
        "Selling And Marketing Expense": NaN,
        "General And Administrative Expense": NaN,
        "Other Gand A": NaN,
        "Salaries And Wages": NaN,
        "Total Revenue": NaN,
        "Operating Revenue": NaN,
        "Other Non Interest Expense": NaN
    },
    "2022-12-31": {
        "Tax Effect Of Unusual Items": NaN,
        "Tax Rate For Calcs": NaN,
        "Total Unusual Items": 0.0,
        "Total Unusual Items Excluding Goodwill": 0.0,
        "Net Income From Continuing Operation Net Minority Interest": NaN,
        "Reconciled Depreciation": NaN,
        "Net Interest Income": NaN,
        "Interest Expense": NaN,
        "Interest Income": NaN,
        "Normalized Income": NaN,
        "Net Income From Continuing And Discontinued Operation": NaN,
        "Diluted Average Shares": NaN,
        "Basic Average Shares": NaN,
        "Diluted EPS": NaN,
        "Basic EPS": NaN,
        "Diluted NI Availto Com Stockholders": NaN,
        "Average Dilution Earnings": NaN,
        "Net Income Common Stockholders": NaN,
        "Net Income": NaN,
        "Minority Interests": NaN,
        "Net Income Including Noncontrolling Interests": NaN,
        "Net Income Continuous Operations": NaN,
        "Tax Provision": NaN,
        "Pretax Income": NaN,
        "Depreciation Amortization Depletion Income Statement": NaN,
        "Depreciation And Amortization In Income Statement": NaN,
        "Selling General And Administration": NaN,
        "Selling And Marketing Expense": NaN,
        "General And Administrative Expense": NaN,
        "Other Gand A": NaN,
        "Salaries And Wages": NaN,
        "Total Revenue": NaN,
        "Operating Revenue": NaN,
        "Other Non Interest Expense": NaN
    },
    "2022-09-30": {
        "Tax Effect Of Unusual Items": NaN,
        "Tax Rate For Calcs": NaN,
        "Total Unusual Items": 0.0,
        "Total Unusual Items Excluding Goodwill": 0.0,
        "Net Income From Continuing Operation Net Minority Interest": NaN,
        "Reconciled Depreciation": NaN,
        "Net Interest Income": NaN,
        "Interest Expense": NaN,
        "Interest Income": NaN,
        "Normalized Income": NaN,
        "Net Income From Continuing And Discontinued Operation": NaN,
        "Diluted Average Shares": NaN,
        "Basic Average Shares": NaN,
        "Diluted EPS": NaN,
        "Basic EPS": NaN,
        "Diluted NI Availto Com Stockholders": NaN,
        "Average Dilution Earnings": NaN,
        "Net Income Common Stockholders": NaN,
        "Net Income": NaN,
        "Minority Interests": NaN,
        "Net Income Including Noncontrolling Interests": NaN,
        "Net Income Continuous Operations": NaN,
        "Tax Provision": NaN,
        "Pretax Income": NaN,
        "Depreciation Amortization Depletion Income Statement": NaN,
        "Depreciation And Amortization In Income Statement": NaN,
        "Selling General And Administration": NaN,
        "Selling And Marketing Expense": NaN,
        "General And Administrative Expense": NaN,
        "Other Gand A": NaN,
        "Salaries And Wages": NaN,
        "Total Revenue": NaN,
        "Operating Revenue": NaN
    },
    "2022-06-30": {
        "Tax Effect Of Unusual Items": 0.0,
        "Tax Rate For Calcs": 0.003557,
        "Total Unusual Items": 0.0,
        "Total Unusual Items Excluding Goodwill": 0.0,
        "Net Income From Continuing Operation Net Minority Interest": 8366000.0,
        "Reconciled Depreciation": 11181000.0,
        "Net Interest Income": 4461000.0,
        "Interest Expense": 57559000.0,
        "Interest Income": 62020000.0,
        "Normalized Income": 8366000.0,
        "Net Income From Continuing And Discontinued Operation": 8366000.0,
        "Diluted Average Shares": 92533620.0,
        "Basic Average Shares": 92533620.0,
        "Diluted EPS": 0.09,
        "Basic EPS": 0.09,
        "Diluted NI Availto Com Stockholders": 8366000.0,
        "Net Income Common Stockholders": 8366000.0,
        "Net Income": 8366000.0,
        "Minority Interests": -207079000.0,
        "Net Income Including Noncontrolling Interests": 215445000.0,
        "Net Income Continuous Operations": 215445000.0,
        "Tax Provision": 769000.0,
        "Pretax Income": 216214000.0,
        "Depreciation Amortization Depletion Income Statement": 11181000.0,
        "Depreciation And Amortization In Income Statement": 11181000.0,
        "Selling General And Administration": 199517000.0,
        "Selling And Marketing Expense": 20625000.0,
        "General And Administrative Expense": 178892000.0,
        "Other Gand A": 39909000.0,
        "Salaries And Wages": 138983000.0,
        "Total Revenue": 436474000.0,
        "Operating Revenue": 436474000.0
    },
    "2022-03-31": {
        "Diluted EPS": 0.22,
        "Total Revenue": 822,
        "Gross Profit": 748,
        "Operating Income": 525,
        "EBIT": 537,
        "Net Income": 22
    },
    "2021-12-31": {
        "Diluted EPS": 0.1,
        "Total Revenue": 605,
        "Gross Profit": 544,
        "Operating Income": 325,
        "EBIT": 336,
        "Net Income": 17
    },
    "2021-09-30": {
        "Diluted EPS": 0.16,
        "Total Revenue": 690,
        "Gross Profit": 642,
        "Operating Income": 415,
        "EBIT": 425,
        "Net Income": 25
    },
    "2021-06-30": {
        "Diluted EPS": 0.07,
        "Total Revenue": 485,
        "Gross Profit": 446,
        "Operating Income": 211,
        "EBIT": 220,
        "Net Income": 8
    },
    "2021-03-31": {
        "Diluted EPS": 0.33,
        "Total Revenue": NaN,
        "Gross Profit": NaN,
        "Operating Income": 909,
        "EBIT": 917,
        "Net Income": 48
    },
    "2020-12-31": {
        "Diluted EPS": 0.0,
        "Total Revenue": NaN,
        "Gross Profit": NaN,
        "Operating Income": NaN,
        "EBIT": NaN,
        "Net Income": NaN
    },
    "2020-09-30": {
        "Diluted EPS": 0.0,
        "Total Revenue": NaN,
        "Gross Profit": NaN,
        "Operating Income": NaN,
        "EBIT": NaN,
        "Net Income": NaN
    },
    "2020-06-30": {
        "Diluted EPS": 0.0,
        "Total Revenue": 831,
        "Gross Profit": 807,
        "Operating Income": 570,
        "EBIT": 670,
        "Net Income": 539
    },
    "2020-03-31": {
        "Diluted EPS": 0.0,
        "Total Revenue": 455,
        "Gross Profit": 430,
        "Operating Income": 63,
        "EBIT": 143,
        "Net Income": 20
    },
    "2019-12-31": {
        "Diluted EPS": 0.0,
        "Total Revenue": NaN,
        "Gross Profit": NaN,
        "Operating Income": NaN,
        "EBIT": NaN,
        "Net Income": NaN
    },
    "2019-09-30": {
        "Diluted EPS": -0.0,
        "Total Revenue": NaN,
        "Gross Profit": NaN,
        "Operating Income": 0,
        "EBIT": 0,
        "Net Income": 0
    },
    "2023-06-30": {
        "Tax Effect Of Unusual Items": NaN,
        "Tax Rate For Calcs": NaN,
        "Net Income From Continuing Operation Net Minority Interest": NaN,
        "Reconciled Depreciation": NaN,
        "Net Interest Income": NaN,
        "Interest Expense": NaN,
        "Interest Income": NaN,
        "Normalized Income": NaN,
        "Net Income From Continuing And Discontinued Operation": NaN,
        "Diluted Average Shares": 93107133.0,
        "Basic Average Shares": 93107133.0,
        "Diluted EPS": 0.08,
        "Basic EPS": 0.08,
        "Diluted NI Availto Com Stockholders": NaN,
        "Average Dilution Earnings": NaN,
        "Net Income Common Stockholders": NaN,
        "Net Income": NaN,
        "Minority Interests": NaN,
        "Net Income Including Noncontrolling Interests": NaN,
        "Net Income Continuous Operations": NaN,
        "Tax Provision": NaN,
        "Pretax Income": NaN,
        "Gain On Sale Of Security": NaN,
        "Depreciation Amortization Depletion Income Statement": NaN,
        "Depreciation And Amortization In Income Statement": NaN,
        "Selling General And Administration": NaN,
        "Selling And Marketing Expense": NaN,
        "General And Administrative Expense": NaN,
        "Other Gand A": NaN,
        "Salaries And Wages": NaN,
        "Total Revenue": NaN,
        "Operating Revenue": NaN,
        "Other Non Interest Expense": NaN
    },
    "2023-09-30": {
        "Tax Effect Of Unusual Items": NaN,
        "Tax Rate For Calcs": NaN,
        "Net Income From Continuing Operation Net Minority Interest": NaN,
        "Reconciled Depreciation": NaN,
        "Net Interest Income": NaN,
        "Interest Expense": NaN,
        "Interest Income": NaN,
        "Normalized Income": NaN,
        "Net Income From Continuing And Discontinued Operation": NaN,
        "Diluted Average Shares": NaN,
        "Basic Average Shares": NaN,
        "Diluted EPS": NaN,
        "Basic EPS": NaN,
        "Diluted NI Availto Com Stockholders": NaN,
        "Average Dilution Earnings": NaN,
        "Net Income Common Stockholders": NaN,
        "Net Income": NaN,
        "Minority Interests": NaN,
        "Net Income Including Noncontrolling Interests": NaN,
        "Net Income Continuous Operations": NaN,
        "Tax Provision": NaN,
        "Pretax Income": NaN,
        "Gain On Sale Of Security": 0.0,
        "Depreciation Amortization Depletion Income Statement": NaN,
        "Depreciation And Amortization In Income Statement": NaN,
        "Selling General And Administration": NaN,
        "Selling And Marketing Expense": NaN,
        "General And Administrative Expense": NaN,
        "Other Gand A": NaN,
        "Salaries And Wages": NaN,
        "Total Revenue": NaN,
        "Operating Revenue": NaN,
        "Other Non Interest Expense": NaN
    },
    "2023-12-31": {
        "Tax Effect Of Unusual Items": 0.0,
        "Tax Rate For Calcs": 0.015909,
        "Net Income From Continuing Operation Net Minority Interest": -27078000.0,
        "Reconciled Depreciation": 12438000.0,
        "Net Interest Income": 7090000.0,
        "Interest Expense": 80811000.0,
        "Interest Income": 87901000.0,
        "Normalized Income": -27078000.0,
        "Net Income From Continuing And Discontinued Operation": -27078000.0,
        "Diluted Average Shares": NaN,
        "Basic Average Shares": NaN,
        "Diluted EPS": NaN,
        "Basic EPS": NaN,
        "Diluted NI Availto Com Stockholders": -27078000.0,
        "Average Dilution Earnings": NaN,
        "Net Income Common Stockholders": -27078000.0,
        "Net Income": -27078000.0,
        "Minority Interests": 433878000.0,
        "Net Income Including Noncontrolling Interests": -460956000.0,
        "Net Income Continuous Operations": -460956000.0,
        "Tax Provision": -7452000.0,
        "Pretax Income": -468408000.0,
        "Gain On Sale Of Security": NaN,
        "Depreciation Amortization Depletion Income Statement": 11472000.0,
        "Depreciation And Amortization In Income Statement": 11472000.0,
        "Selling General And Administration": 206324000.0,
        "Selling And Marketing Expense": 25600000.0,
        "General And Administrative Expense": 180724000.0,
        "Other Gand A": 38209000.0,
        "Salaries And Wages": 142515000.0,
        "Total Revenue": -243138000.0,
        "Operating Revenue": -243138000.0,
        "Other Non Interest Expense": -2391000.0
    },
    "2024-03-31": {
        "Tax Effect Of Unusual Items": NaN,
        "Tax Rate For Calcs": NaN,
        "Net Income From Continuing Operation Net Minority Interest": NaN,
        "Reconciled Depreciation": NaN,
        "Net Interest Income": NaN,
        "Interest Expense": NaN,
        "Interest Income": NaN,
        "Normalized Income": NaN,
        "Net Income From Continuing And Discontinued Operation": NaN,
        "Diluted Average Shares": NaN,
        "Basic Average Shares": NaN,
        "Diluted EPS": NaN,
        "Basic EPS": NaN,
        "Diluted NI Availto Com Stockholders": NaN,
        "Average Dilution Earnings": 134130000.0,
        "Net Income Common Stockholders": NaN,
        "Net Income": NaN,
        "Minority Interests": NaN,
        "Net Income Including Noncontrolling Interests": NaN,
        "Net Income Continuous Operations": NaN,
        "Tax Provision": NaN,
        "Pretax Income": NaN,
        "Gain On Sale Of Security": NaN,
        "Depreciation Amortization Depletion Income Statement": NaN,
        "Depreciation And Amortization In Income Statement": NaN,
        "Selling General And Administration": NaN,
        "Selling And Marketing Expense": NaN,
        "General And Administrative Expense": NaN,
        "Other Gand A": NaN,
        "Salaries And Wages": NaN,
        "Total Revenue": NaN,
        "Operating Revenue": NaN,
        "Other Non Interest Expense": NaN
    },
    "2024-06-30": {
        "Tax Effect Of Unusual Items": NaN,
        "Tax Rate For Calcs": NaN,
        "Net Income From Continuing Operation Net Minority Interest": NaN,
        "Reconciled Depreciation": NaN,
        "Net Interest Income": NaN,
        "Interest Expense": NaN,
        "Interest Income": NaN,
        "Normalized Income": NaN,
        "Net Income From Continuing And Discontinued Operation": NaN,
        "Diluted Average Shares": NaN,
        "Basic Average Shares": NaN,
        "Diluted EPS": NaN,
        "Basic EPS": NaN,
        "Diluted NI Availto Com Stockholders": NaN,
        "Average Dilution Earnings": NaN,
        "Net Income Common Stockholders": NaN,
        "Net Income": NaN,
        "Minority Interests": NaN,
        "Net Income Including Noncontrolling Interests": NaN,
        "Net Income Continuous Operations": NaN,
        "Tax Provision": NaN,
        "Pretax Income": NaN,
        "Gain On Sale Of Security": 27166000.0,
        "Depreciation Amortization Depletion Income Statement": NaN,
        "Depreciation And Amortization In Income Statement": NaN,
        "Selling General And Administration": NaN,
        "Selling And Marketing Expense": NaN,
        "General And Administrative Expense": NaN,
        "Other Gand A": NaN,
        "Salaries And Wages": NaN,
        "Total Revenue": NaN,
        "Operating Revenue": NaN,
        "Other Non Interest Expense": NaN
    },
    "2024-09-30": {
        "Tax Effect Of Unusual Items": 0.0,
        "Tax Rate For Calcs": 0.0107,
        "Net Income From Continuing Operation Net Minority Interest": -6295000.0,
        "Reconciled Depreciation": 12620000.0,
        "Net Interest Income": 4195000.0,
        "Interest Expense": 141102000.0,
        "Interest Income": 145297000.0,
        "Normalized Income": -6295000.0,
        "Net Income From Continuing And Discontinued Operation": -6295000.0,
        "Diluted Average Shares": 99801301.0,
        "Basic Average Shares": 99801301.0,
        "Diluted EPS": -0.06,
        "Basic EPS": -0.06,
        "Diluted NI Availto Com Stockholders": -6295000.0,
        "Average Dilution Earnings": NaN,
        "Net Income Common Stockholders": -6295000.0,
        "Net Income": -6295000.0,
        "Minority Interests": -38240000.0,
        "Net Income Including Noncontrolling Interests": 31945000.0,
        "Net Income Continuous Operations": 31945000.0,
        "Tax Provision": 344000.0,
        "Pretax Income": 32289000.0,
        "Gain On Sale Of Security": 226936000.0,
        "Depreciation Amortization Depletion Income Statement": 11636000.0,
        "Depreciation And Amortization In Income Statement": 11636000.0,
        "Selling General And Administration": 257579000.0,
        "Selling And Marketing Expense": 22462000.0,
        "General And Administrative Expense": 235117000.0,
        "Other Gand A": 53664000.0,
        "Salaries And Wages": 181453000.0,
        "Total Revenue": 318254000.0,
        "Operating Revenue": 318254000.0,
        "Other Non Interest Expense": 421000.0
    },
    "2024-12-31": {
        "Tax Effect Of Unusual Items": 0.0,
        "Tax Rate For Calcs": 0.040608,
        "Net Income From Continuing Operation Net Minority Interest": 8919000.0,
        "Reconciled Depreciation": 12162000.0,
        "Net Interest Income": -2275000.0,
        "Interest Expense": 142342000.0,
        "Interest Income": 140067000.0,
        "Normalized Income": 8919000.0,
        "Net Income From Continuing And Discontinued Operation": 8919000.0,
        "Diluted Average Shares": 1598241235.0,
        "Basic Average Shares": 155584329.0,
        "Diluted EPS": 0.02,
        "Basic EPS": 0.06,
        "Diluted NI Availto Com Stockholders": 8919000.0,
        "Average Dilution Earnings": NaN,
        "Net Income Common Stockholders": 8919000.0,
        "Net Income": 8919000.0,
        "Minority Interests": -31694000.0,
        "Net Income Including Noncontrolling Interests": 40613000.0,
        "Net Income Continuous Operations": 40613000.0,
        "Tax Provision": 1719000.0,
        "Pretax Income": 42332000.0,
        "Gain On Sale Of Security": -469538000.0,
        "Depreciation Amortization Depletion Income Statement": 11094000.0,
        "Depreciation And Amortization In Income Statement": 11094000.0,
        "Selling General And Administration": 284240000.0,
        "Selling And Marketing Expense": 30771000.0,
        "General And Administrative Expense": 253469000.0,
        "Other Gand A": 60314000.0,
        "Salaries And Wages": 193155000.0,
        "Total Revenue": 336294000.0,
        "Operating Revenue": 336294000.0,
        "Other Non Interest Expense": -4625000.0
    },
    "2025-03-31": {
        "Tax Effect Of Unusual Items": 0.0,
        "Tax Rate For Calcs": 0.0529,
        "Net Income From Continuing Operation Net Minority Interest": -13679000.0,
        "Reconciled Depreciation": 12631000.0,
        "Net Interest Income": -2308000.0,
        "Interest Expense": 120410000.0,
        "Interest Income": 118102000.0,
        "Normalized Income": -13679000.0,
        "Net Income From Continuing And Discontinued Operation": -13679000.0,
        "Diluted Average Shares": 1598383240.0,
        "Basic Average Shares": 164100022.0,
        "Diluted EPS": -0.12,
        "Basic EPS": -0.08,
        "Diluted NI Availto Com Stockholders": -195300000.0,
        "Average Dilution Earnings": -181621000.0,
        "Net Income Common Stockholders": -13679000.0,
        "Net Income": -13679000.0,
        "Minority Interests": 233349000.0,
        "Net Income Including Noncontrolling Interests": -247028000.0,
        "Net Income Continuous Operations": -247028000.0,
        "Tax Provision": -13788000.0,
        "Pretax Income": -260816000.0,
        "Gain On Sale Of Security": NaN,
        "Depreciation Amortization Depletion Income Statement": 11340000.0,
        "Depreciation And Amortization In Income Statement": 11340000.0,
        "Selling General And Administration": 283138000.0,
        "Selling And Marketing Expense": 22190000.0,
        "General And Administrative Expense": 260948000.0,
        "Other Gand A": 68148000.0,
        "Salaries And Wages": 192800000.0,
        "Total Revenue": 41189000.0,
        "Operating Revenue": 41189000.0,
        "Other Non Interest Expense": -2848000.0
    },
    "2025-06-30": {
        "Tax Effect Of Unusual Items": 0.0,
        "Tax Rate For Calcs": 0.0453,
        "Net Income From Continuing Operation Net Minority Interest": 22909000.0,
        "Reconciled Depreciation": 13531000.0,
        "Net Interest Income": -1462000.0,
        "Interest Expense": 133467000.0,
        "Interest Income": 132005000.0,
        "Normalized Income": 22909000.0,
        "Net Income From Continuing And Discontinued Operation": 22909000.0,
        "Diluted Average Shares": 202133122.0,
        "Basic Average Shares": 202133122.0,
        "Diluted EPS": 0.11,
        "Basic EPS": 0.11,
        "Diluted NI Availto Com Stockholders": 22909000.0,
        "Average Dilution Earnings": NaN,
        "Net Income Common Stockholders": 22909000.0,
        "Net Income": 22909000.0,
        "Minority Interests": -291570000.0,
        "Net Income Including Noncontrolling Interests": 314479000.0,
        "Net Income Continuous Operations": 314479000.0,
        "Tax Provision": 14939000.0,
        "Pretax Income": 329418000.0,
        "Gain On Sale Of Security": 208904000.0,
        "Depreciation Amortization Depletion Income Statement": 12200000.0,
        "Depreciation And Amortization In Income Statement": 12200000.0,
        "Selling General And Administration": 297839000.0,
        "Selling And Marketing Expense": 26379000.0,
        "General And Administrative Expense": 271460000.0,
        "Other Gand A": 59999000.0,
        "Salaries And Wages": 211461000.0,
        "Total Revenue": 651104000.0,
        "Operating Revenue": 651104000.0,
        "Other Non Interest Expense": 1846000.0
    },
    "2025-09-30": {
        "Tax Effect Of Unusual Items": 0.0,
        "Tax Rate For Calcs": 0.045935,
        "Net Income From Continuing Operation Net Minority Interest": -1262000.0,
        "Reconciled Depreciation": 14139000.0,
        "Net Interest Income": 5000.0,
        "Interest Expense": 132084000.0,
        "Interest Income": 132089000.0,
        "Normalized Income": -1262000.0,
        "Net Income From Continuing And Discontinued Operation": -1262000.0,
        "Diluted Average Shares": 221354499.0,
        "Basic Average Shares": 221354499.0,
        "Diluted EPS": -0.01,
        "Basic EPS": -0.01,
        "Diluted NI Availto Com Stockholders": -1262000.0,
        "Average Dilution Earnings": NaN,
        "Net Income Common Stockholders": -1262000.0,
        "Net Income": -1262000.0,
        "Minority Interests": -13350000.0,
        "Net Income Including Noncontrolling Interests": 12088000.0,
        "Net Income Continuous Operations": 12088000.0,
        "Tax Provision": 582000.0,
        "Pretax Income": 12670000.0,
        "Gain On Sale Of Security": 27813000.0,
        "Depreciation Amortization Depletion Income Statement": 12747000.0,
        "Depreciation And Amortization In Income Statement": 12747000.0,
        "Selling General And Administration": 308413000.0,
        "Selling And Marketing Expense": 23410000.0,
        "General And Administrative Expense": 285003000.0,
        "Other Gand A": 62243000.0,
        "Salaries And Wages": 222760000.0,
        "Total Revenue": 338597000.0,
        "Operating Revenue": 338597000.0,
        "Other Non Interest Expense": -815000.0
    }
}