{
    "2022-12-31": {
        "Tax Effect Of Unusual Items": NaN,
        "Tax Rate For Calcs": NaN,
        "Normalized EBITDA": NaN,
        "Total Unusual Items": NaN,
        "Total Unusual Items Excluding Goodwill": NaN,
        "Net Income From Continuing Operation Net Minority Interest": NaN,
        "Reconciled Cost Of Revenue": NaN,
        "EBITDA": NaN,
        "EBIT": NaN,
        "Net Interest Income": NaN,
        "Interest Expense": NaN,
        "Interest Income": NaN,
        "Normalized Income": NaN,
        "Net Income From Continuing And Discontinued Operation": NaN,
        "Total Expenses": NaN,
        "Total Operating Income As Reported": NaN,
        "Diluted Average Shares": 4718060.0,
        "Basic Average Shares": 4718060.0,
        "Diluted EPS": -9.0,
        "Basic EPS": -9.0,
        "Diluted NI Availto Com Stockholders": NaN,
        "Net Income Common Stockholders": NaN,
        "Preferred Stock Dividends": NaN,
        "Net Income": NaN,
        "Minority Interests": NaN,
        "Net Income Including Noncontrolling Interests": NaN,
        "Net Income From Tax Loss Carryforward": 0.0,
        "Net Income Continuous Operations": NaN,
        "Earnings From Equity Interest Net Of Tax": 0.0,
        "Tax Provision": NaN,
        "Pretax Income": NaN,
        "Other Income Expense": NaN,
        "Other Non Operating Income Expenses": NaN,
        "Special Income Charges": 0.0,
        "Other Special Charges": NaN,
        "Gain On Sale Of Security": NaN,
        "Net Non Operating Interest Income Expense": NaN,
        "Interest Expense Non Operating": NaN,
        "Interest Income Non Operating": NaN,
        "Operating Income": NaN,
        "Operating Expense": NaN,
        "Other Operating Expenses": NaN,
        "Provision For Doubtful Accounts": NaN,
        "Research And Development": NaN,
        "Selling General And Administration": NaN,
        "Selling And Marketing Expense": NaN,
        "General And Administrative Expense": NaN,
        "Other Gand A": NaN,
        "Gross Profit": NaN,
        "Cost Of Revenue": NaN,
        "Total Revenue": NaN,
        "Operating Revenue": NaN
    },
    "2022-09-30": {
        "Tax Effect Of Unusual Items": -3657000.0,
        "Tax Rate For Calcs": 0.25,
        "Normalized EBITDA": -107044000.0,
        "Total Unusual Items": -14628000.0,
        "Total Unusual Items Excluding Goodwill": -14628000.0,
        "Net Income From Continuing Operation Net Minority Interest": -116513000.0,
        "Reconciled Cost Of Revenue": 610726000.0,
        "EBITDA": -121672000.0,
        "EBIT": -121672000.0,
        "Net Interest Income": -5043000.0,
        "Interest Expense": 5151000.0,
        "Interest Income": 108000.0,
        "Normalized Income": -105542000.0,
        "Net Income From Continuing And Discontinued Operation": -116513000.0,
        "Total Expenses": 725151000.0,
        "Total Operating Income As Reported": -106369000.0,
        "Diluted Average Shares": 4513783.0,
        "Basic Average Shares": 4513783.0,
        "Diluted EPS": -12.0,
        "Basic EPS": -12.0,
        "Diluted NI Availto Com Stockholders": -116513000.0,
        "Net Income Common Stockholders": -116513000.0,
        "Net Income": -116513000.0,
        "Minority Interests": 0.0,
        "Net Income Including Noncontrolling Interests": -116513000.0,
        "Net Income From Tax Loss Carryforward": NaN,
        "Net Income Continuous Operations": -116513000.0,
        "Earnings From Equity Interest Net Of Tax": 10368000.0,
        "Tax Provision": 58000.0,
        "Pretax Income": -126823000.0,
        "Other Income Expense": -15411000.0,
        "Other Non Operating Income Expenses": -783000.0,
        "Special Income Charges": -2778000.0,
        "Other Special Charges": 2778000.0,
        "Gain On Sale Of Security": -11850000.0,
        "Net Non Operating Interest Income Expense": -5043000.0,
        "Interest Expense Non Operating": 5151000.0,
        "Interest Income Non Operating": 108000.0,
        "Operating Income": -106369000.0,
        "Operating Expense": 114425000.0,
        "Other Operating Expenses": -1342000.0,
        "Provision For Doubtful Accounts": 704000.0,
        "Research And Development": 9982000.0,
        "Selling General And Administration": 105785000.0,
        "Selling And Marketing Expense": 64165000.0,
        "General And Administrative Expense": 41620000.0,
        "Other Gand A": 41620000.0,
        "Gross Profit": 8056000.0,
        "Cost Of Revenue": 610726000.0,
        "Total Revenue": 618782000.0,
        "Operating Revenue": 609687000.0
    },
    "2022-06-30": {
        "Tax Effect Of Unusual Items": 235162.497112,
        "Tax Rate For Calcs": 0.000943,
        "Normalized EBITDA": -83825000.0,
        "Total Unusual Items": 249442000.0,
        "Total Unusual Items Excluding Goodwill": 249442000.0,
        "Net Income From Continuing Operation Net Minority Interest": 159983000.0,
        "Reconciled Cost Of Revenue": 619411000.0,
        "EBITDA": 165617000.0,
        "EBIT": 165617000.0,
        "Net Interest Income": -5178000.0,
        "Interest Expense": 5448000.0,
        "Interest Income": 270000.0,
        "Normalized Income": -89223837.502888,
        "Net Income From Continuing And Discontinued Operation": 159983000.0,
        "Total Expenses": 722787000.0,
        "Total Operating Income As Reported": -96617000.0,
        "Diluted Average Shares": 39768121.0,
        "Basic Average Shares": 39661381.0,
        "Diluted EPS": 4.022896,
        "Basic EPS": 4.033722,
        "Diluted NI Availto Com Stockholders": 159983000.0,
        "Net Income Common Stockholders": 159983000.0,
        "Net Income": 159983000.0,
        "Minority Interests": 3000.0,
        "Net Income Including Noncontrolling Interests": 159980000.0,
        "Net Income From Tax Loss Carryforward": NaN,
        "Net Income Continuous Operations": 159980000.0,
        "Earnings From Equity Interest Net Of Tax": -38000.0,
        "Tax Provision": 151000.0,
        "Pretax Income": 160169000.0,
        "Other Income Expense": 261964000.0,
        "Other Non Operating Income Expenses": 12522000.0,
        "Special Income Charges": NaN,
        "Other Special Charges": NaN,
        "Gain On Sale Of Security": 249442000.0,
        "Net Non Operating Interest Income Expense": -5178000.0,
        "Interest Expense Non Operating": 5448000.0,
        "Interest Income Non Operating": 270000.0,
        "Operating Income": -96617000.0,
        "Operating Expense": 103376000.0,
        "Other Operating Expenses": -15580000.0,
        "Provision For Doubtful Accounts": -377000.0,
        "Research And Development": 8960000.0,
        "Selling General And Administration": 110373000.0,
        "Selling And Marketing Expense": 64798000.0,
        "General And Administrative Expense": 45575000.0,
        "Other Gand A": 45575000.0,
        "Gross Profit": 6759000.0,
        "Cost Of Revenue": 619411000.0,
        "Total Revenue": 626170000.0,
        "Operating Revenue": 612349000.0
    },
    "2022-03-31": {
        "Diluted EPS": -1.8,
        "Total Revenue": 82,
        "Gross Profit": 0,
        "Operating Income": -18,
        "EBIT": -18,
        "Net Income": 53
    },
    "2021-12-31": {
        "Diluted EPS": -0.3,
        "Total Revenue": 80,
        "Gross Profit": 3,
        "Operating Income": -11,
        "EBIT": -11,
        "Net Income": 201
    },
    "2021-09-30": {
        "Diluted EPS": -7.5,
        "Total Revenue": 54,
        "Gross Profit": 2,
        "Operating Income": -7,
        "EBIT": -7,
        "Net Income": -266
    },
    "2021-06-30": {
        "Diluted EPS": -0.3,
        "Total Revenue": 43,
        "Gross Profit": 2,
        "Operating Income": -8,
        "EBIT": -8,
        "Net Income": -11
    },
    "2021-03-31": {
        "Diluted EPS": -0.95,
        "Total Revenue": 31,
        "Gross Profit": 1,
        "Operating Income": -17,
        "EBIT": -17,
        "Net Income": -20
    },
    "2020-12-31": {
        "Diluted EPS": -0.6,
        "Total Revenue": 49,
        "Gross Profit": 1,
        "Operating Income": -25,
        "EBIT": -25,
        "Net Income": -26
    },
    "2020-09-30": {
        "Diluted EPS": -1.15,
        "Total Revenue": 11,
        "Gross Profit": -3,
        "Operating Income": -24,
        "EBIT": -24,
        "Net Income": -38
    },
    "2020-06-30": {
        "Diluted EPS": 0.6,
        "Total Revenue": 9,
        "Gross Profit": -3,
        "Operating Income": -18,
        "EBIT": -18,
        "Net Income": 20
    },
    "2020-03-31": {
        "Diluted EPS": -11.8,
        "Total Revenue": 15,
        "Gross Profit": -1,
        "Operating Income": -309,
        "EBIT": -309,
        "Net Income": -351
    },
    "2019-09-30": {
        "Diluted EPS": -1.2,
        "Total Revenue": 65,
        "Gross Profit": 36,
        "Operating Income": -36,
        "EBIT": -36,
        "Net Income": -38
    },
    "2019-06-30": {
        "Diluted EPS": -1.8,
        "Total Revenue": 64,
        "Gross Profit": 34,
        "Operating Income": -50,
        "EBIT": -50,
        "Net Income": -53
    },
    "2019-03-31": {
        "Diluted EPS": -1.5,
        "Total Revenue": 149,
        "Gross Profit": 105,
        "Operating Income": -39,
        "Net Income": -42
    },
    "2018-09-30": {
        "Diluted EPS": -3.0,
        "Total Revenue": 126,
        "Gross Profit": 81,
        "Operating Income": -79,
        "EBIT": -79,
        "Net Income": -86
    },
    "2018-06-30": {
        "Diluted EPS": -7.2,
        "Total Revenue": 101,
        "Gross Profit": 61,
        "Operating Income": -197,
        "EBIT": -197,
        "Net Income": 8
    },
    "2018-03-31": {
        "Diluted EPS": -148.5,
        "Total Revenue": 103,
        "Gross Profit": 68,
        "Operating Income": 103,
        "EBIT": 95,
        "Net Income": -244
    },
    "2017-12-31": {
        "Diluted EPS": 0.0,
        "Total Revenue": NaN,
        "Gross Profit": NaN,
        "Operating Income": NaN,
        "EBIT": NaN,
        "Net Income": NaN
    },
    "2023-03-31": {
        "Tax Effect Of Unusual Items": NaN,
        "Tax Rate For Calcs": NaN,
        "Normalized EBITDA": NaN,
        "Total Unusual Items": NaN,
        "Total Unusual Items Excluding Goodwill": NaN,
        "Net Income From Continuing Operation Net Minority Interest": NaN,
        "Reconciled Cost Of Revenue": NaN,
        "EBITDA": NaN,
        "EBIT": NaN,
        "Net Interest Income": NaN,
        "Interest Expense": NaN,
        "Interest Income": NaN,
        "Normalized Income": NaN,
        "Net Income From Continuing And Discontinued Operation": NaN,
        "Total Expenses": NaN,
        "Total Operating Income As Reported": NaN,
        "Diluted Average Shares": NaN,
        "Basic Average Shares": NaN,
        "Diluted EPS": NaN,
        "Basic EPS": NaN,
        "Diluted NI Availto Com Stockholders": NaN,
        "Net Income Common Stockholders": NaN,
        "Preferred Stock Dividends": NaN,
        "Net Income": NaN,
        "Minority Interests": NaN,
        "Net Income Including Noncontrolling Interests": NaN,
        "Net Income From Tax Loss Carryforward": NaN,
        "Net Income Continuous Operations": NaN,
        "Earnings From Equity Interest Net Of Tax": NaN,
        "Tax Provision": NaN,
        "Pretax Income": NaN,
        "Other Income Expense": NaN,
        "Other Non Operating Income Expenses": NaN,
        "Special Income Charges": NaN,
        "Other Special Charges": 0.0,
        "Gain On Sale Of Security": NaN,
        "Net Non Operating Interest Income Expense": NaN,
        "Interest Expense Non Operating": NaN,
        "Interest Income Non Operating": NaN,
        "Operating Income": NaN,
        "Operating Expense": NaN,
        "Other Operating Expenses": NaN,
        "Provision For Doubtful Accounts": NaN,
        "Research And Development": NaN,
        "Selling General And Administration": NaN,
        "Selling And Marketing Expense": NaN,
        "General And Administrative Expense": NaN,
        "Other Gand A": NaN,
        "Gross Profit": NaN,
        "Cost Of Revenue": NaN,
        "Total Revenue": NaN,
        "Operating Revenue": NaN
    },
    "2023-06-30": {
        "Tax Effect Of Unusual Items": NaN,
        "Tax Rate For Calcs": NaN,
        "Normalized EBITDA": NaN,
        "Total Unusual Items": NaN,
        "Total Unusual Items Excluding Goodwill": NaN,
        "Net Income From Continuing Operation Net Minority Interest": NaN,
        "Reconciled Cost Of Revenue": NaN,
        "EBITDA": NaN,
        "EBIT": NaN,
        "Net Interest Income": NaN,
        "Interest Expense": NaN,
        "Interest Income": NaN,
        "Normalized Income": NaN,
        "Net Income From Continuing And Discontinued Operation": NaN,
        "Total Expenses": NaN,
        "Total Operating Income As Reported": NaN,
        "Diluted Average Shares": 4745531.0,
        "Basic Average Shares": 4745531.0,
        "Diluted EPS": -18.0,
        "Basic EPS": -18.0,
        "Diluted NI Availto Com Stockholders": NaN,
        "Net Income Common Stockholders": NaN,
        "Preferred Stock Dividends": NaN,
        "Net Income": NaN,
        "Minority Interests": NaN,
        "Net Income Including Noncontrolling Interests": NaN,
        "Net Income From Tax Loss Carryforward": NaN,
        "Net Income Continuous Operations": NaN,
        "Earnings From Equity Interest Net Of Tax": 0.0,
        "Tax Provision": NaN,
        "Pretax Income": NaN,
        "Other Income Expense": NaN,
        "Other Non Operating Income Expenses": NaN,
        "Special Income Charges": NaN,
        "Other Special Charges": NaN,
        "Gain On Sale Of Security": NaN,
        "Net Non Operating Interest Income Expense": NaN,
        "Interest Expense Non Operating": NaN,
        "Interest Income Non Operating": NaN,
        "Operating Income": NaN,
        "Operating Expense": NaN,
        "Other Operating Expenses": NaN,
        "Provision For Doubtful Accounts": NaN,
        "Research And Development": NaN,
        "Selling General And Administration": NaN,
        "Selling And Marketing Expense": NaN,
        "General And Administrative Expense": NaN,
        "Other Gand A": NaN,
        "Gross Profit": NaN,
        "Cost Of Revenue": NaN,
        "Total Revenue": NaN,
        "Operating Revenue": NaN
    },
    "2023-12-31": {
        "Tax Effect Of Unusual Items": 5137750.0,
        "Tax Rate For Calcs": 0.25,
        "Normalized EBITDA": -72823000.0,
        "Total Unusual Items": 20551000.0,
        "Total Unusual Items Excluding Goodwill": 20551000.0,
        "Net Income From Continuing Operation Net Minority Interest": -79333000.0,
        "Reconciled Cost Of Revenue": 390638000.0,
        "EBITDA": -52272000.0,
        "EBIT": -52272000.0,
        "Net Interest Income": -25784000.0,
        "Interest Expense": 25798000.0,
        "Interest Income": 14000.0,
        "Normalized Income": -94746250.0,
        "Net Income From Continuing And Discontinued Operation": -79333000.0,
        "Total Expenses": 483567000.0,
        "Total Operating Income As Reported": -73078000.0,
        "Diluted Average Shares": 4802980.0,
        "Basic Average Shares": 4802980.0,
        "Diluted EPS": -18.0,
        "Basic EPS": -18.0,
        "Diluted NI Availto Com Stockholders": -79333000.0,
        "Net Income Common Stockholders": -79333000.0,
        "Preferred Stock Dividends": NaN,
        "Net Income": -79333000.0,
        "Minority Interests": -1237000.0,
        "Net Income Including Noncontrolling Interests": -78096000.0,
        "Net Income From Tax Loss Carryforward": 0.0,
        "Net Income Continuous Operations": -78096000.0,
        "Earnings From Equity Interest Net Of Tax": 0.0,
        "Tax Provision": 26000.0,
        "Pretax Income": -78070000.0,
        "Other Income Expense": 20792000.0,
        "Other Non Operating Income Expenses": 241000.0,
        "Special Income Charges": 0.0,
        "Other Special Charges": NaN,
        "Gain On Sale Of Security": 20551000.0,
        "Net Non Operating Interest Income Expense": -25784000.0,
        "Interest Expense Non Operating": 25798000.0,
        "Interest Income Non Operating": 14000.0,
        "Operating Income": -73078000.0,
        "Operating Expense": 92929000.0,
        "Other Operating Expenses": -6867000.0,
        "Provision For Doubtful Accounts": -435000.0,
        "Research And Development": 9713000.0,
        "Selling General And Administration": 90518000.0,
        "Selling And Marketing Expense": 56687000.0,
        "General And Administrative Expense": 33831000.0,
        "Other Gand A": 33831000.0,
        "Gross Profit": 19851000.0,
        "Cost Of Revenue": 390638000.0,
        "Total Revenue": 410489000.0,
        "Operating Revenue": 401426000.0
    },
    "2024-03-31": {
        "Tax Effect Of Unusual Items": NaN,
        "Tax Rate For Calcs": NaN,
        "Normalized EBITDA": NaN,
        "Total Unusual Items": NaN,
        "Total Unusual Items Excluding Goodwill": NaN,
        "Net Income From Continuing Operation Net Minority Interest": NaN,
        "Reconciled Cost Of Revenue": NaN,
        "EBITDA": NaN,
        "EBIT": NaN,
        "Net Interest Income": NaN,
        "Interest Expense": NaN,
        "Interest Income": NaN,
        "Normalized Income": NaN,
        "Net Income From Continuing And Discontinued Operation": NaN,
        "Total Expenses": NaN,
        "Total Operating Income As Reported": NaN,
        "Diluted Average Shares": NaN,
        "Basic Average Shares": NaN,
        "Diluted EPS": NaN,
        "Basic EPS": NaN,
        "Diluted NI Availto Com Stockholders": NaN,
        "Net Income Common Stockholders": NaN,
        "Preferred Stock Dividends": 1781454000.0,
        "Net Income": NaN,
        "Minority Interests": NaN,
        "Net Income Including Noncontrolling Interests": NaN,
        "Net Income From Tax Loss Carryforward": 0.0,
        "Net Income Continuous Operations": NaN,
        "Earnings From Equity Interest Net Of Tax": -5951000.0,
        "Tax Provision": NaN,
        "Pretax Income": NaN,
        "Other Income Expense": NaN,
        "Other Non Operating Income Expenses": NaN,
        "Special Income Charges": 0.0,
        "Other Special Charges": NaN,
        "Gain On Sale Of Security": NaN,
        "Net Non Operating Interest Income Expense": NaN,
        "Interest Expense Non Operating": NaN,
        "Interest Income Non Operating": NaN,
        "Operating Income": NaN,
        "Operating Expense": NaN,
        "Other Operating Expenses": NaN,
        "Provision For Doubtful Accounts": NaN,
        "Research And Development": NaN,
        "Selling General And Administration": NaN,
        "Selling And Marketing Expense": NaN,
        "General And Administrative Expense": NaN,
        "Other Gand A": NaN,
        "Gross Profit": NaN,
        "Cost Of Revenue": NaN,
        "Total Revenue": NaN,
        "Operating Revenue": NaN
    },
    "2024-06-30": {
        "Tax Effect Of Unusual Items": 8925250.0,
        "Tax Rate For Calcs": 0.25,
        "Normalized EBITDA": -62635000.0,
        "Total Unusual Items": 35701000.0,
        "Total Unusual Items Excluding Goodwill": 35701000.0,
        "Net Income From Continuing Operation Net Minority Interest": -51471000.0,
        "Reconciled Cost Of Revenue": 375599000.0,
        "EBITDA": -26934000.0,
        "EBIT": -26934000.0,
        "Net Interest Income": -22842000.0,
        "Interest Expense": 22858000.0,
        "Interest Income": 16000.0,
        "Normalized Income": -78246750.0,
        "Net Income From Continuing And Discontinued Operation": -51471000.0,
        "Total Expenses": 463668000.0,
        "Total Operating Income As Reported": -62484000.0,
        "Diluted Average Shares": 188042264.0,
        "Basic Average Shares": 188042264.0,
        "Diluted EPS": -0.27372,
        "Basic EPS": -0.27372,
        "Diluted NI Availto Com Stockholders": -51471000.0,
        "Net Income Common Stockholders": -51471000.0,
        "Net Income": -51471000.0,
        "Minority Interests": -1641000.0,
        "Net Income Including Noncontrolling Interests": -49830000.0,
        "Net Income From Tax Loss Carryforward": 0.0,
        "Net Income Continuous Operations": -49830000.0,
        "Earnings From Equity Interest Net Of Tax": NaN,
        "Tax Provision": 38000.0,
        "Pretax Income": -49792000.0,
        "Other Income Expense": 35534000.0,
        "Other Non Operating Income Expenses": -167000.0,
        "Special Income Charges": 35222000.0,
        "Other Special Charges": -35222000.0,
        "Gain On Sale Of Security": 479000.0,
        "Net Non Operating Interest Income Expense": -22842000.0,
        "Interest Expense Non Operating": 22858000.0,
        "Interest Income Non Operating": 16000.0,
        "Operating Income": -62484000.0,
        "Operating Expense": 88069000.0,
        "Other Operating Expenses": -2783000.0,
        "Provision For Doubtful Accounts": 0.0,
        "Research And Development": 3380000.0,
        "Selling General And Administration": 87472000.0,
        "Selling And Marketing Expense": 59353000.0,
        "General And Administrative Expense": 28119000.0,
        "Other Gand A": 28119000.0,
        "Gross Profit": 25585000.0,
        "Cost Of Revenue": 375599000.0,
        "Total Revenue": 401184000.0,
        "Operating Revenue": 388864000.0
    },
    "2024-09-30": {
        "Tax Effect Of Unusual Items": 0.0,
        "Tax Rate For Calcs": 0.0,
        "Normalized EBITDA": -38472000.0,
        "Total Unusual Items": 969000.0,
        "Total Unusual Items Excluding Goodwill": 969000.0,
        "Net Income From Continuing Operation Net Minority Interest": -60837000.0,
        "Reconciled Cost Of Revenue": 462360000.0,
        "EBITDA": -37503000.0,
        "EBIT": -37503000.0,
        "Net Interest Income": -24085000.0,
        "Interest Expense": 24095000.0,
        "Interest Income": 10000.0,
        "Normalized Income": -61806000.0,
        "Net Income From Continuing And Discontinued Operation": -60837000.0,
        "Total Expenses": 535869000.0,
        "Total Operating Income As Reported": -38649000.0,
        "Diluted Average Shares": 188063224.0,
        "Basic Average Shares": 188063224.0,
        "Diluted EPS": -0.323492,
        "Basic EPS": -0.323492,
        "Diluted NI Availto Com Stockholders": -60837000.0,
        "Net Income Common Stockholders": -60837000.0,
        "Net Income": -60837000.0,
        "Minority Interests": -1668000.0,
        "Net Income Including Noncontrolling Interests": -59169000.0,
        "Net Income From Tax Loss Carryforward": 0.0,
        "Net Income Continuous Operations": -59169000.0,
        "Earnings From Equity Interest Net Of Tax": 2429000.0,
        "Tax Provision": 0.0,
        "Pretax Income": -61598000.0,
        "Other Income Expense": 1136000.0,
        "Other Non Operating Income Expenses": 167000.0,
        "Special Income Charges": 0.0,
        "Other Special Charges": NaN,
        "Gain On Sale Of Security": 969000.0,
        "Net Non Operating Interest Income Expense": -24085000.0,
        "Interest Expense Non Operating": 24095000.0,
        "Interest Income Non Operating": 10000.0,
        "Operating Income": -38649000.0,
        "Operating Expense": 73509000.0,
        "Other Operating Expenses": -10824000.0,
        "Provision For Doubtful Accounts": -162000.0,
        "Research And Development": 2361000.0,
        "Selling General And Administration": 82134000.0,
        "Selling And Marketing Expense": 56060000.0,
        "General And Administrative Expense": 26074000.0,
        "Other Gand A": 26074000.0,
        "Gross Profit": 34860000.0,
        "Cost Of Revenue": 462360000.0,
        "Total Revenue": 497220000.0,
        "Operating Revenue": 482225000.0
    },
    "2023-09-30": {
        "Tax Effect Of Unusual Items": NaN,
        "Tax Rate For Calcs": NaN,
        "Normalized EBITDA": NaN,
        "Total Unusual Items": NaN,
        "Total Unusual Items Excluding Goodwill": NaN,
        "Net Income From Continuing Operation Net Minority Interest": NaN,
        "Reconciled Cost Of Revenue": NaN,
        "EBITDA": NaN,
        "EBIT": NaN,
        "Net Interest Income": NaN,
        "Interest Expense": NaN,
        "Interest Income": NaN,
        "Normalized Income": NaN,
        "Net Income From Continuing And Discontinued Operation": NaN,
        "Total Expenses": NaN,
        "Total Operating Income As Reported": NaN,
        "Diluted Average Shares": 4760272.0,
        "Basic Average Shares": 4760272.0,
        "Diluted EPS": -72.0,
        "Basic EPS": -72.0,
        "Diluted NI Availto Com Stockholders": NaN,
        "Net Income Common Stockholders": NaN,
        "Preferred Stock Dividends": 278800000.0,
        "Net Income": NaN,
        "Minority Interests": NaN,
        "Net Income Including Noncontrolling Interests": NaN,
        "Net Income From Tax Loss Carryforward": 0.0,
        "Net Income Continuous Operations": NaN,
        "Earnings From Equity Interest Net Of Tax": 0.0,
        "Tax Provision": NaN,
        "Pretax Income": NaN,
        "Other Income Expense": NaN,
        "Other Non Operating Income Expenses": NaN,
        "Special Income Charges": 0.0,
        "Other Special Charges": NaN,
        "Gain On Sale Of Security": NaN,
        "Net Non Operating Interest Income Expense": NaN,
        "Interest Expense Non Operating": NaN,
        "Interest Income Non Operating": NaN,
        "Operating Income": NaN,
        "Operating Expense": NaN,
        "Other Operating Expenses": NaN,
        "Provision For Doubtful Accounts": NaN,
        "Research And Development": NaN,
        "Selling General And Administration": NaN,
        "Selling And Marketing Expense": NaN,
        "General And Administrative Expense": NaN,
        "Other Gand A": NaN,
        "Gross Profit": NaN,
        "Cost Of Revenue": NaN,
        "Total Revenue": NaN,
        "Operating Revenue": NaN
    },
    "2025-03-31": {
        "Tax Effect Of Unusual Items": 0.0,
        "Tax Rate For Calcs": 0.0,
        "Normalized EBITDA": -29615000.0,
        "Total Unusual Items": 776000.0,
        "Total Unusual Items Excluding Goodwill": 776000.0,
        "Net Income From Continuing Operation Net Minority Interest": -53071000.0,
        "Reconciled Cost Of Revenue": 468888000.0,
        "EBITDA": -28839000.0,
        "EBIT": -28839000.0,
        "Net Interest Income": -22535000.0,
        "Interest Expense": 22542000.0,
        "Interest Income": 7000.0,
        "Normalized Income": -53847000.0,
        "Net Income From Continuing And Discontinued Operation": -53071000.0,
        "Total Expenses": 539481000.0,
        "Total Operating Income As Reported": -35252000.0,
        "Diluted Average Shares": 194251956.0,
        "Basic Average Shares": 194251956.0,
        "Diluted EPS": 0.0,
        "Basic EPS": 0.0,
        "Diluted NI Availto Com Stockholders": -53071000.0,
        "Net Income Common Stockholders": -53071000.0,
        "Net Income": -53071000.0,
        "Minority Interests": -1690000.0,
        "Net Income Including Noncontrolling Interests": -51381000.0,
        "Net Income From Tax Loss Carryforward": NaN,
        "Net Income Continuous Operations": -51381000.0,
        "Earnings From Equity Interest Net Of Tax": 0.0,
        "Tax Provision": 0.0,
        "Pretax Income": -51381000.0,
        "Other Income Expense": 6406000.0,
        "Other Non Operating Income Expenses": 5630000.0,
        "Special Income Charges": NaN,
        "Other Special Charges": NaN,
        "Gain On Sale Of Security": 776000.0,
        "Net Non Operating Interest Income Expense": -22535000.0,
        "Interest Expense Non Operating": 22542000.0,
        "Interest Income Non Operating": 7000.0,
        "Operating Income": -35252000.0,
        "Operating Expense": 70593000.0,
        "Other Operating Expenses": -11948000.0,
        "Provision For Doubtful Accounts": -395000.0,
        "Research And Development": 2899000.0,
        "Selling General And Administration": 80037000.0,
        "Selling And Marketing Expense": 61703000.0,
        "General And Administrative Expense": 18334000.0,
        "Other Gand A": 18334000.0,
        "Gross Profit": 35341000.0,
        "Cost Of Revenue": 468888000.0,
        "Total Revenue": 504229000.0,
        "Operating Revenue": 488065000.0
    },
    "2025-06-30": {
        "Tax Effect Of Unusual Items": -88250.0,
        "Tax Rate For Calcs": 0.25,
        "Normalized EBITDA": -44115000.0,
        "Total Unusual Items": -353000.0,
        "Total Unusual Items Excluding Goodwill": -353000.0,
        "Net Income From Continuing Operation Net Minority Interest": -73797000.0,
        "Reconciled Cost Of Revenue": 624064000.0,
        "EBITDA": -44468000.0,
        "EBIT": -44468000.0,
        "Net Interest Income": -23055000.0,
        "Interest Expense": 23098000.0,
        "Interest Income": 43000.0,
        "Normalized Income": -73532250.0,
        "Net Income From Continuing And Discontinued Operation": -73797000.0,
        "Total Expenses": 701411000.0,
        "Total Operating Income As Reported": -43140000.0,
        "Diluted Average Shares": 210561784.0,
        "Basic Average Shares": 210561784.0,
        "Diluted EPS": 0.0,
        "Basic EPS": 0.0,
        "Diluted NI Availto Com Stockholders": -73797000.0,
        "Net Income Common Stockholders": -73797000.0,
        "Net Income": -73797000.0,
        "Minority Interests": -6192000.0,
        "Net Income Including Noncontrolling Interests": -67605000.0,
        "Net Income From Tax Loss Carryforward": NaN,
        "Net Income Continuous Operations": -67605000.0,
        "Earnings From Equity Interest Net Of Tax": 0.0,
        "Tax Provision": 39000.0,
        "Pretax Income": -67566000.0,
        "Other Income Expense": -1371000.0,
        "Other Non Operating Income Expenses": -1018000.0,
        "Special Income Charges": 0.0,
        "Other Special Charges": NaN,
        "Gain On Sale Of Security": -353000.0,
        "Net Non Operating Interest Income Expense": -23055000.0,
        "Interest Expense Non Operating": 23098000.0,
        "Interest Income Non Operating": 43000.0,
        "Operating Income": -43140000.0,
        "Operating Expense": 77347000.0,
        "Other Operating Expenses": -19379000.0,
        "Provision For Doubtful Accounts": -19000.0,
        "Research And Development": 3089000.0,
        "Selling General And Administration": 93656000.0,
        "Selling And Marketing Expense": 74213000.0,
        "General And Administrative Expense": 19443000.0,
        "Other Gand A": 19443000.0,
        "Gross Profit": 34207000.0,
        "Cost Of Revenue": 624064000.0,
        "Total Revenue": 658271000.0,
        "Operating Revenue": 637500000.0
    },
    "2025-09-30": {
        "Tax Effect Of Unusual Items": 0.0,
        "Tax Rate For Calcs": 0.0,
        "Normalized EBITDA": -36942000.0,
        "Total Unusual Items": 328000.0,
        "Total Unusual Items Excluding Goodwill": 328000.0,
        "Net Income From Continuing Operation Net Minority Interest": -63169000.0,
        "Reconciled Cost Of Revenue": 813327000.0,
        "EBITDA": -36614000.0,
        "EBIT": -36614000.0,
        "Net Interest Income": -24077000.0,
        "Interest Expense": 24083000.0,
        "Interest Income": 6000.0,
        "Normalized Income": -63497000.0,
        "Net Income From Continuing And Discontinued Operation": -63169000.0,
        "Total Expenses": 915766000.0,
        "Total Operating Income As Reported": -36469000.0,
        "Diluted Average Shares": 213771142.0,
        "Basic Average Shares": 213771142.0,
        "Diluted EPS": 0.0,
        "Basic EPS": 0.0,
        "Diluted NI Availto Com Stockholders": -63169000.0,
        "Net Income Common Stockholders": -63169000.0,
        "Net Income": -63169000.0,
        "Minority Interests": -2472000.0,
        "Net Income Including Noncontrolling Interests": -60697000.0,
        "Net Income From Tax Loss Carryforward": NaN,
        "Net Income Continuous Operations": -60697000.0,
        "Earnings From Equity Interest Net Of Tax": 0.0,
        "Tax Provision": 0.0,
        "Pretax Income": -60697000.0,
        "Other Income Expense": -151000.0,
        "Other Non Operating Income Expenses": -479000.0,
        "Special Income Charges": 0.0,
        "Other Special Charges": NaN,
        "Gain On Sale Of Security": 328000.0,
        "Net Non Operating Interest Income Expense": -24077000.0,
        "Interest Expense Non Operating": 24083000.0,
        "Interest Income Non Operating": 6000.0,
        "Operating Income": -36469000.0,
        "Operating Expense": 102439000.0,
        "Other Operating Expenses": -20952000.0,
        "Provision For Doubtful Accounts": -39000.0,
        "Research And Development": 3088000.0,
        "Selling General And Administration": 120342000.0,
        "Selling And Marketing Expense": 91197000.0,
        "General And Administrative Expense": 29145000.0,
        "Other Gand A": 29145000.0,
        "Gross Profit": 65970000.0,
        "Cost Of Revenue": 813327000.0,
        "Total Revenue": 879297000.0,
        "Operating Revenue": 852350000.0
    }
}