{
    "2023-03-31": {
        "Tax Effect Of Unusual Items": NaN,
        "Tax Rate For Calcs": NaN,
        "Normalized EBITDA": NaN,
        "Total Unusual Items": NaN,
        "Total Unusual Items Excluding Goodwill": NaN,
        "Net Income From Continuing Operation Net Minority Interest": NaN,
        "Reconciled Depreciation": NaN,
        "Reconciled Cost Of Revenue": NaN,
        "EBITDA": NaN,
        "EBIT": NaN,
        "Net Interest Income": NaN,
        "Interest Expense": NaN,
        "Interest Income": NaN,
        "Normalized Income": NaN,
        "Net Income From Continuing And Discontinued Operation": NaN,
        "Total Expenses": NaN,
        "Total Operating Income As Reported": NaN,
        "Diluted Average Shares": NaN,
        "Basic Average Shares": NaN,
        "Diluted EPS": NaN,
        "Basic EPS": NaN,
        "Diluted NI Availto Com Stockholders": NaN,
        "Net Income Common Stockholders": NaN,
        "Net Income": NaN,
        "Minority Interests": NaN,
        "Net Income Including Noncontrolling Interests": NaN,
        "Net Income Continuous Operations": NaN,
        "Tax Provision": NaN,
        "Pretax Income": NaN,
        "Other Income Expense": NaN,
        "Other Non Operating Income Expenses": NaN,
        "Special Income Charges": NaN,
        "Gain On Sale Of Ppe": 100000.0,
        "Other Special Charges": NaN,
        "Impairment Of Capital Assets": NaN,
        "Earnings From Equity Interest": NaN,
        "Gain On Sale Of Security": NaN,
        "Net Non Operating Interest Income Expense": NaN,
        "Interest Expense Non Operating": NaN,
        "Interest Income Non Operating": NaN,
        "Operating Income": NaN,
        "Operating Expense": NaN,
        "Selling General And Administration": NaN,
        "General And Administrative Expense": NaN,
        "Other Gand A": NaN,
        "Salaries And Wages": NaN,
        "Gross Profit": NaN,
        "Cost Of Revenue": NaN,
        "Total Revenue": NaN,
        "Operating Revenue": NaN
    },
    "2022-12-31": {
        "Tax Effect Of Unusual Items": NaN,
        "Tax Rate For Calcs": NaN,
        "Normalized EBITDA": NaN,
        "Total Unusual Items": NaN,
        "Total Unusual Items Excluding Goodwill": NaN,
        "Net Income From Continuing Operation Net Minority Interest": NaN,
        "Reconciled Depreciation": NaN,
        "Reconciled Cost Of Revenue": NaN,
        "EBITDA": NaN,
        "EBIT": NaN,
        "Net Interest Income": NaN,
        "Interest Expense": NaN,
        "Interest Income": NaN,
        "Normalized Income": NaN,
        "Net Income From Continuing And Discontinued Operation": NaN,
        "Total Expenses": NaN,
        "Total Operating Income As Reported": NaN,
        "Diluted Average Shares": NaN,
        "Basic Average Shares": NaN,
        "Diluted EPS": NaN,
        "Basic EPS": NaN,
        "Diluted NI Availto Com Stockholders": NaN,
        "Net Income Common Stockholders": NaN,
        "Net Income": NaN,
        "Minority Interests": NaN,
        "Net Income Including Noncontrolling Interests": NaN,
        "Net Income Continuous Operations": NaN,
        "Tax Provision": NaN,
        "Pretax Income": NaN,
        "Other Income Expense": NaN,
        "Other Non Operating Income Expenses": NaN,
        "Special Income Charges": NaN,
        "Gain On Sale Of Ppe": NaN,
        "Other Special Charges": NaN,
        "Impairment Of Capital Assets": NaN,
        "Restructuring And Mergern Acquisition": 300000.0,
        "Earnings From Equity Interest": NaN,
        "Gain On Sale Of Security": NaN,
        "Net Non Operating Interest Income Expense": NaN,
        "Interest Expense Non Operating": NaN,
        "Interest Income Non Operating": NaN,
        "Operating Income": NaN,
        "Operating Expense": NaN,
        "Selling General And Administration": NaN,
        "General And Administrative Expense": NaN,
        "Other Gand A": NaN,
        "Salaries And Wages": NaN,
        "Gross Profit": NaN,
        "Cost Of Revenue": NaN,
        "Total Revenue": NaN,
        "Operating Revenue": NaN
    },
    "2022-09-30": {
        "Tax Effect Of Unusual Items": NaN,
        "Tax Rate For Calcs": NaN,
        "Normalized EBITDA": NaN,
        "Total Unusual Items": NaN,
        "Total Unusual Items Excluding Goodwill": NaN,
        "Net Income From Continuing Operation Net Minority Interest": NaN,
        "Reconciled Depreciation": NaN,
        "Reconciled Cost Of Revenue": NaN,
        "EBITDA": NaN,
        "EBIT": NaN,
        "Net Interest Income": NaN,
        "Interest Expense": NaN,
        "Interest Income": NaN,
        "Normalized Income": NaN,
        "Net Income From Continuing And Discontinued Operation": NaN,
        "Total Expenses": NaN,
        "Total Operating Income As Reported": NaN,
        "Diluted Average Shares": NaN,
        "Basic Average Shares": NaN,
        "Diluted EPS": NaN,
        "Basic EPS": NaN,
        "Diluted NI Availto Com Stockholders": NaN,
        "Net Income Common Stockholders": NaN,
        "Net Income": NaN,
        "Minority Interests": NaN,
        "Net Income Including Noncontrolling Interests": NaN,
        "Net Income Continuous Operations": NaN,
        "Tax Provision": NaN,
        "Pretax Income": NaN,
        "Other Income Expense": NaN,
        "Other Non Operating Income Expenses": NaN,
        "Special Income Charges": NaN,
        "Gain On Sale Of Ppe": 100000.0,
        "Other Special Charges": NaN,
        "Impairment Of Capital Assets": 0.0,
        "Restructuring And Mergern Acquisition": 400000.0,
        "Earnings From Equity Interest": NaN,
        "Gain On Sale Of Security": 9800000.0,
        "Net Non Operating Interest Income Expense": NaN,
        "Interest Expense Non Operating": NaN,
        "Interest Income Non Operating": NaN,
        "Operating Income": NaN,
        "Operating Expense": NaN,
        "Selling General And Administration": NaN,
        "General And Administrative Expense": NaN,
        "Other Gand A": NaN,
        "Salaries And Wages": -4000000.0,
        "Gross Profit": NaN,
        "Cost Of Revenue": NaN,
        "Total Revenue": NaN,
        "Operating Revenue": NaN
    },
    "2022-06-30": {
        "Tax Effect Of Unusual Items": -5346165.413534,
        "Tax Rate For Calcs": 0.15188,
        "Normalized EBITDA": 198900000.0,
        "Total Unusual Items": -35200000.0,
        "Total Unusual Items Excluding Goodwill": -35200000.0,
        "Net Income From Continuing Operation Net Minority Interest": 111600000.0,
        "Reconciled Depreciation": 19100000.0,
        "Reconciled Cost Of Revenue": 384100000.0,
        "EBITDA": 163700000.0,
        "EBIT": 144600000.0,
        "Net Interest Income": -400000.0,
        "Interest Expense": 11600000.0,
        "Interest Income": 11200000.0,
        "Normalized Income": 141453834.586466,
        "Net Income From Continuing And Discontinued Operation": 111600000.0,
        "Total Expenses": 403100000.0,
        "Total Operating Income As Reported": -15600000.0,
        "Diluted Average Shares": 75600000.0,
        "Basic Average Shares": 75000000.0,
        "Diluted EPS": 1.48,
        "Basic EPS": 1.49,
        "Diluted NI Availto Com Stockholders": 111600000.0,
        "Net Income Common Stockholders": 111600000.0,
        "Net Income": 111600000.0,
        "Minority Interests": -1200000.0,
        "Net Income Including Noncontrolling Interests": 112800000.0,
        "Net Income Continuous Operations": 112800000.0,
        "Tax Provision": 20200000.0,
        "Pretax Income": 133000000.0,
        "Other Income Expense": 123200000.0,
        "Other Non Operating Income Expenses": 149700000.0,
        "Special Income Charges": -35200000.0,
        "Gain On Sale Of Ppe": 135100000.0,
        "Other Special Charges": NaN,
        "Impairment Of Capital Assets": 34500000.0,
        "Restructuring And Mergern Acquisition": 700000.0,
        "Earnings From Equity Interest": 8700000.0,
        "Gain On Sale Of Security": 10700000.0,
        "Net Non Operating Interest Income Expense": -400000.0,
        "Interest Expense Non Operating": 11600000.0,
        "Interest Income Non Operating": 11200000.0,
        "Operating Income": 10200000.0,
        "Operating Expense": 19000000.0,
        "Selling General And Administration": 19000000.0,
        "General And Administrative Expense": 19000000.0,
        "Other Gand A": 19000000.0,
        "Gross Profit": 29200000.0,
        "Cost Of Revenue": 384100000.0,
        "Total Revenue": 413300000.0,
        "Operating Revenue": 413300000.0
    },
    "2023-06-30": {
        "Tax Effect Of Unusual Items": NaN,
        "Tax Rate For Calcs": NaN,
        "Normalized EBITDA": NaN,
        "Total Unusual Items": NaN,
        "Total Unusual Items Excluding Goodwill": NaN,
        "Net Income From Continuing Operation Net Minority Interest": NaN,
        "Reconciled Depreciation": NaN,
        "Reconciled Cost Of Revenue": NaN,
        "EBITDA": NaN,
        "EBIT": NaN,
        "Net Interest Income": NaN,
        "Interest Expense": NaN,
        "Interest Income": NaN,
        "Normalized Income": NaN,
        "Net Income From Continuing And Discontinued Operation": NaN,
        "Total Expenses": NaN,
        "Total Operating Income As Reported": NaN,
        "Diluted Average Shares": NaN,
        "Basic Average Shares": NaN,
        "Diluted EPS": NaN,
        "Basic EPS": NaN,
        "Diluted NI Availto Com Stockholders": NaN,
        "Net Income Common Stockholders": NaN,
        "Net Income": NaN,
        "Minority Interests": NaN,
        "Net Income Including Noncontrolling Interests": NaN,
        "Net Income Continuous Operations": NaN,
        "Tax Provision": NaN,
        "Pretax Income": NaN,
        "Other Income Expense": NaN,
        "Other Non Operating Income Expenses": NaN,
        "Special Income Charges": NaN,
        "Gain On Sale Of Ppe": 27800000.0,
        "Other Special Charges": 29200000.0,
        "Impairment Of Capital Assets": 0.0,
        "Earnings From Equity Interest": NaN,
        "Gain On Sale Of Security": NaN,
        "Net Non Operating Interest Income Expense": NaN,
        "Interest Expense Non Operating": NaN,
        "Interest Income Non Operating": NaN,
        "Operating Income": NaN,
        "Operating Expense": NaN,
        "Selling General And Administration": NaN,
        "General And Administrative Expense": NaN,
        "Other Gand A": NaN,
        "Salaries And Wages": NaN,
        "Gross Profit": NaN,
        "Cost Of Revenue": NaN,
        "Total Revenue": NaN,
        "Operating Revenue": NaN
    },
    "2022-03-31": {
        "Diluted EPS": -0.51,
        "Total Revenue": 318,
        "Gross Profit": -13,
        "Operating Income": -50,
        "EBIT": -26,
        "Net Income": -39
    },
    "2021-12-31": {
        "Diluted EPS": -7.13,
        "Total Revenue": 306,
        "Gross Profit": 25,
        "Operating Income": -20,
        "EBIT": 5,
        "Net Income": 33
    },
    "2021-09-30": {
        "Diluted EPS": -0.73,
        "Total Revenue": 327,
        "Gross Profit": 52,
        "Operating Income": 3,
        "EBIT": 31,
        "Net Income": -55
    },
    "2021-06-30": {
        "Diluted EPS": -47.51,
        "Total Revenue": 293,
        "Gross Profit": 34,
        "Operating Income": -33,
        "EBIT": 21,
        "Net Income": NaN
    },
    "2021-03-31": {
        "Diluted EPS": -4.56,
        "Total Revenue": 307,
        "Gross Profit": 54,
        "Operating Income": -848,
        "EBIT": -730,
        "Net Income": -910
    },
    "2020-12-31": {
        "Diluted EPS": -0.29,
        "Total Revenue": 297,
        "Gross Profit": -20,
        "Operating Income": -169,
        "EBIT": -55,
        "Net Income": -71
    },
    "2020-09-30": {
        "Diluted EPS": -3.36,
        "Total Revenue": 285,
        "Gross Profit": -22,
        "Operating Income": -94,
        "EBIT": 30,
        "Net Income": -671
    },
    "2020-06-30": {
        "Diluted EPS": -5.58,
        "Total Revenue": 389,
        "Gross Profit": 18,
        "Operating Income": NaN,
        "EBIT": -878,
        "Net Income": NaN
    },
    "2020-03-31": {
        "Diluted EPS": -15.19,
        "Total Revenue": 457,
        "Gross Profit": -19,
        "Operating Income": NaN,
        "EBIT": NaN,
        "Net Income": NaN
    },
    "2019-12-31": {
        "Diluted EPS": -0.48,
        "Total Revenue": 512,
        "Gross Profit": 36,
        "Operating Income": -193,
        "EBIT": -28,
        "Net Income": -216
    },
    "2019-09-30": {
        "Diluted EPS": -1.0,
        "Total Revenue": 551,
        "Gross Profit": 55,
        "Operating Income": -236,
        "EBIT": -74,
        "Net Income": -197
    },
    "2019-06-30": {
        "Diluted EPS": 2.09,
        "Total Revenue": 584,
        "Gross Profit": 84,
        "Operating Income": -157,
        "EBIT": -2,
        "Net Income": 406
    },
    "2019-03-31": {
        "Diluted EPS": -1.75,
        "Total Revenue": 406,
        "Gross Profit": 73,
        "Operating Income": -81,
        "EBIT": 29,
        "Net Income": -190
    },
    "2018-12-31": {
        "Diluted EPS": 0.0,
        "Total Revenue": NaN,
        "Gross Profit": NaN,
        "Operating Income": NaN,
        "EBIT": NaN,
        "Net Income": NaN
    },
    "2023-09-30": {
        "Tax Effect Of Unusual Items": NaN,
        "Tax Rate For Calcs": NaN,
        "Normalized EBITDA": NaN,
        "Total Unusual Items": NaN,
        "Total Unusual Items Excluding Goodwill": NaN,
        "Net Income From Continuing Operation Net Minority Interest": NaN,
        "Reconciled Depreciation": NaN,
        "Reconciled Cost Of Revenue": NaN,
        "EBITDA": NaN,
        "EBIT": NaN,
        "Net Interest Income": NaN,
        "Interest Expense": NaN,
        "Interest Income": NaN,
        "Normalized Income": NaN,
        "Net Income From Continuing And Discontinued Operation": NaN,
        "Total Expenses": NaN,
        "Total Operating Income As Reported": NaN,
        "Diluted Average Shares": NaN,
        "Basic Average Shares": NaN,
        "Diluted EPS": NaN,
        "Basic EPS": NaN,
        "Diluted NI Availto Com Stockholders": NaN,
        "Net Income Common Stockholders": NaN,
        "Net Income": NaN,
        "Minority Interests": NaN,
        "Net Income Including Noncontrolling Interests": NaN,
        "Net Income Continuous Operations": NaN,
        "Tax Provision": NaN,
        "Pretax Income": NaN,
        "Other Income Expense": NaN,
        "Other Non Operating Income Expenses": NaN,
        "Special Income Charges": NaN,
        "Gain On Sale Of Ppe": 0.0,
        "Write Off": NaN,
        "Impairment Of Capital Assets": 0.0,
        "Earnings From Equity Interest": NaN,
        "Gain On Sale Of Security": NaN,
        "Net Non Operating Interest Income Expense": NaN,
        "Interest Expense Non Operating": NaN,
        "Interest Income Non Operating": NaN,
        "Operating Income": NaN,
        "Operating Expense": NaN,
        "Selling General And Administration": NaN,
        "General And Administrative Expense": NaN,
        "Other Gand A": NaN,
        "Salaries And Wages": -100000.0,
        "Gross Profit": NaN,
        "Cost Of Revenue": NaN,
        "Total Revenue": NaN,
        "Operating Revenue": NaN
    },
    "2023-12-31": {
        "Tax Effect Of Unusual Items": NaN,
        "Tax Rate For Calcs": NaN,
        "Normalized EBITDA": NaN,
        "Total Unusual Items": NaN,
        "Total Unusual Items Excluding Goodwill": NaN,
        "Net Income From Continuing Operation Net Minority Interest": NaN,
        "Reconciled Depreciation": NaN,
        "Reconciled Cost Of Revenue": NaN,
        "EBITDA": NaN,
        "EBIT": NaN,
        "Net Interest Income": NaN,
        "Interest Expense": NaN,
        "Interest Income": NaN,
        "Normalized Income": NaN,
        "Net Income From Continuing And Discontinued Operation": NaN,
        "Total Expenses": NaN,
        "Total Operating Income As Reported": NaN,
        "Diluted Average Shares": NaN,
        "Basic Average Shares": NaN,
        "Diluted EPS": NaN,
        "Basic EPS": NaN,
        "Diluted NI Availto Com Stockholders": NaN,
        "Net Income Common Stockholders": NaN,
        "Net Income": NaN,
        "Minority Interests": NaN,
        "Net Income Including Noncontrolling Interests": NaN,
        "Net Income Continuous Operations": NaN,
        "Tax Provision": NaN,
        "Pretax Income": NaN,
        "Other Income Expense": NaN,
        "Other Non Operating Income Expenses": NaN,
        "Special Income Charges": NaN,
        "Gain On Sale Of Ppe": NaN,
        "Write Off": NaN,
        "Impairment Of Capital Assets": 0.0,
        "Earnings From Equity Interest": NaN,
        "Gain On Sale Of Security": NaN,
        "Net Non Operating Interest Income Expense": NaN,
        "Interest Expense Non Operating": NaN,
        "Interest Income Non Operating": NaN,
        "Operating Income": NaN,
        "Operating Expense": NaN,
        "Selling General And Administration": NaN,
        "General And Administrative Expense": NaN,
        "Other Gand A": NaN,
        "Salaries And Wages": NaN,
        "Gross Profit": NaN,
        "Cost Of Revenue": NaN,
        "Total Revenue": NaN,
        "Operating Revenue": NaN
    },
    "2024-03-31": {
        "Tax Effect Of Unusual Items": NaN,
        "Tax Rate For Calcs": NaN,
        "Normalized EBITDA": NaN,
        "Total Unusual Items": NaN,
        "Total Unusual Items Excluding Goodwill": NaN,
        "Net Income From Continuing Operation Net Minority Interest": NaN,
        "Reconciled Depreciation": NaN,
        "Reconciled Cost Of Revenue": NaN,
        "EBITDA": NaN,
        "EBIT": NaN,
        "Net Interest Income": NaN,
        "Interest Expense": NaN,
        "Interest Income": NaN,
        "Normalized Income": NaN,
        "Net Income From Continuing And Discontinued Operation": NaN,
        "Total Expenses": NaN,
        "Total Operating Income As Reported": NaN,
        "Diluted Average Shares": NaN,
        "Basic Average Shares": NaN,
        "Diluted EPS": NaN,
        "Basic EPS": NaN,
        "Diluted NI Availto Com Stockholders": NaN,
        "Net Income Common Stockholders": NaN,
        "Net Income": NaN,
        "Minority Interests": NaN,
        "Net Income Including Noncontrolling Interests": NaN,
        "Net Income Continuous Operations": NaN,
        "Tax Provision": NaN,
        "Pretax Income": NaN,
        "Other Income Expense": NaN,
        "Other Non Operating Income Expenses": NaN,
        "Special Income Charges": NaN,
        "Gain On Sale Of Ppe": NaN,
        "Write Off": 0.0,
        "Impairment Of Capital Assets": NaN,
        "Earnings From Equity Interest": NaN,
        "Gain On Sale Of Security": NaN,
        "Net Non Operating Interest Income Expense": NaN,
        "Interest Expense Non Operating": NaN,
        "Interest Income Non Operating": NaN,
        "Operating Income": NaN,
        "Operating Expense": NaN,
        "Selling General And Administration": NaN,
        "General And Administrative Expense": NaN,
        "Other Gand A": NaN,
        "Salaries And Wages": -700000.0,
        "Gross Profit": NaN,
        "Cost Of Revenue": NaN,
        "Total Revenue": NaN,
        "Operating Revenue": NaN
    },
    "2024-06-30": {
        "Tax Effect Of Unusual Items": 850000.0,
        "Tax Rate For Calcs": 0.34,
        "Normalized EBITDA": 170600000.0,
        "Total Unusual Items": 2500000.0,
        "Total Unusual Items Excluding Goodwill": 2500000.0,
        "Net Income From Continuing Operation Net Minority Interest": 149600000.0,
        "Reconciled Depreciation": 29700000.0,
        "Reconciled Cost Of Revenue": 468400000.0,
        "EBITDA": 173100000.0,
        "EBIT": 143400000.0,
        "Net Interest Income": 8400000.0,
        "Interest Expense": 22600000.0,
        "Interest Income": 31000000.0,
        "Normalized Income": 147950000.0,
        "Net Income From Continuing And Discontinued Operation": 149600000.0,
        "Total Expenses": 500900000.0,
        "Total Operating Income As Reported": 108900000.0,
        "Diluted Average Shares": 73700000.0,
        "Basic Average Shares": 72400000.0,
        "Diluted EPS": 2.03,
        "Basic EPS": 2.07,
        "Diluted NI Availto Com Stockholders": 149600000.0,
        "Net Income Common Stockholders": 149600000.0,
        "Net Income": 149600000.0,
        "Minority Interests": -1200000.0,
        "Net Income Including Noncontrolling Interests": 150800000.0,
        "Net Income Continuous Operations": 150800000.0,
        "Tax Provision": -30000000.0,
        "Pretax Income": 120800000.0,
        "Other Income Expense": 3200000.0,
        "Other Non Operating Income Expenses": 1000000.0,
        "Special Income Charges": 0.0,
        "Gain On Sale Of Ppe": 0.0,
        "Write Off": NaN,
        "Impairment Of Capital Assets": NaN,
        "Earnings From Equity Interest": -300000.0,
        "Gain On Sale Of Security": 2500000.0,
        "Net Non Operating Interest Income Expense": 8400000.0,
        "Interest Expense Non Operating": 22600000.0,
        "Interest Income Non Operating": 31000000.0,
        "Operating Income": 109200000.0,
        "Operating Expense": 32500000.0,
        "Selling General And Administration": 32500000.0,
        "General And Administrative Expense": 32500000.0,
        "Other Gand A": 32500000.0,
        "Salaries And Wages": -700000.0,
        "Gross Profit": 141700000.0,
        "Cost Of Revenue": 468400000.0,
        "Total Revenue": 610100000.0,
        "Operating Revenue": 610100000.0
    },
    "2024-09-30": {
        "Tax Effect Of Unusual Items": -1031077.981651,
        "Tax Rate For Calcs": 0.27867,
        "Normalized EBITDA": 145000000.0,
        "Total Unusual Items": -3700000.0,
        "Total Unusual Items Excluding Goodwill": -3700000.0,
        "Net Income From Continuing Operation Net Minority Interest": 64600000.0,
        "Reconciled Depreciation": 31700000.0,
        "Reconciled Cost Of Revenue": 493800000.0,
        "EBITDA": 141300000.0,
        "EBIT": 109600000.0,
        "Net Interest Income": -4900000.0,
        "Interest Expense": 22400000.0,
        "Interest Income": 17500000.0,
        "Normalized Income": 67268922.018349,
        "Net Income From Continuing And Discontinued Operation": 64600000.0,
        "Total Expenses": 524400000.0,
        "Total Operating Income As Reported": 94900000.0,
        "Diluted Average Shares": 73200000.0,
        "Basic Average Shares": 72400000.0,
        "Diluted EPS": 0.88,
        "Basic EPS": 0.89,
        "Diluted NI Availto Com Stockholders": 64600000.0,
        "Net Income Common Stockholders": 64600000.0,
        "Net Income": 64600000.0,
        "Minority Interests": 1700000.0,
        "Net Income Including Noncontrolling Interests": 62900000.0,
        "Net Income Continuous Operations": 62900000.0,
        "Tax Provision": 24300000.0,
        "Pretax Income": 87200000.0,
        "Other Income Expense": -26600000.0,
        "Other Non Operating Income Expenses": 900000.0,
        "Special Income Charges": -200000.0,
        "Gain On Sale Of Ppe": -200000.0,
        "Write Off": NaN,
        "Impairment Of Capital Assets": NaN,
        "Earnings From Equity Interest": -23800000.0,
        "Gain On Sale Of Security": -3500000.0,
        "Net Non Operating Interest Income Expense": -4900000.0,
        "Interest Expense Non Operating": 22400000.0,
        "Interest Income Non Operating": 17500000.0,
        "Operating Income": 118700000.0,
        "Operating Expense": 30600000.0,
        "Selling General And Administration": 30600000.0,
        "General And Administrative Expense": 30600000.0,
        "Other Gand A": 30600000.0,
        "Salaries And Wages": -600000.0,
        "Gross Profit": 149300000.0,
        "Cost Of Revenue": 493800000.0,
        "Total Revenue": 643100000.0,
        "Operating Revenue": 643100000.0
    },
    "2024-12-31": {
        "Tax Effect Of Unusual Items": 3230000.0,
        "Tax Rate For Calcs": 0.34,
        "Normalized EBITDA": 170300000.0,
        "Total Unusual Items": 9500000.0,
        "Total Unusual Items Excluding Goodwill": 9500000.0,
        "Net Income From Continuing Operation Net Minority Interest": 133700000.0,
        "Reconciled Depreciation": 33900000.0,
        "Reconciled Cost Of Revenue": 449200000.0,
        "EBITDA": 179800000.0,
        "EBIT": 145900000.0,
        "Net Interest Income": -5500000.0,
        "Interest Expense": 22100000.0,
        "Interest Income": 16600000.0,
        "Normalized Income": 127430000.0,
        "Net Income From Continuing And Discontinued Operation": 133700000.0,
        "Total Expenses": 475900000.0,
        "Total Operating Income As Reported": 119200000.0,
        "Diluted Average Shares": 71200000.0,
        "Basic Average Shares": 71100000.0,
        "Diluted EPS": 1.88,
        "Basic EPS": 1.88,
        "Diluted NI Availto Com Stockholders": 133700000.0,
        "Net Income Common Stockholders": 133700000.0,
        "Net Income": 133700000.0,
        "Minority Interests": 3100000.0,
        "Net Income Including Noncontrolling Interests": 130600000.0,
        "Net Income Continuous Operations": 130600000.0,
        "Tax Provision": -6800000.0,
        "Pretax Income": 123800000.0,
        "Other Income Expense": 20800000.0,
        "Other Non Operating Income Expenses": 600000.0,
        "Special Income Charges": 100000.0,
        "Gain On Sale Of Ppe": 100000.0,
        "Write Off": NaN,
        "Impairment Of Capital Assets": NaN,
        "Earnings From Equity Interest": 10700000.0,
        "Gain On Sale Of Security": 9400000.0,
        "Net Non Operating Interest Income Expense": -5500000.0,
        "Interest Expense Non Operating": 22100000.0,
        "Interest Income Non Operating": 16600000.0,
        "Operating Income": 108500000.0,
        "Operating Expense": 26700000.0,
        "Selling General And Administration": 26700000.0,
        "General And Administrative Expense": 26700000.0,
        "Other Gand A": 26700000.0,
        "Salaries And Wages": -400000.0,
        "Gross Profit": 135200000.0,
        "Cost Of Revenue": 449200000.0,
        "Total Revenue": 584400000.0,
        "Operating Revenue": 584400000.0
    },
    "2025-03-31": {
        "Tax Effect Of Unusual Items": 4794000.0,
        "Tax Rate For Calcs": 0.34,
        "Normalized EBITDA": 197600000.0,
        "Total Unusual Items": 14100000.0,
        "Total Unusual Items Excluding Goodwill": 14100000.0,
        "Net Income From Continuing Operation Net Minority Interest": -37900000.0,
        "Reconciled Depreciation": 33100000.0,
        "Reconciled Cost Of Revenue": 448100000.0,
        "EBITDA": 211700000.0,
        "EBIT": 178600000.0,
        "Net Interest Income": -9900000.0,
        "Interest Expense": 24300000.0,
        "Interest Income": 14400000.0,
        "Normalized Income": -47206000.0,
        "Net Income From Continuing And Discontinued Operation": -37900000.0,
        "Total Expenses": 472500000.0,
        "Total Operating Income As Reported": 143000000.0,
        "Diluted Average Shares": 71000000.0,
        "Basic Average Shares": 71000000.0,
        "Diluted EPS": -0.53,
        "Basic EPS": -0.53,
        "Diluted NI Availto Com Stockholders": -37900000.0,
        "Net Income Common Stockholders": -37900000.0,
        "Net Income": -37900000.0,
        "Minority Interests": 1300000.0,
        "Net Income Including Noncontrolling Interests": -39200000.0,
        "Net Income Continuous Operations": -39200000.0,
        "Tax Provision": 193500000.0,
        "Pretax Income": 154300000.0,
        "Other Income Expense": 16000000.0,
        "Other Non Operating Income Expenses": -700000.0,
        "Special Income Charges": 19300000.0,
        "Gain On Sale Of Ppe": 27100000.0,
        "Write Off": 7800000.0,
        "Impairment Of Capital Assets": NaN,
        "Earnings From Equity Interest": 2600000.0,
        "Gain On Sale Of Security": -5200000.0,
        "Net Non Operating Interest Income Expense": -9900000.0,
        "Interest Expense Non Operating": 24300000.0,
        "Interest Income Non Operating": 14400000.0,
        "Operating Income": 148200000.0,
        "Operating Expense": 24400000.0,
        "Selling General And Administration": 24400000.0,
        "General And Administrative Expense": 24400000.0,
        "Other Gand A": 24400000.0,
        "Salaries And Wages": NaN,
        "Gross Profit": 172600000.0,
        "Cost Of Revenue": 448100000.0,
        "Total Revenue": 620700000.0,
        "Operating Revenue": 620700000.0
    },
    "2025-06-30": {
        "Tax Effect Of Unusual Items": -1794440.631434,
        "Tax Rate For Calcs": 0.216198,
        "Normalized EBITDA": 214300000.0,
        "Total Unusual Items": -8300000.0,
        "Total Unusual Items Excluding Goodwill": -8300000.0,
        "Net Income From Continuing Operation Net Minority Interest": 115100000.0,
        "Reconciled Depreciation": 35500000.0,
        "Reconciled Cost Of Revenue": 431200000.0,
        "EBITDA": 206000000.0,
        "EBIT": 170500000.0,
        "Net Interest Income": -9700000.0,
        "Interest Expense": 24800000.0,
        "Interest Income": 15100000.0,
        "Normalized Income": 121605559.368566,
        "Net Income From Continuing And Discontinued Operation": 115100000.0,
        "Total Expenses": 450000000.0,
        "Total Operating Income As Reported": 164100000.0,
        "Diluted Average Shares": 71300000.0,
        "Basic Average Shares": 71100000.0,
        "Diluted EPS": 1.61,
        "Basic EPS": 1.62,
        "Diluted NI Availto Com Stockholders": 115100000.0,
        "Net Income Common Stockholders": 115100000.0,
        "Net Income": 115100000.0,
        "Minority Interests": 900000.0,
        "Net Income Including Noncontrolling Interests": 114200000.0,
        "Net Income Continuous Operations": 114200000.0,
        "Tax Provision": 31500000.0,
        "Pretax Income": 145700000.0,
        "Other Income Expense": -9800000.0,
        "Other Non Operating Income Expenses": -400000.0,
        "Special Income Charges": 800000.0,
        "Gain On Sale Of Ppe": 800000.0,
        "Write Off": NaN,
        "Impairment Of Capital Assets": 0.0,
        "Earnings From Equity Interest": -1100000.0,
        "Gain On Sale Of Security": -9100000.0,
        "Net Non Operating Interest Income Expense": -9700000.0,
        "Interest Expense Non Operating": 24800000.0,
        "Interest Income Non Operating": 15100000.0,
        "Operating Income": 165200000.0,
        "Operating Expense": 18800000.0,
        "Selling General And Administration": 18800000.0,
        "General And Administrative Expense": 18800000.0,
        "Other Gand A": 18800000.0,
        "Salaries And Wages": NaN,
        "Gross Profit": 184000000.0,
        "Cost Of Revenue": 431200000.0,
        "Total Revenue": 615200000.0,
        "Operating Revenue": 615200000.0
    }
}