{
    "2023-04-30": {
        "Tax Effect Of Unusual Items": NaN,
        "Tax Rate For Calcs": NaN,
        "Normalized EBITDA": NaN,
        "Total Unusual Items": NaN,
        "Total Unusual Items Excluding Goodwill": NaN,
        "Net Income From Continuing Operation Net Minority Interest": NaN,
        "Reconciled Depreciation": NaN,
        "Reconciled Cost Of Revenue": NaN,
        "EBITDA": NaN,
        "EBIT": NaN,
        "Net Interest Income": NaN,
        "Interest Income": NaN,
        "Normalized Income": NaN,
        "Net Income From Continuing And Discontinued Operation": NaN,
        "Total Expenses": NaN,
        "Total Operating Income As Reported": NaN,
        "Diluted Average Shares": NaN,
        "Basic Average Shares": NaN,
        "Diluted EPS": NaN,
        "Basic EPS": NaN,
        "Diluted NI Availto Com Stockholders": NaN,
        "Net Income Common Stockholders": NaN,
        "Net Income": NaN,
        "Net Income Including Noncontrolling Interests": NaN,
        "Net Income Continuous Operations": NaN,
        "Tax Provision": NaN,
        "Pretax Income": NaN,
        "Other Income Expense": NaN,
        "Special Income Charges": 0.0,
        "Earnings From Equity Interest": NaN,
        "Gain On Sale Of Security": NaN,
        "Net Non Operating Interest Income Expense": NaN,
        "Interest Income Non Operating": NaN,
        "Operating Income": NaN,
        "Operating Expense": NaN,
        "Other Operating Expenses": 1381000.0,
        "Selling General And Administration": NaN,
        "Selling And Marketing Expense": NaN,
        "General And Administrative Expense": NaN,
        "Other Gand A": NaN,
        "Gross Profit": NaN,
        "Cost Of Revenue": NaN,
        "Total Revenue": NaN,
        "Operating Revenue": NaN
    },
    "2023-01-31": {
        "Tax Effect Of Unusual Items": NaN,
        "Tax Rate For Calcs": NaN,
        "Normalized EBITDA": NaN,
        "Total Unusual Items": NaN,
        "Total Unusual Items Excluding Goodwill": NaN,
        "Net Income From Continuing Operation Net Minority Interest": NaN,
        "Reconciled Depreciation": NaN,
        "Reconciled Cost Of Revenue": NaN,
        "EBITDA": NaN,
        "EBIT": NaN,
        "Net Interest Income": NaN,
        "Interest Income": NaN,
        "Normalized Income": NaN,
        "Net Income From Continuing And Discontinued Operation": NaN,
        "Total Expenses": NaN,
        "Total Operating Income As Reported": NaN,
        "Diluted Average Shares": 9456877.0,
        "Basic Average Shares": 9456877.0,
        "Diluted EPS": 0.55,
        "Basic EPS": 0.55,
        "Diluted NI Availto Com Stockholders": NaN,
        "Net Income Common Stockholders": NaN,
        "Net Income": NaN,
        "Net Income Including Noncontrolling Interests": NaN,
        "Net Income Continuous Operations": NaN,
        "Tax Provision": NaN,
        "Pretax Income": NaN,
        "Other Income Expense": NaN,
        "Special Income Charges": 0.0,
        "Earnings From Equity Interest": NaN,
        "Gain On Sale Of Security": NaN,
        "Net Non Operating Interest Income Expense": NaN,
        "Interest Income Non Operating": NaN,
        "Operating Income": NaN,
        "Operating Expense": NaN,
        "Other Operating Expenses": 1371000.0,
        "Selling General And Administration": NaN,
        "Selling And Marketing Expense": NaN,
        "General And Administrative Expense": NaN,
        "Other Gand A": NaN,
        "Gross Profit": NaN,
        "Cost Of Revenue": NaN,
        "Total Revenue": NaN,
        "Operating Revenue": NaN
    },
    "2022-10-31": {
        "Tax Effect Of Unusual Items": NaN,
        "Tax Rate For Calcs": NaN,
        "Normalized EBITDA": NaN,
        "Total Unusual Items": NaN,
        "Total Unusual Items Excluding Goodwill": NaN,
        "Net Income From Continuing Operation Net Minority Interest": NaN,
        "Reconciled Depreciation": NaN,
        "Reconciled Cost Of Revenue": NaN,
        "EBITDA": NaN,
        "EBIT": NaN,
        "Net Interest Income": NaN,
        "Interest Income": NaN,
        "Normalized Income": NaN,
        "Net Income From Continuing And Discontinued Operation": NaN,
        "Total Expenses": NaN,
        "Total Operating Income As Reported": NaN,
        "Diluted Average Shares": 9467810.0,
        "Basic Average Shares": 9467810.0,
        "Diluted EPS": 0.46,
        "Basic EPS": 0.46,
        "Diluted NI Availto Com Stockholders": NaN,
        "Net Income Common Stockholders": NaN,
        "Net Income": NaN,
        "Net Income Including Noncontrolling Interests": NaN,
        "Net Income Continuous Operations": NaN,
        "Tax Provision": NaN,
        "Pretax Income": NaN,
        "Other Income Expense": NaN,
        "Special Income Charges": 0.0,
        "Earnings From Equity Interest": NaN,
        "Gain On Sale Of Security": NaN,
        "Net Non Operating Interest Income Expense": NaN,
        "Interest Income Non Operating": NaN,
        "Operating Income": NaN,
        "Operating Expense": NaN,
        "Other Operating Expenses": NaN,
        "Selling General And Administration": NaN,
        "Selling And Marketing Expense": NaN,
        "General And Administrative Expense": NaN,
        "Other Gand A": NaN,
        "Gross Profit": NaN,
        "Cost Of Revenue": NaN,
        "Total Revenue": NaN,
        "Operating Revenue": NaN
    },
    "2022-07-31": {
        "Tax Effect Of Unusual Items": 60240.0,
        "Tax Rate For Calcs": 0.24,
        "Normalized EBITDA": 2639000.0,
        "Total Unusual Items": 251000.0,
        "Total Unusual Items Excluding Goodwill": 251000.0,
        "Net Income From Continuing Operation Net Minority Interest": 4458000.0,
        "Reconciled Depreciation": 334000.0,
        "Reconciled Cost Of Revenue": 4047000.0,
        "EBITDA": 2890000.0,
        "EBIT": 2556000.0,
        "Net Interest Income": 43000.0,
        "Interest Income": 43000.0,
        "Normalized Income": 4267240.0,
        "Net Income From Continuing And Discontinued Operation": 4458000.0,
        "Total Expenses": 7388000.0,
        "Total Operating Income As Reported": 2556000.0,
        "Diluted Average Shares": 9484109.0,
        "Basic Average Shares": 9484109.0,
        "Diluted EPS": 0.47,
        "Basic EPS": 0.47,
        "Diluted NI Availto Com Stockholders": 4458000.0,
        "Net Income Common Stockholders": 4458000.0,
        "Net Income": 4458000.0,
        "Net Income Including Noncontrolling Interests": 4458000.0,
        "Net Income Continuous Operations": 4458000.0,
        "Tax Provision": 1407000.0,
        "Pretax Income": 5865000.0,
        "Other Income Expense": 3266000.0,
        "Special Income Charges": NaN,
        "Earnings From Equity Interest": 3015000.0,
        "Gain On Sale Of Security": 251000.0,
        "Net Non Operating Interest Income Expense": 43000.0,
        "Interest Income Non Operating": 43000.0,
        "Operating Income": 2556000.0,
        "Operating Expense": 3341000.0,
        "Selling General And Administration": 3341000.0,
        "Selling And Marketing Expense": 821000.0,
        "General And Administrative Expense": 2520000.0,
        "Other Gand A": 2520000.0,
        "Gross Profit": 5897000.0,
        "Cost Of Revenue": 4047000.0,
        "Total Revenue": 9944000.0,
        "Operating Revenue": 9944000.0
    },
    "2022-04-30": {
        "Diluted EPS": 0.4,
        "Total Revenue": 10,
        "Gross Profit": 10,
        "Operating Income": 3,
        "EBIT": 3,
        "Net Income": 4
    },
    "2022-01-31": {
        "Diluted EPS": 0.59,
        "Total Revenue": 10,
        "Gross Profit": 10,
        "Operating Income": 3,
        "EBIT": 3,
        "Net Income": 6
    },
    "2021-10-31": {
        "Diluted EPS": 0.89,
        "Total Revenue": 10,
        "Gross Profit": 10,
        "Operating Income": 3,
        "EBIT": 3,
        "Net Income": 9
    },
    "2021-07-31": {
        "Diluted EPS": 0.62,
        "Total Revenue": 10,
        "Gross Profit": 10,
        "Operating Income": 2,
        "EBIT": 3,
        "Net Income": 6
    },
    "2021-04-30": {
        "Diluted EPS": 0.64,
        "Total Revenue": 10,
        "Gross Profit": 10,
        "Operating Income": 1,
        "EBIT": 1,
        "Net Income": 6
    },
    "2021-01-31": {
        "Diluted EPS": 0.73,
        "Total Revenue": 10,
        "Gross Profit": 10,
        "Operating Income": 2,
        "EBIT": 3,
        "Net Income": 7
    },
    "2020-10-31": {
        "Diluted EPS": 0.51,
        "Total Revenue": 10,
        "Gross Profit": 10,
        "Operating Income": 2,
        "EBIT": 3,
        "Net Income": 5
    },
    "2020-07-31": {
        "Diluted EPS": 0.55,
        "Total Revenue": 10,
        "Gross Profit": 10,
        "Operating Income": 2,
        "EBIT": 3,
        "Net Income": 5
    },
    "2020-04-30": {
        "Diluted EPS": 0.22,
        "Total Revenue": 10,
        "Gross Profit": 10,
        "Operating Income": 1,
        "EBIT": 1,
        "Net Income": 2
    },
    "2020-01-31": {
        "Diluted EPS": 0.51,
        "Total Revenue": 11,
        "Gross Profit": 11,
        "Operating Income": 3,
        "EBIT": 3,
        "Net Income": 5
    },
    "2019-10-31": {
        "Diluted EPS": 0.44,
        "Total Revenue": 10,
        "Gross Profit": 10,
        "Operating Income": 3,
        "EBIT": 3,
        "Net Income": 4
    },
    "2019-07-31": {
        "Diluted EPS": 0.38,
        "Total Revenue": 10,
        "Gross Profit": 10,
        "Operating Income": 2,
        "EBIT": 2,
        "Net Income": 4
    },
    "2019-04-30": {
        "Diluted EPS": 0.33,
        "Total Revenue": 9,
        "Gross Profit": 9,
        "Operating Income": 1,
        "EBIT": 1,
        "Net Income": 3
    },
    "2019-01-31": {
        "Diluted EPS": 0.25,
        "Total Revenue": 9,
        "Gross Profit": 9,
        "Operating Income": 1,
        "EBIT": 1,
        "Net Income": 2
    },
    "2018-10-31": {
        "Diluted EPS": 0.34,
        "Total Revenue": 9,
        "Gross Profit": 9,
        "Operating Income": 2,
        "EBIT": 2,
        "Net Income": 3
    },
    "2018-07-31": {
        "Diluted EPS": 0.32,
        "Total Revenue": 9,
        "Gross Profit": 9,
        "Operating Income": 1,
        "EBIT": 1,
        "Net Income": 3
    },
    "2018-04-30": {
        "Diluted EPS": 0.15,
        "Total Revenue": 9,
        "Gross Profit": 9,
        "Operating Income": 0,
        "EBIT": 0,
        "Net Income": 1
    },
    "2018-01-31": {
        "Diluted EPS": 0.93,
        "Total Revenue": 9,
        "Gross Profit": 9,
        "Operating Income": 1,
        "EBIT": 1,
        "Net Income": 9
    },
    "2017-10-31": {
        "Diluted EPS": 0.21,
        "Total Revenue": 9,
        "Gross Profit": 9,
        "Operating Income": 1,
        "EBIT": 1,
        "Net Income": 2
    },
    "2017-07-31": {
        "Diluted EPS": 0.23,
        "Total Revenue": 9,
        "Gross Profit": 9,
        "Operating Income": 1,
        "EBIT": 1,
        "Net Income": 2
    },
    "2017-04-30": {
        "Diluted EPS": 0.12,
        "Total Revenue": 9,
        "Gross Profit": 9,
        "Operating Income": 0,
        "EBIT": 0,
        "Net Income": 1
    },
    "2017-01-31": {
        "Diluted EPS": 0.15,
        "Total Revenue": 9,
        "Gross Profit": 9,
        "Operating Income": 0,
        "EBIT": 1,
        "Net Income": 1
    },
    "2016-10-31": {
        "Diluted EPS": 0.15,
        "Total Revenue": 9,
        "Gross Profit": 9,
        "Operating Income": 0,
        "EBIT": 1,
        "Net Income": 1
    },
    "2016-07-31": {
        "Diluted EPS": 0.65,
        "Total Revenue": 17,
        "Gross Profit": 17,
        "Operating Income": 8,
        "EBIT": 10,
        "Net Income": 6
    },
    "2016-04-30": {
        "Diluted EPS": 0.13,
        "Total Revenue": 8,
        "Gross Profit": 8,
        "Operating Income": 0,
        "EBIT": 1,
        "Net Income": 1
    },
    "2016-01-31": {
        "Diluted EPS": 0.2,
        "Total Revenue": 9,
        "Gross Profit": 9,
        "Operating Income": 1,
        "EBIT": 1,
        "Net Income": 2
    },
    "2015-10-31": {
        "Diluted EPS": 0.2,
        "Total Revenue": 9,
        "Gross Profit": 9,
        "Operating Income": 1,
        "EBIT": 2,
        "Net Income": 2
    },
    "2015-07-31": {
        "Diluted EPS": 0.22,
        "Total Revenue": 9,
        "Gross Profit": 9,
        "Operating Income": 1,
        "EBIT": 2,
        "Net Income": 2
    },
    "2015-04-30": {
        "Diluted EPS": 0.11,
        "Total Revenue": 8,
        "Gross Profit": 8,
        "Operating Income": -1,
        "EBIT": 0,
        "Net Income": 1
    },
    "2015-01-31": {
        "Diluted EPS": 0.22,
        "Total Revenue": 9,
        "Gross Profit": 9,
        "Operating Income": 1,
        "EBIT": 2,
        "Net Income": 2
    },
    "2014-10-31": {
        "Diluted EPS": 0.2,
        "Total Revenue": 9,
        "Gross Profit": 9,
        "Operating Income": 1,
        "EBIT": 2,
        "Net Income": 2
    },
    "2014-07-31": {
        "Diluted EPS": 0.21,
        "Total Revenue": 9,
        "Gross Profit": 9,
        "Operating Income": 1,
        "EBIT": 2,
        "Net Income": 2
    },
    "2014-04-30": {
        "Diluted EPS": 0.17,
        "Total Revenue": 9,
        "Gross Profit": 9,
        "Operating Income": 0,
        "EBIT": 1,
        "Net Income": 2
    },
    "2014-01-31": {
        "Diluted EPS": 0.21,
        "Total Revenue": 9,
        "Gross Profit": 9,
        "Operating Income": 1,
        "EBIT": 2,
        "Net Income": 2
    },
    "2013-10-31": {
        "Diluted EPS": 0.16,
        "Total Revenue": 9,
        "Gross Profit": 9,
        "Operating Income": 1,
        "EBIT": 1,
        "Net Income": 2
    },
    "2013-07-31": {
        "Diluted EPS": 0.15,
        "Total Revenue": 9,
        "Gross Profit": 9,
        "Operating Income": 0,
        "EBIT": 1,
        "Net Income": 1
    },
    "2013-04-30": {
        "Diluted EPS": 0.15,
        "Total Revenue": 9,
        "Gross Profit": 9,
        "Operating Income": 1,
        "EBIT": 1,
        "Net Income": 2
    },
    "2013-01-31": {
        "Diluted EPS": 0.18,
        "Total Revenue": 9,
        "Gross Profit": 9,
        "Operating Income": 1,
        "EBIT": 1,
        "Net Income": 2
    },
    "2012-10-31": {
        "Diluted EPS": 0.16,
        "Total Revenue": 9,
        "Gross Profit": 9,
        "Operating Income": 1,
        "EBIT": 1,
        "Net Income": 2
    },
    "2012-07-31": {
        "Diluted EPS": 0.18,
        "Total Revenue": 9,
        "Gross Profit": 9,
        "Operating Income": 1,
        "EBIT": 2,
        "Net Income": 2
    },
    "2012-04-30": {
        "Diluted EPS": 0.11,
        "Total Revenue": 9,
        "Gross Profit": 9,
        "Operating Income": 0,
        "EBIT": 1,
        "Net Income": 1
    },
    "2012-01-31": {
        "Diluted EPS": 0.19,
        "Total Revenue": 9,
        "Gross Profit": 9,
        "Operating Income": 2,
        "EBIT": 2,
        "Net Income": 2
    },
    "2011-10-31": {
        "Diluted EPS": 0.19,
        "Total Revenue": 9,
        "Gross Profit": 9,
        "Operating Income": 2,
        "EBIT": 2,
        "Net Income": 2
    },
    "2011-07-31": {
        "Diluted EPS": 0.21,
        "Total Revenue": 9,
        "Gross Profit": 9,
        "Operating Income": 2,
        "EBIT": 2,
        "Net Income": 2
    },
    "2011-04-30": {
        "Diluted EPS": 0.3,
        "Total Revenue": 10,
        "Gross Profit": 10,
        "Operating Income": 3,
        "EBIT": 3,
        "Net Income": 3
    },
    "2011-01-31": {
        "Diluted EPS": 3.15,
        "Total Revenue": 12,
        "Gross Profit": 12,
        "Operating Income": 0,
        "EBIT": 0,
        "Net Income": 31
    },
    "2010-10-31": {
        "Diluted EPS": 0.11,
        "Total Revenue": 13,
        "Gross Profit": 13,
        "Operating Income": 2,
        "EBIT": 2,
        "Net Income": 1
    },
    "2010-07-31": {
        "Diluted EPS": 0.23,
        "Total Revenue": 14,
        "Gross Profit": 14,
        "Operating Income": 4,
        "EBIT": 4,
        "Net Income": 2
    },
    "2010-04-30": {
        "Diluted EPS": 0.25,
        "Total Revenue": 14,
        "Gross Profit": 14,
        "Operating Income": 3,
        "EBIT": 3,
        "Net Income": 2
    },
    "2010-01-31": {
        "Diluted EPS": 0.36,
        "Total Revenue": 15,
        "Gross Profit": 15,
        "Operating Income": 5,
        "EBIT": 5,
        "Net Income": 4
    },
    "2009-10-31": {
        "Diluted EPS": 0.23,
        "Total Revenue": 15,
        "Gross Profit": 15,
        "Operating Income": 3,
        "EBIT": 4,
        "Net Income": 2
    },
    "2009-07-31": {
        "Diluted EPS": -3.16,
        "Total Revenue": 15,
        "Gross Profit": 15,
        "Operating Income": -43,
        "EBIT": -42,
        "Net Income": -32
    },
    "2009-04-30": {
        "Diluted EPS": 0.36,
        "Total Revenue": 15,
        "Gross Profit": 15,
        "Operating Income": 6,
        "EBIT": 8,
        "Net Income": 4
    },
    "2009-01-31": {
        "Diluted EPS": 0.38,
        "Total Revenue": 16,
        "Gross Profit": 16,
        "Operating Income": 5,
        "EBIT": 5,
        "Net Income": 4
    },
    "2023-07-31": {
        "Tax Effect Of Unusual Items": NaN,
        "Tax Rate For Calcs": NaN,
        "Normalized EBITDA": NaN,
        "Total Unusual Items": NaN,
        "Total Unusual Items Excluding Goodwill": NaN,
        "Net Income From Continuing Operation Net Minority Interest": NaN,
        "Reconciled Depreciation": NaN,
        "Reconciled Cost Of Revenue": NaN,
        "EBITDA": NaN,
        "EBIT": NaN,
        "Net Interest Income": NaN,
        "Interest Income": NaN,
        "Normalized Income": NaN,
        "Net Income From Continuing And Discontinued Operation": NaN,
        "Total Expenses": NaN,
        "Total Operating Income As Reported": NaN,
        "Diluted Average Shares": NaN,
        "Basic Average Shares": NaN,
        "Diluted EPS": NaN,
        "Basic EPS": NaN,
        "Diluted NI Availto Com Stockholders": NaN,
        "Net Income Common Stockholders": NaN,
        "Net Income": NaN,
        "Net Income Including Noncontrolling Interests": NaN,
        "Net Income Continuous Operations": NaN,
        "Tax Provision": NaN,
        "Pretax Income": NaN,
        "Other Income Expense": NaN,
        "Earnings From Equity Interest": NaN,
        "Gain On Sale Of Security": NaN,
        "Net Non Operating Interest Income Expense": NaN,
        "Interest Income Non Operating": NaN,
        "Operating Income": NaN,
        "Operating Expense": NaN,
        "Other Operating Expenses": 1395000.0,
        "Selling General And Administration": NaN,
        "Selling And Marketing Expense": NaN,
        "General And Administrative Expense": NaN,
        "Other Gand A": NaN,
        "Gross Profit": NaN,
        "Cost Of Revenue": NaN,
        "Total Revenue": NaN,
        "Operating Revenue": NaN
    },
    "2023-10-31": {
        "Tax Effect Of Unusual Items": NaN,
        "Tax Rate For Calcs": NaN,
        "Normalized EBITDA": NaN,
        "Total Unusual Items": NaN,
        "Total Unusual Items Excluding Goodwill": NaN,
        "Net Income From Continuing Operation Net Minority Interest": NaN,
        "Reconciled Depreciation": NaN,
        "Reconciled Cost Of Revenue": NaN,
        "EBITDA": NaN,
        "EBIT": NaN,
        "Net Interest Income": NaN,
        "Interest Income": NaN,
        "Normalized Income": NaN,
        "Net Income From Continuing And Discontinued Operation": NaN,
        "Total Expenses": NaN,
        "Total Operating Income As Reported": NaN,
        "Diluted Average Shares": 9429169.0,
        "Basic Average Shares": 9429169.0,
        "Diluted EPS": 0.37,
        "Basic EPS": 0.37,
        "Diluted NI Availto Com Stockholders": NaN,
        "Net Income Common Stockholders": NaN,
        "Net Income": NaN,
        "Net Income Including Noncontrolling Interests": NaN,
        "Net Income Continuous Operations": NaN,
        "Tax Provision": NaN,
        "Pretax Income": NaN,
        "Other Income Expense": NaN,
        "Earnings From Equity Interest": NaN,
        "Gain On Sale Of Security": NaN,
        "Net Non Operating Interest Income Expense": NaN,
        "Interest Income Non Operating": NaN,
        "Operating Income": NaN,
        "Operating Expense": NaN,
        "Other Operating Expenses": 1480000.0,
        "Selling General And Administration": NaN,
        "Selling And Marketing Expense": NaN,
        "General And Administrative Expense": NaN,
        "Other Gand A": NaN,
        "Gross Profit": NaN,
        "Cost Of Revenue": NaN,
        "Total Revenue": NaN,
        "Operating Revenue": NaN
    },
    "2024-01-31": {
        "Tax Effect Of Unusual Items": NaN,
        "Tax Rate For Calcs": NaN,
        "Normalized EBITDA": NaN,
        "Total Unusual Items": NaN,
        "Total Unusual Items Excluding Goodwill": NaN,
        "Net Income From Continuing Operation Net Minority Interest": NaN,
        "Reconciled Depreciation": NaN,
        "Reconciled Cost Of Revenue": NaN,
        "EBITDA": NaN,
        "EBIT": NaN,
        "Net Interest Income": NaN,
        "Interest Income": NaN,
        "Normalized Income": NaN,
        "Net Income From Continuing And Discontinued Operation": NaN,
        "Total Expenses": NaN,
        "Total Operating Income As Reported": NaN,
        "Diluted Average Shares": 9426983.0,
        "Basic Average Shares": 9426983.0,
        "Diluted EPS": 0.62,
        "Basic EPS": 0.62,
        "Diluted NI Availto Com Stockholders": NaN,
        "Net Income Common Stockholders": NaN,
        "Net Income": NaN,
        "Net Income Including Noncontrolling Interests": NaN,
        "Net Income Continuous Operations": NaN,
        "Tax Provision": NaN,
        "Pretax Income": NaN,
        "Other Income Expense": NaN,
        "Earnings From Equity Interest": NaN,
        "Gain On Sale Of Security": NaN,
        "Net Non Operating Interest Income Expense": NaN,
        "Interest Income Non Operating": NaN,
        "Operating Income": NaN,
        "Operating Expense": NaN,
        "Other Operating Expenses": 1219000.0,
        "Selling General And Administration": NaN,
        "Selling And Marketing Expense": NaN,
        "General And Administrative Expense": NaN,
        "Other Gand A": NaN,
        "Gross Profit": NaN,
        "Cost Of Revenue": NaN,
        "Total Revenue": NaN,
        "Operating Revenue": NaN
    },
    "2024-04-30": {
        "Tax Effect Of Unusual Items": 140929.317763,
        "Tax Rate For Calcs": 0.264905,
        "Normalized EBITDA": 1311000.0,
        "Total Unusual Items": 532000.0,
        "Total Unusual Items Excluding Goodwill": 532000.0,
        "Net Income From Continuing Operation Net Minority Interest": 4784000.0,
        "Reconciled Depreciation": 355000.0,
        "Reconciled Cost Of Revenue": 3695000.0,
        "EBITDA": 1843000.0,
        "EBIT": 1488000.0,
        "Net Interest Income": 547000.0,
        "Interest Income": 547000.0,
        "Normalized Income": 4392929.317763,
        "Net Income From Continuing And Discontinued Operation": 4784000.0,
        "Total Expenses": 7515000.0,
        "Total Operating Income As Reported": 1488000.0,
        "Diluted Average Shares": NaN,
        "Basic Average Shares": NaN,
        "Diluted EPS": NaN,
        "Basic EPS": NaN,
        "Diluted NI Availto Com Stockholders": 4784000.0,
        "Net Income Common Stockholders": 4784000.0,
        "Net Income": 4784000.0,
        "Net Income Including Noncontrolling Interests": 4784000.0,
        "Net Income Continuous Operations": 4784000.0,
        "Tax Provision": 1724000.0,
        "Pretax Income": 6508000.0,
        "Other Income Expense": 4473000.0,
        "Earnings From Equity Interest": 3941000.0,
        "Gain On Sale Of Security": 532000.0,
        "Net Non Operating Interest Income Expense": 547000.0,
        "Interest Income Non Operating": 547000.0,
        "Operating Income": 1488000.0,
        "Operating Expense": 3820000.0,
        "Other Operating Expenses": NaN,
        "Selling General And Administration": 3820000.0,
        "Selling And Marketing Expense": 2177000.0,
        "General And Administrative Expense": 1643000.0,
        "Other Gand A": 1643000.0,
        "Gross Profit": 5308000.0,
        "Cost Of Revenue": 3695000.0,
        "Total Revenue": 9003000.0,
        "Operating Revenue": 9003000.0
    },
    "2024-07-31": {
        "Tax Effect Of Unusual Items": 285180.0,
        "Tax Rate For Calcs": 0.245,
        "Normalized EBITDA": 977000.0,
        "Total Unusual Items": 1164000.0,
        "Total Unusual Items Excluding Goodwill": 1164000.0,
        "Net Income From Continuing Operation Net Minority Interest": 5887000.0,
        "Reconciled Depreciation": 294000.0,
        "Reconciled Cost Of Revenue": 3543000.0,
        "EBITDA": 2141000.0,
        "EBIT": 1847000.0,
        "Net Interest Income": 545000.0,
        "Interest Income": 545000.0,
        "Normalized Income": 5008180.0,
        "Net Income From Continuing And Discontinued Operation": 5887000.0,
        "Total Expenses": 7037000.0,
        "Total Operating Income As Reported": 1847000.0,
        "Diluted Average Shares": 9419938.0,
        "Basic Average Shares": 9419938.0,
        "Diluted EPS": 0.62,
        "Basic EPS": 0.62,
        "Diluted NI Availto Com Stockholders": 5887000.0,
        "Net Income Common Stockholders": 5887000.0,
        "Net Income": 5887000.0,
        "Net Income Including Noncontrolling Interests": 5887000.0,
        "Net Income Continuous Operations": 5887000.0,
        "Tax Provision": 1910000.0,
        "Pretax Income": 7797000.0,
        "Other Income Expense": 5405000.0,
        "Earnings From Equity Interest": 4241000.0,
        "Gain On Sale Of Security": 1164000.0,
        "Net Non Operating Interest Income Expense": 545000.0,
        "Interest Income Non Operating": 545000.0,
        "Operating Income": 1847000.0,
        "Operating Expense": 3494000.0,
        "Other Operating Expenses": NaN,
        "Selling General And Administration": 3494000.0,
        "Selling And Marketing Expense": 2349000.0,
        "General And Administrative Expense": 1145000.0,
        "Other Gand A": 1145000.0,
        "Gross Profit": 5341000.0,
        "Cost Of Revenue": 3543000.0,
        "Total Revenue": 8884000.0,
        "Operating Revenue": 8884000.0
    },
    "2024-10-31": {
        "Tax Effect Of Unusual Items": 170386.904762,
        "Tax Rate For Calcs": 0.248016,
        "Normalized EBITDA": 1357000.0,
        "Total Unusual Items": 687000.0,
        "Total Unusual Items Excluding Goodwill": 687000.0,
        "Net Income From Continuing Operation Net Minority Interest": 5685000.0,
        "Reconciled Depreciation": 300000.0,
        "Reconciled Cost Of Revenue": 3575000.0,
        "EBITDA": 2044000.0,
        "EBIT": 1744000.0,
        "Net Interest Income": 499000.0,
        "Interest Income": 499000.0,
        "Normalized Income": 5168386.904762,
        "Net Income From Continuing And Discontinued Operation": 5685000.0,
        "Total Expenses": 7097000.0,
        "Total Operating Income As Reported": 1744000.0,
        "Diluted Average Shares": 9418074.0,
        "Basic Average Shares": 9418074.0,
        "Diluted EPS": 0.6,
        "Basic EPS": 0.6,
        "Diluted NI Availto Com Stockholders": 5685000.0,
        "Net Income Common Stockholders": 5685000.0,
        "Net Income": 5685000.0,
        "Net Income Including Noncontrolling Interests": 5685000.0,
        "Net Income Continuous Operations": 5685000.0,
        "Tax Provision": 1875000.0,
        "Pretax Income": 7560000.0,
        "Other Income Expense": 5317000.0,
        "Earnings From Equity Interest": 4630000.0,
        "Gain On Sale Of Security": 687000.0,
        "Net Non Operating Interest Income Expense": 499000.0,
        "Interest Income Non Operating": 499000.0,
        "Operating Income": 1744000.0,
        "Operating Expense": 3522000.0,
        "Other Operating Expenses": NaN,
        "Selling General And Administration": 3522000.0,
        "Selling And Marketing Expense": 2311000.0,
        "General And Administrative Expense": 1211000.0,
        "Other Gand A": 1211000.0,
        "Gross Profit": 5266000.0,
        "Cost Of Revenue": 3575000.0,
        "Total Revenue": 8841000.0,
        "Operating Revenue": 8841000.0
    },
    "2025-01-31": {
        "Tax Effect Of Unusual Items": 51979.26009,
        "Tax Rate For Calcs": 0.276485,
        "Normalized EBITDA": 1741000.0,
        "Total Unusual Items": 188000.0,
        "Total Unusual Items Excluding Goodwill": 188000.0,
        "Net Income From Continuing Operation Net Minority Interest": 5163000.0,
        "Reconciled Depreciation": 365000.0,
        "Reconciled Cost Of Revenue": 3623000.0,
        "EBITDA": 1929000.0,
        "EBIT": 1564000.0,
        "Net Interest Income": 474000.0,
        "Interest Income": 474000.0,
        "Normalized Income": 5026979.26009,
        "Net Income From Continuing And Discontinued Operation": 5163000.0,
        "Total Expenses": 7403000.0,
        "Total Operating Income As Reported": 1564000.0,
        "Diluted Average Shares": 9417821.0,
        "Basic Average Shares": 9417821.0,
        "Diluted EPS": 0.55,
        "Basic EPS": 0.55,
        "Diluted NI Availto Com Stockholders": 5163000.0,
        "Net Income Common Stockholders": 5163000.0,
        "Net Income": 5163000.0,
        "Net Income Including Noncontrolling Interests": 5163000.0,
        "Net Income Continuous Operations": 5163000.0,
        "Tax Provision": 1973000.0,
        "Pretax Income": 7136000.0,
        "Other Income Expense": 5098000.0,
        "Earnings From Equity Interest": 4910000.0,
        "Gain On Sale Of Security": 188000.0,
        "Net Non Operating Interest Income Expense": 474000.0,
        "Interest Income Non Operating": 474000.0,
        "Operating Income": 1564000.0,
        "Operating Expense": 3780000.0,
        "Other Operating Expenses": NaN,
        "Selling General And Administration": 3780000.0,
        "Selling And Marketing Expense": 2433000.0,
        "General And Administrative Expense": 1347000.0,
        "Other Gand A": 1347000.0,
        "Gross Profit": 5344000.0,
        "Cost Of Revenue": 3623000.0,
        "Total Revenue": 8967000.0,
        "Operating Revenue": 8967000.0
    },
    "2025-04-30": {
        "Tax Effect Of Unusual Items": -201449.881141,
        "Tax Rate For Calcs": 0.217314,
        "Normalized EBITDA": 2069000.0,
        "Total Unusual Items": -927000.0,
        "Total Unusual Items Excluding Goodwill": -927000.0,
        "Net Income From Continuing Operation Net Minority Interest": 3951000.0,
        "Reconciled Depreciation": 312000.0,
        "Reconciled Cost Of Revenue": 3714000.0,
        "EBITDA": 1142000.0,
        "EBIT": 830000.0,
        "Net Interest Income": 608000.0,
        "Interest Income": 608000.0,
        "Normalized Income": 4676550.118859,
        "Net Income From Continuing And Discontinued Operation": 3951000.0,
        "Total Expenses": 7557000.0,
        "Total Operating Income As Reported": 830000.0,
        "Diluted Average Shares": NaN,
        "Basic Average Shares": NaN,
        "Diluted EPS": NaN,
        "Basic EPS": NaN,
        "Diluted NI Availto Com Stockholders": 3951000.0,
        "Net Income Common Stockholders": 3951000.0,
        "Net Income": 3951000.0,
        "Net Income Including Noncontrolling Interests": 3951000.0,
        "Net Income Continuous Operations": 3951000.0,
        "Tax Provision": 1097000.0,
        "Pretax Income": 5048000.0,
        "Other Income Expense": 3610000.0,
        "Earnings From Equity Interest": 4537000.0,
        "Gain On Sale Of Security": -927000.0,
        "Net Non Operating Interest Income Expense": 608000.0,
        "Interest Income Non Operating": 608000.0,
        "Operating Income": 830000.0,
        "Operating Expense": 3843000.0,
        "Other Operating Expenses": NaN,
        "Selling General And Administration": 3843000.0,
        "Selling And Marketing Expense": 2691000.0,
        "General And Administrative Expense": 1152000.0,
        "Other Gand A": 1152000.0,
        "Gross Profit": 4673000.0,
        "Cost Of Revenue": 3714000.0,
        "Total Revenue": 8387000.0,
        "Operating Revenue": 8387000.0
    }
}