{
    "2023-03-31": {
        "Tax Effect Of Unusual Items": -134610.0,
        "Tax Rate For Calcs": 0.21,
        "Normalized EBITDA": -11861000.0,
        "Total Unusual Items": -641000.0,
        "Total Unusual Items Excluding Goodwill": -641000.0,
        "Net Income From Continuing Operation Net Minority Interest": -18090000.0,
        "Reconciled Depreciation": 1248000.0,
        "Reconciled Cost Of Revenue": 11519000.0,
        "EBITDA": -12502000.0,
        "EBIT": -13750000.0,
        "Net Interest Income": -4303000.0,
        "Interest Expense": 4331000.0,
        "Interest Income": 28000.0,
        "Normalized Income": -17583610.0,
        "Net Income From Continuing And Discontinued Operation": -18090000.0,
        "Total Expenses": 30868000.0,
        "Total Operating Income As Reported": -13624000.0,
        "Diluted Average Shares": 5076075.0,
        "Basic Average Shares": 5076075.0,
        "Diluted EPS": -3.6,
        "Basic EPS": -3.6,
        "Diluted NI Availto Com Stockholders": -18090000.0,
        "Net Income Common Stockholders": -18090000.0,
        "Net Income": -18090000.0,
        "Net Income Including Noncontrolling Interests": -18090000.0,
        "Net Income Continuous Operations": -18090000.0,
        "Tax Provision": 9000.0,
        "Pretax Income": -18081000.0,
        "Other Income Expense": -641000.0,
        "Special Income Charges": -487000.0,
        "Gain On Sale Of Ppe": -55000.0,
        "Other Special Charges": NaN,
        "Impairment Of Capital Assets": 432000.0,
        "Gain On Sale Of Security": -154000.0,
        "Net Non Operating Interest Income Expense": -4303000.0,
        "Interest Expense Non Operating": 4331000.0,
        "Interest Income Non Operating": 28000.0,
        "Operating Income": -13137000.0,
        "Operating Expense": 19349000.0,
        "Research And Development": 3987000.0,
        "Selling General And Administration": 15362000.0,
        "Selling And Marketing Expense": 9592000.0,
        "General And Administrative Expense": 5770000.0,
        "Other Gand A": 5770000.0,
        "Gross Profit": 6212000.0,
        "Cost Of Revenue": 11519000.0,
        "Total Revenue": 17731000.0,
        "Operating Revenue": 17731000.0
    },
    "2022-12-31": {
        "Tax Effect Of Unusual Items": -5271.488372,
        "Tax Rate For Calcs": 0.00293,
        "Normalized EBITDA": -15930000.0,
        "Total Unusual Items": -1799000.0,
        "Total Unusual Items Excluding Goodwill": -1799000.0,
        "Net Income From Continuing Operation Net Minority Interest": -21437000.0,
        "Reconciled Depreciation": 1174000.0,
        "Reconciled Cost Of Revenue": 13540000.0,
        "EBITDA": -17729000.0,
        "EBIT": -17729000.0,
        "Net Interest Income": -3745000.0,
        "Interest Expense": 3771000.0,
        "Interest Income": 26000.0,
        "Normalized Income": -19643271.488372,
        "Net Income From Continuing And Discontinued Operation": -21437000.0,
        "Total Expenses": 34619000.0,
        "Total Operating Income As Reported": -17704000.0,
        "Diluted Average Shares": 3416093.0,
        "Basic Average Shares": 3416093.0,
        "Diluted EPS": -6.24,
        "Basic EPS": -6.24,
        "Diluted NI Availto Com Stockholders": -21437000.0,
        "Net Income Common Stockholders": -21437000.0,
        "Net Income": -21437000.0,
        "Net Income Including Noncontrolling Interests": -21437000.0,
        "Net Income Continuous Operations": -21437000.0,
        "Tax Provision": -63000.0,
        "Pretax Income": -21500000.0,
        "Other Income Expense": -1799000.0,
        "Special Income Charges": -1748000.0,
        "Gain On Sale Of Ppe": -247000.0,
        "Other Special Charges": 0.0,
        "Impairment Of Capital Assets": 1501000.0,
        "Gain On Sale Of Security": -51000.0,
        "Net Non Operating Interest Income Expense": -3745000.0,
        "Interest Expense Non Operating": 3771000.0,
        "Interest Income Non Operating": 26000.0,
        "Operating Income": -15956000.0,
        "Operating Expense": 21079000.0,
        "Research And Development": 4561000.0,
        "Selling General And Administration": 16518000.0,
        "Selling And Marketing Expense": 9476000.0,
        "General And Administrative Expense": 7042000.0,
        "Other Gand A": 7042000.0,
        "Gross Profit": 5123000.0,
        "Cost Of Revenue": 13540000.0,
        "Total Revenue": 18663000.0,
        "Operating Revenue": 18663000.0
    },
    "2022-09-30": {
        "Tax Effect Of Unusual Items": -773.169522,
        "Tax Rate For Calcs": 0.000305,
        "Normalized EBITDA": -19133000.0,
        "Total Unusual Items": -2533000.0,
        "Total Unusual Items Excluding Goodwill": -2533000.0,
        "Net Income From Continuing Operation Net Minority Interest": -26201000.0,
        "Reconciled Depreciation": 1267000.0,
        "Reconciled Cost Of Revenue": 11682000.0,
        "EBITDA": -21666000.0,
        "EBIT": -22933000.0,
        "Net Interest Income": -3220000.0,
        "Interest Expense": 3276000.0,
        "Interest Income": 56000.0,
        "Normalized Income": -23668773.169522,
        "Net Income From Continuing And Discontinued Operation": -26201000.0,
        "Total Expenses": 34001000.0,
        "Total Operating Income As Reported": -22916000.0,
        "Diluted Average Shares": 3337072.0,
        "Basic Average Shares": 3337072.0,
        "Diluted EPS": -7.85,
        "Basic EPS": -7.85,
        "Diluted NI Availto Com Stockholders": -26201000.0,
        "Net Income Common Stockholders": -26201000.0,
        "Net Income": -26201000.0,
        "Net Income Including Noncontrolling Interests": -26201000.0,
        "Net Income Continuous Operations": -26201000.0,
        "Tax Provision": -8000.0,
        "Pretax Income": -26209000.0,
        "Other Income Expense": -2533000.0,
        "Special Income Charges": -2460000.0,
        "Gain On Sale Of Ppe": -321000.0,
        "Other Special Charges": NaN,
        "Impairment Of Capital Assets": 2139000.0,
        "Gain On Sale Of Security": -73000.0,
        "Net Non Operating Interest Income Expense": -3220000.0,
        "Interest Expense Non Operating": 3276000.0,
        "Interest Income Non Operating": 56000.0,
        "Operating Income": -20456000.0,
        "Operating Expense": 22319000.0,
        "Research And Development": 4382000.0,
        "Selling General And Administration": 17937000.0,
        "Selling And Marketing Expense": 11460000.0,
        "General And Administrative Expense": 6477000.0,
        "Other Gand A": 6477000.0,
        "Gross Profit": 1863000.0,
        "Cost Of Revenue": 11682000.0,
        "Total Revenue": 13545000.0,
        "Operating Revenue": 13545000.0
    },
    "2022-06-30": {
        "Tax Effect Of Unusual Items": -4399.550278,
        "Tax Rate For Calcs": 0.000234,
        "Normalized EBITDA": -19713000.0,
        "Total Unusual Items": -18783000.0,
        "Total Unusual Items Excluding Goodwill": -18783000.0,
        "Net Income From Continuing Operation Net Minority Interest": -42683000.0,
        "Reconciled Depreciation": 1348000.0,
        "Reconciled Cost Of Revenue": 10606000.0,
        "EBITDA": -38496000.0,
        "EBIT": -39844000.0,
        "Net Interest Income": -2809000.0,
        "Interest Expense": 2849000.0,
        "Interest Income": 40000.0,
        "Normalized Income": -23904399.550278,
        "Net Income From Continuing And Discontinued Operation": -42683000.0,
        "Total Expenses": 34072000.0,
        "Total Operating Income As Reported": -39838000.0,
        "Diluted Average Shares": 3321753.0,
        "Basic Average Shares": 3321753.0,
        "Diluted EPS": -12.88,
        "Basic EPS": -12.88,
        "Diluted NI Availto Com Stockholders": -42683000.0,
        "Net Income Common Stockholders": -42683000.0,
        "Net Income": -42683000.0,
        "Net Income Including Noncontrolling Interests": -42683000.0,
        "Net Income Continuous Operations": -42683000.0,
        "Tax Provision": -10000.0,
        "Pretax Income": -42693000.0,
        "Other Income Expense": -18783000.0,
        "Special Income Charges": -18737000.0,
        "Gain On Sale Of Ppe": NaN,
        "Other Special Charges": NaN,
        "Impairment Of Capital Assets": 18737000.0,
        "Gain On Sale Of Security": -46000.0,
        "Net Non Operating Interest Income Expense": -2809000.0,
        "Interest Expense Non Operating": 2849000.0,
        "Interest Income Non Operating": 40000.0,
        "Operating Income": -21101000.0,
        "Operating Expense": 23466000.0,
        "Research And Development": 6310000.0,
        "Selling General And Administration": 17156000.0,
        "Selling And Marketing Expense": 11833000.0,
        "General And Administrative Expense": 5323000.0,
        "Other Gand A": 5323000.0,
        "Gross Profit": 2365000.0,
        "Cost Of Revenue": 10606000.0,
        "Total Revenue": 12971000.0,
        "Operating Revenue": 12971000.0
    },
    "2022-03-31": {
        "Diluted EPS": -0.87,
        "Total Revenue": 22,
        "Gross Profit": 8,
        "Operating Income": -20,
        "EBIT": -18,
        "Net Income": -23
    },
    "2021-12-31": {
        "Diluted EPS": -0.72,
        "Total Revenue": 22,
        "Gross Profit": 8,
        "Operating Income": -18,
        "EBIT": -16,
        "Net Income": -19
    },
    "2021-09-30": {
        "Diluted EPS": -0.52,
        "Total Revenue": 38,
        "Gross Profit": 19,
        "Operating Income": -13,
        "EBIT": -12,
        "Net Income": -14
    },
    "2021-06-30": {
        "Diluted EPS": -0.67,
        "Total Revenue": 21,
        "Gross Profit": 9,
        "Operating Income": -17,
        "EBIT": -15,
        "Net Income": -17
    },
    "2021-03-31": {
        "Diluted EPS": -0.4,
        "Total Revenue": 32,
        "Gross Profit": 17,
        "Operating Income": -10,
        "EBIT": -8,
        "Net Income": -10
    },
    "2020-12-31": {
        "Diluted EPS": -0.66,
        "Total Revenue": 41,
        "Gross Profit": 21,
        "Operating Income": -12,
        "EBIT": -11,
        "Net Income": -17
    },
    "2020-09-30": {
        "Diluted EPS": -0.49,
        "Total Revenue": 31,
        "Gross Profit": 16,
        "Operating Income": -11,
        "EBIT": -10,
        "Net Income": -12
    },
    "2020-06-30": {
        "Diluted EPS": -0.35,
        "Total Revenue": 35,
        "Gross Profit": 18,
        "Operating Income": -7,
        "EBIT": -6,
        "Net Income": -8
    },
    "2020-03-31": {
        "Diluted EPS": -0.66,
        "Total Revenue": 19,
        "Gross Profit": 9,
        "Operating Income": -13,
        "EBIT": -12,
        "Net Income": -14
    },
    "2019-12-31": {
        "Diluted EPS": -0.57,
        "Total Revenue": 13,
        "Gross Profit": 6,
        "Operating Income": -13,
        "EBIT": -12,
        "Net Income": -12
    },
    "2019-09-30": {
        "Diluted EPS": -0.65,
        "Total Revenue": 11,
        "Gross Profit": 5,
        "Operating Income": -12,
        "EBIT": -11,
        "Net Income": -13
    },
    "2019-06-30": {
        "Diluted EPS": -0.76,
        "Total Revenue": 12,
        "Gross Profit": 5,
        "Operating Income": -12,
        "EBIT": -11,
        "Net Income": -13
    },
    "2019-03-31": {
        "Diluted EPS": -0.76,
        "Total Revenue": 12,
        "Gross Profit": 5,
        "Operating Income": -12,
        "EBIT": -11,
        "Net Income": -13
    },
    "2018-12-31": {
        "Diluted EPS": -1.39,
        "Total Revenue": 12,
        "Gross Profit": 5,
        "Operating Income": -11,
        "EBIT": -10,
        "Net Income": -13
    },
    "2018-09-30": {
        "Diluted EPS": -10.9,
        "Total Revenue": 9,
        "Gross Profit": 4,
        "Operating Income": -9,
        "EBIT": -8,
        "Net Income": -10
    },
    "2018-06-30": {
        "Diluted EPS": -13.39,
        "Total Revenue": 11,
        "Gross Profit": 4,
        "Operating Income": -9,
        "EBIT": -9,
        "Net Income": -11
    },
    "2018-03-31": {
        "Diluted EPS": -11.33,
        "Total Revenue": 11,
        "Gross Profit": 4,
        "Operating Income": -8,
        "EBIT": -8,
        "Net Income": -9
    },
    "2017-12-31": {
        "Diluted EPS": 0.0,
        "Total Revenue": NaN,
        "Gross Profit": NaN,
        "Operating Income": NaN,
        "EBIT": NaN,
        "Net Income": NaN
    },
    "2023-06-30": {
        "Tax Effect Of Unusual Items": 4400.0,
        "Tax Rate For Calcs": 0.4,
        "Normalized EBITDA": -8935000.0,
        "Total Unusual Items": 11000.0,
        "Total Unusual Items Excluding Goodwill": 11000.0,
        "Net Income From Continuing Operation Net Minority Interest": -14788000.0,
        "Reconciled Depreciation": 1197000.0,
        "Reconciled Cost Of Revenue": 9177000.0,
        "EBITDA": -8924000.0,
        "EBIT": -10121000.0,
        "Net Interest Income": -4616000.0,
        "Interest Expense": 4642000.0,
        "Interest Income": 26000.0,
        "Normalized Income": -14794600.0,
        "Net Income From Continuing And Discontinued Operation": -14788000.0,
        "Total Expenses": 26195000.0,
        "Total Operating Income As Reported": -10156000.0,
        "Diluted Average Shares": 6328222.0,
        "Basic Average Shares": 6328222.0,
        "Diluted EPS": -2.32,
        "Basic EPS": -2.32,
        "Diluted NI Availto Com Stockholders": -14788000.0,
        "Net Income Common Stockholders": -14788000.0,
        "Net Income": -14788000.0,
        "Net Income Including Noncontrolling Interests": -14788000.0,
        "Net Income Continuous Operations": -14788000.0,
        "Tax Provision": 25000.0,
        "Pretax Income": -14763000.0,
        "Other Income Expense": 11000.0,
        "Special Income Charges": 2000.0,
        "Gain On Sale Of Ppe": 2000.0,
        "Other Special Charges": NaN,
        "Impairment Of Capital Assets": 0.0,
        "Gain On Sale Of Security": 9000.0,
        "Net Non Operating Interest Income Expense": -4616000.0,
        "Interest Expense Non Operating": 4642000.0,
        "Interest Income Non Operating": 26000.0,
        "Operating Income": -10158000.0,
        "Operating Expense": 17018000.0,
        "Research And Development": 3723000.0,
        "Selling General And Administration": 13295000.0,
        "Selling And Marketing Expense": 8276000.0,
        "General And Administrative Expense": 5019000.0,
        "Other Gand A": 5019000.0,
        "Gross Profit": 6860000.0,
        "Cost Of Revenue": 9177000.0,
        "Total Revenue": 16037000.0,
        "Operating Revenue": 16037000.0
    },
    "2023-09-30": {
        "Tax Effect Of Unusual Items": -164640.0,
        "Tax Rate For Calcs": 0.21,
        "Normalized EBITDA": -9500000.0,
        "Total Unusual Items": -784000.0,
        "Total Unusual Items Excluding Goodwill": -784000.0,
        "Net Income From Continuing Operation Net Minority Interest": -15130000.0,
        "Reconciled Depreciation": 1242000.0,
        "Reconciled Cost Of Revenue": 9154000.0,
        "EBITDA": -10284000.0,
        "EBIT": -10284000.0,
        "Net Interest Income": -4812000.0,
        "Interest Expense": 4828000.0,
        "Interest Income": 16000.0,
        "Normalized Income": -14510640.0,
        "Net Income From Continuing And Discontinued Operation": -15130000.0,
        "Total Expenses": 24683000.0,
        "Total Operating Income As Reported": -10271000.0,
        "Diluted Average Shares": 6361098.0,
        "Basic Average Shares": 6361098.0,
        "Diluted EPS": -2.38,
        "Basic EPS": -2.38,
        "Diluted NI Availto Com Stockholders": -15130000.0,
        "Net Income Common Stockholders": -15130000.0,
        "Net Income": -15130000.0,
        "Net Income Including Noncontrolling Interests": -15130000.0,
        "Net Income Continuous Operations": -15130000.0,
        "Tax Provision": 18000.0,
        "Pretax Income": -15112000.0,
        "Other Income Expense": -784000.0,
        "Special Income Charges": -755000.0,
        "Gain On Sale Of Ppe": 0.0,
        "Other Special Charges": NaN,
        "Impairment Of Capital Assets": 755000.0,
        "Gain On Sale Of Security": -29000.0,
        "Net Non Operating Interest Income Expense": -4812000.0,
        "Interest Expense Non Operating": 4828000.0,
        "Interest Income Non Operating": 16000.0,
        "Operating Income": -9516000.0,
        "Operating Expense": 15529000.0,
        "Research And Development": 3132000.0,
        "Selling General And Administration": 12397000.0,
        "Selling And Marketing Expense": 7967000.0,
        "General And Administrative Expense": 4430000.0,
        "Other Gand A": 4430000.0,
        "Gross Profit": 6013000.0,
        "Cost Of Revenue": 9154000.0,
        "Total Revenue": 15167000.0,
        "Operating Revenue": 15167000.0
    }
}