{
    "2023-06-30": {
        "Tax Effect Of Unusual Items": 0.0,
        "Tax Rate For Calcs": 0.181097,
        "Net Income From Continuing Operation Net Minority Interest": 1239000.0,
        "Reconciled Depreciation": 145000.0,
        "Net Interest Income": 6124000.0,
        "Interest Expense": 1975000.0,
        "Interest Income": 8099000.0,
        "Normalized Income": 1239000.0,
        "Net Income From Continuing And Discontinued Operation": 1239000.0,
        "Diluted Average Shares": 1492771.0,
        "Basic Average Shares": 1492771.0,
        "Diluted EPS": 0.83,
        "Basic EPS": 0.83,
        "Diluted NI Availto Com Stockholders": 1239000.0,
        "Net Income Common Stockholders": 1239000.0,
        "Net Income": 1239000.0,
        "Net Income Including Noncontrolling Interests": 1239000.0,
        "Net Income Continuous Operations": 1239000.0,
        "Tax Provision": 274000.0,
        "Pretax Income": 1513000.0,
        "Gain On Sale Of Security": NaN,
        "Selling General And Administration": 3639000.0,
        "Selling And Marketing Expense": 140000.0,
        "General And Administrative Expense": 3499000.0,
        "Insurance And Claims": 84000.0,
        "Salaries And Wages": 3415000.0,
        "Total Revenue": 7345000.0,
        "Operating Revenue": 7345000.0,
        "Occupancy And Equipment": 587000.0,
        "Professional Expense And Contract Services Expense": 346000.0,
        "Other Non Interest Expense": 1260000.0
    },
    "2023-03-31": {
        "Tax Effect Of Unusual Items": 0.0,
        "Tax Rate For Calcs": 0.174,
        "Net Income From Continuing Operation Net Minority Interest": 1540000.0,
        "Reconciled Depreciation": 140000.0,
        "Net Interest Income": 6365000.0,
        "Interest Expense": 1218000.0,
        "Interest Income": 7583000.0,
        "Normalized Income": 1540000.0,
        "Net Income From Continuing And Discontinued Operation": 1540000.0,
        "Diluted Average Shares": 1484000.0,
        "Basic Average Shares": 1484000.0,
        "Diluted EPS": 1.04,
        "Basic EPS": 1.04,
        "Diluted NI Availto Com Stockholders": 1540000.0,
        "Net Income Common Stockholders": 1540000.0,
        "Net Income": 1540000.0,
        "Net Income Including Noncontrolling Interests": 1540000.0,
        "Net Income Continuous Operations": 1540000.0,
        "Tax Provision": 325000.0,
        "Pretax Income": 1865000.0,
        "Gain On Sale Of Security": NaN,
        "Selling General And Administration": 3609000.0,
        "Selling And Marketing Expense": 111000.0,
        "General And Administrative Expense": 3498000.0,
        "Other Gand A": NaN,
        "Insurance And Claims": 50000.0,
        "Salaries And Wages": 3448000.0,
        "Total Revenue": 7621000.0,
        "Operating Revenue": 7621000.0,
        "Occupancy And Equipment": 596000.0,
        "Professional Expense And Contract Services Expense": 372000.0,
        "Other Non Interest Expense": 1179000.0
    },
    "2022-12-31": {
        "Tax Effect Of Unusual Items": NaN,
        "Tax Rate For Calcs": NaN,
        "Net Income From Continuing Operation Net Minority Interest": NaN,
        "Reconciled Depreciation": NaN,
        "Net Interest Income": NaN,
        "Interest Expense": NaN,
        "Interest Income": NaN,
        "Normalized Income": NaN,
        "Net Income From Continuing And Discontinued Operation": NaN,
        "Diluted Average Shares": NaN,
        "Basic Average Shares": NaN,
        "Diluted EPS": NaN,
        "Basic EPS": NaN,
        "Diluted NI Availto Com Stockholders": NaN,
        "Net Income Common Stockholders": NaN,
        "Net Income": NaN,
        "Net Income Including Noncontrolling Interests": NaN,
        "Net Income Continuous Operations": NaN,
        "Tax Provision": NaN,
        "Pretax Income": NaN,
        "Gain On Sale Of Security": NaN,
        "Selling General And Administration": NaN,
        "Selling And Marketing Expense": NaN,
        "General And Administrative Expense": NaN,
        "Other Gand A": 38000.0,
        "Insurance And Claims": NaN,
        "Salaries And Wages": NaN,
        "Total Revenue": NaN,
        "Operating Revenue": NaN,
        "Occupancy And Equipment": NaN,
        "Professional Expense And Contract Services Expense": NaN,
        "Other Non Interest Expense": NaN
    },
    "2022-09-30": {
        "Tax Effect Of Unusual Items": NaN,
        "Tax Rate For Calcs": NaN,
        "Net Income From Continuing Operation Net Minority Interest": NaN,
        "Reconciled Depreciation": NaN,
        "Net Interest Income": NaN,
        "Interest Expense": NaN,
        "Interest Income": NaN,
        "Normalized Income": NaN,
        "Net Income From Continuing And Discontinued Operation": NaN,
        "Diluted Average Shares": NaN,
        "Basic Average Shares": NaN,
        "Diluted EPS": NaN,
        "Basic EPS": NaN,
        "Diluted NI Availto Com Stockholders": NaN,
        "Net Income Common Stockholders": NaN,
        "Net Income": NaN,
        "Net Income Including Noncontrolling Interests": NaN,
        "Net Income Continuous Operations": NaN,
        "Tax Provision": NaN,
        "Pretax Income": NaN,
        "Gain On Sale Of Security": 0.0,
        "Selling General And Administration": NaN,
        "Selling And Marketing Expense": NaN,
        "General And Administrative Expense": NaN,
        "Other Gand A": 46000.0,
        "Insurance And Claims": NaN,
        "Salaries And Wages": NaN,
        "Total Revenue": NaN,
        "Operating Revenue": NaN
    },
    "2022-06-30": {
        "Tax Effect Of Unusual Items": 0.0,
        "Tax Rate For Calcs": 0.202186,
        "Net Income From Continuing Operation Net Minority Interest": 2190000.0,
        "Reconciled Depreciation": 138000.0,
        "Net Interest Income": 6321000.0,
        "Interest Expense": 410000.0,
        "Interest Income": 6731000.0,
        "Normalized Income": 2190000.0,
        "Net Income From Continuing And Discontinued Operation": 2190000.0,
        "Diluted Average Shares": 1479730.0,
        "Basic Average Shares": 1479730.0,
        "Diluted EPS": 1.48,
        "Basic EPS": 1.48,
        "Diluted NI Availto Com Stockholders": 2190000.0,
        "Net Income Common Stockholders": 2190000.0,
        "Net Income": 2190000.0,
        "Net Income Including Noncontrolling Interests": 2190000.0,
        "Net Income Continuous Operations": 2190000.0,
        "Tax Provision": 555000.0,
        "Pretax Income": 2745000.0,
        "Selling General And Administration": 3615000.0,
        "Selling And Marketing Expense": 92000.0,
        "General And Administrative Expense": 3523000.0,
        "Other Gand A": 36000.0,
        "Insurance And Claims": 64000.0,
        "Salaries And Wages": 3423000.0,
        "Total Revenue": 8259000.0,
        "Operating Revenue": 8259000.0
    },
    "2022-03-31": {
        "Diluted EPS": 1.24,
        "Total Revenue": 8,
        "Gross Profit": 7,
        "Operating Income": 2,
        "EBIT": NaN,
        "Net Income": 2
    },
    "2021-12-31": {
        "Diluted EPS": 1.61,
        "Total Revenue": 9,
        "Gross Profit": 9,
        "Operating Income": 3,
        "EBIT": NaN,
        "Net Income": 2
    },
    "2021-09-30": {
        "Diluted EPS": 1.97,
        "Total Revenue": 10,
        "Gross Profit": 9,
        "Operating Income": 4,
        "EBIT": NaN,
        "Net Income": 3
    },
    "2021-06-30": {
        "Diluted EPS": 2.24,
        "Total Revenue": 10,
        "Gross Profit": 9,
        "Operating Income": 4,
        "EBIT": NaN,
        "Net Income": 3
    },
    "2021-03-31": {
        "Diluted EPS": 2.66,
        "Total Revenue": 11,
        "Gross Profit": 11,
        "Operating Income": 5,
        "EBIT": NaN,
        "Net Income": 4
    },
    "2020-12-31": {
        "Diluted EPS": 2.08,
        "Total Revenue": 11,
        "Gross Profit": 10,
        "Operating Income": 4,
        "EBIT": NaN,
        "Net Income": 3
    },
    "2020-09-30": {
        "Diluted EPS": 1.55,
        "Total Revenue": 10,
        "Gross Profit": 9,
        "Operating Income": 3,
        "EBIT": NaN,
        "Net Income": 2
    },
    "2020-06-30": {
        "Diluted EPS": 1.61,
        "Total Revenue": 9,
        "Gross Profit": 8,
        "Operating Income": 3,
        "EBIT": NaN,
        "Net Income": 2
    },
    "2020-03-31": {
        "Diluted EPS": 0.62,
        "Total Revenue": 8,
        "Gross Profit": 6,
        "Operating Income": 1,
        "EBIT": NaN,
        "Net Income": 1
    },
    "2019-12-31": {
        "Diluted EPS": 0.91,
        "Total Revenue": 8,
        "Gross Profit": 7,
        "Operating Income": 2,
        "EBIT": NaN,
        "Net Income": 1
    },
    "2019-09-30": {
        "Diluted EPS": 1.19,
        "Total Revenue": 8,
        "Gross Profit": 7,
        "Operating Income": 2,
        "EBIT": NaN,
        "Net Income": 2
    },
    "2019-06-30": {
        "Diluted EPS": 0.44,
        "Total Revenue": 8,
        "Gross Profit": 7,
        "Operating Income": 1,
        "EBIT": NaN,
        "Net Income": 1
    },
    "2019-03-31": {
        "Diluted EPS": 0.56,
        "Total Revenue": 7,
        "Gross Profit": 6,
        "Operating Income": 1,
        "EBIT": NaN,
        "Net Income": 1
    },
    "2018-12-31": {
        "Diluted EPS": 0.59,
        "Total Revenue": 7,
        "Gross Profit": 6,
        "Operating Income": 1,
        "EBIT": NaN,
        "Net Income": 1
    },
    "2018-09-30": {
        "Diluted EPS": 0.79,
        "Total Revenue": 7,
        "Gross Profit": 6,
        "Operating Income": 1,
        "EBIT": NaN,
        "Net Income": 1
    },
    "2018-06-30": {
        "Diluted EPS": 0.45,
        "Total Revenue": 7,
        "Gross Profit": 6,
        "Operating Income": 1,
        "EBIT": NaN,
        "Net Income": 1
    },
    "2018-03-31": {
        "Diluted EPS": 0.21,
        "Total Revenue": 6,
        "Gross Profit": 5,
        "Operating Income": 0,
        "EBIT": NaN,
        "Net Income": 0
    },
    "2017-12-31": {
        "Diluted EPS": -2.93,
        "Total Revenue": 6,
        "Gross Profit": 5,
        "Operating Income": 0,
        "EBIT": NaN,
        "Net Income": -4
    },
    "2017-09-30": {
        "Diluted EPS": 0.11,
        "Total Revenue": 6,
        "Gross Profit": 5,
        "Operating Income": 0,
        "EBIT": NaN,
        "Net Income": 0
    },
    "2017-06-30": {
        "Diluted EPS": 0.09,
        "Total Revenue": 6,
        "Gross Profit": 5,
        "Operating Income": 0,
        "EBIT": NaN,
        "Net Income": 0
    },
    "2017-03-31": {
        "Diluted EPS": 0.18,
        "Total Revenue": 6,
        "Gross Profit": 5,
        "Operating Income": 1,
        "EBIT": NaN,
        "Net Income": 0
    },
    "2016-12-31": {
        "Diluted EPS": 0.28,
        "Total Revenue": 7,
        "Gross Profit": 6,
        "Operating Income": 1,
        "EBIT": NaN,
        "Net Income": 0
    },
    "2016-09-30": {
        "Diluted EPS": 8.21,
        "Total Revenue": 7,
        "Gross Profit": 6,
        "Operating Income": 1,
        "EBIT": NaN,
        "Net Income": 12
    },
    "2016-06-30": {
        "Diluted EPS": 0.34,
        "Total Revenue": 7,
        "Gross Profit": 6,
        "Operating Income": 1,
        "EBIT": NaN,
        "Net Income": 0
    },
    "2016-03-31": {
        "Diluted EPS": 0.16,
        "Total Revenue": 6,
        "Gross Profit": 5,
        "Operating Income": 0,
        "EBIT": NaN,
        "Net Income": 0
    },
    "2015-12-31": {
        "Diluted EPS": -10.06,
        "Total Revenue": 6,
        "Gross Profit": 5,
        "Operating Income": 0,
        "EBIT": NaN,
        "Net Income": 0
    },
    "2015-09-30": {
        "Diluted EPS": 0.21,
        "Total Revenue": 7,
        "Gross Profit": 6,
        "Operating Income": 0,
        "EBIT": NaN,
        "Net Income": 0
    },
    "2015-06-30": {
        "Diluted EPS": -0.06,
        "Total Revenue": 7,
        "Gross Profit": 6,
        "Operating Income": 1,
        "EBIT": NaN,
        "Net Income": 0
    },
    "2015-03-31": {
        "Diluted EPS": 15.4,
        "Total Revenue": 6,
        "Gross Profit": 5,
        "Operating Income": 0,
        "EBIT": NaN,
        "Net Income": 6
    },
    "2014-12-31": {
        "Diluted EPS": -2.11,
        "Total Revenue": 6,
        "Gross Profit": 5,
        "Operating Income": 0,
        "EBIT": NaN,
        "Net Income": -1
    },
    "2014-09-30": {
        "Diluted EPS": -1.23,
        "Total Revenue": 6,
        "Gross Profit": 6,
        "Operating Income": 0,
        "EBIT": NaN,
        "Net Income": 0
    },
    "2014-06-30": {
        "Diluted EPS": -1.14,
        "Total Revenue": 6,
        "Gross Profit": 6,
        "Operating Income": 0,
        "EBIT": NaN,
        "Net Income": 0
    },
    "2014-03-31": {
        "Diluted EPS": -2.91,
        "Total Revenue": 6,
        "Gross Profit": 5,
        "Operating Income": -1,
        "EBIT": NaN,
        "Net Income": -1
    },
    "2013-12-31": {
        "Diluted EPS": -14.94,
        "Total Revenue": 7,
        "Gross Profit": 6,
        "Operating Income": -4,
        "EBIT": NaN,
        "Net Income": -4
    },
    "2013-09-30": {
        "Diluted EPS": -1.84,
        "Total Revenue": 8,
        "Gross Profit": 7,
        "Operating Income": 0,
        "EBIT": NaN,
        "Net Income": 0
    },
    "2013-06-30": {
        "Diluted EPS": 1.44,
        "Total Revenue": 8,
        "Gross Profit": 7,
        "Operating Income": 1,
        "EBIT": NaN,
        "Net Income": 0
    },
    "2013-03-31": {
        "Diluted EPS": -2.72,
        "Total Revenue": 9,
        "Gross Profit": 8,
        "Operating Income": -1,
        "EBIT": NaN,
        "Net Income": -1
    },
    "2012-12-31": {
        "Diluted EPS": 3.2,
        "Total Revenue": 10,
        "Gross Profit": 8,
        "Operating Income": 2,
        "EBIT": NaN,
        "Net Income": 1
    },
    "2012-09-30": {
        "Diluted EPS": -2.24,
        "Total Revenue": 10,
        "Gross Profit": 8,
        "Operating Income": 0,
        "EBIT": NaN,
        "Net Income": -1
    },
    "2012-06-30": {
        "Diluted EPS": -37.28,
        "Total Revenue": 9,
        "Gross Profit": 7,
        "Operating Income": -6,
        "EBIT": NaN,
        "Net Income": -10
    },
    "2012-03-31": {
        "Diluted EPS": -6.08,
        "Total Revenue": 9,
        "Gross Profit": 7,
        "Operating Income": -1,
        "EBIT": NaN,
        "Net Income": -2
    },
    "2011-12-31": {
        "Diluted EPS": -26.88,
        "Total Revenue": 10,
        "Gross Profit": 8,
        "Operating Income": -4,
        "EBIT": NaN,
        "Net Income": -7
    },
    "2011-09-30": {
        "Diluted EPS": -20.64,
        "Total Revenue": 10,
        "Gross Profit": 8,
        "Operating Income": -8,
        "EBIT": NaN,
        "Net Income": -5
    },
    "2011-06-30": {
        "Diluted EPS": 0.16,
        "Total Revenue": 10,
        "Gross Profit": 7,
        "Operating Income": 0,
        "EBIT": NaN,
        "Net Income": 0
    },
    "2011-03-31": {
        "Diluted EPS": -0.48,
        "Total Revenue": 9,
        "Gross Profit": 7,
        "Operating Income": 0,
        "EBIT": NaN,
        "Net Income": 0
    },
    "2010-12-31": {
        "Diluted EPS": -0.32,
        "Total Revenue": 11,
        "Gross Profit": 8,
        "Operating Income": 0,
        "EBIT": NaN,
        "Net Income": 0
    },
    "2010-09-30": {
        "Diluted EPS": 0.48,
        "Total Revenue": 10,
        "Gross Profit": 8,
        "Operating Income": 1,
        "EBIT": NaN,
        "Net Income": 0
    },
    "2010-06-30": {
        "Diluted EPS": 0.96,
        "Total Revenue": 11,
        "Gross Profit": 8,
        "Operating Income": 1,
        "EBIT": NaN,
        "Net Income": 0
    },
    "2010-03-31": {
        "Diluted EPS": 0.96,
        "Total Revenue": 10,
        "Gross Profit": 7,
        "Operating Income": 1,
        "EBIT": NaN,
        "Net Income": 0
    },
    "2009-12-31": {
        "Diluted EPS": -31.04,
        "Total Revenue": 10,
        "Gross Profit": 7,
        "Operating Income": -2,
        "EBIT": NaN,
        "Net Income": -8
    },
    "2009-09-30": {
        "Diluted EPS": -11.36,
        "Total Revenue": 11,
        "Gross Profit": 7,
        "Operating Income": -4,
        "EBIT": NaN,
        "Net Income": -3
    },
    "2009-06-30": {
        "Diluted EPS": -7.2,
        "Total Revenue": 10,
        "Gross Profit": 6,
        "Operating Income": -3,
        "EBIT": NaN,
        "Net Income": -2
    },
    "2009-03-31": {
        "Diluted EPS": -0.32,
        "Total Revenue": 10,
        "Gross Profit": 5,
        "Operating Income": 0,
        "EBIT": NaN,
        "Net Income": 0
    },
    "2023-09-30": {
        "Tax Effect Of Unusual Items": 0.0,
        "Tax Rate For Calcs": 0.228,
        "Net Income From Continuing Operation Net Minority Interest": -2553000.0,
        "Reconciled Depreciation": 160000.0,
        "Net Interest Income": 6114000.0,
        "Interest Expense": 2348000.0,
        "Interest Income": 8462000.0,
        "Normalized Income": -2553000.0,
        "Net Income From Continuing And Discontinued Operation": -2553000.0,
        "Diluted Average Shares": 1484302.0,
        "Basic Average Shares": 1484302.0,
        "Diluted EPS": -1.72,
        "Basic EPS": -1.72,
        "Diluted NI Availto Com Stockholders": -2553000.0,
        "Net Income Common Stockholders": -2553000.0,
        "Net Income": -2553000.0,
        "Net Income Including Noncontrolling Interests": -2553000.0,
        "Net Income Continuous Operations": -2553000.0,
        "Tax Provision": -754000.0,
        "Pretax Income": -3307000.0,
        "Gain On Sale Of Security": -4986000.0,
        "Selling General And Administration": 3480000.0,
        "Selling And Marketing Expense": 89000.0,
        "General And Administrative Expense": 3391000.0,
        "Insurance And Claims": 81000.0,
        "Salaries And Wages": 3310000.0,
        "Total Revenue": 2445000.0,
        "Operating Revenue": 2445000.0,
        "Occupancy And Equipment": 602000.0,
        "Professional Expense And Contract Services Expense": 341000.0,
        "Other Non Interest Expense": 1329000.0
    },
    "2023-12-31": {
        "Tax Effect Of Unusual Items": 0.0,
        "Tax Rate For Calcs": 0.191977,
        "Net Income From Continuing Operation Net Minority Interest": 1692000.0,
        "Reconciled Depreciation": 159000.0,
        "Net Interest Income": 6685000.0,
        "Interest Expense": 2445000.0,
        "Interest Income": 9130000.0,
        "Normalized Income": 1692000.0,
        "Net Income From Continuing And Discontinued Operation": 1692000.0,
        "Diluted Average Shares": 1492879.0,
        "Basic Average Shares": 1492879.0,
        "Diluted EPS": 1.14,
        "Basic EPS": 1.14,
        "Diluted NI Availto Com Stockholders": 1692000.0,
        "Net Income Common Stockholders": 1692000.0,
        "Net Income": 1692000.0,
        "Net Income Including Noncontrolling Interests": 1692000.0,
        "Net Income Continuous Operations": 1692000.0,
        "Tax Provision": 402000.0,
        "Pretax Income": 2094000.0,
        "Gain On Sale Of Security": 0.0,
        "Selling General And Administration": 3363000.0,
        "Selling And Marketing Expense": 64000.0,
        "General And Administrative Expense": 3299000.0,
        "Insurance And Claims": 83000.0,
        "Salaries And Wages": 3216000.0,
        "Total Revenue": 7840000.0,
        "Operating Revenue": 7840000.0,
        "Occupancy And Equipment": 568000.0,
        "Professional Expense And Contract Services Expense": -945000.0,
        "Other Non Interest Expense": 2710000.0
    },
    "2024-03-31": {
        "Tax Effect Of Unusual Items": 0.0,
        "Tax Rate For Calcs": 0.202,
        "Net Income From Continuing Operation Net Minority Interest": 1772000.0,
        "Reconciled Depreciation": 163000.0,
        "Net Interest Income": 6396000.0,
        "Interest Expense": 2939000.0,
        "Interest Income": 9335000.0,
        "Normalized Income": 1772000.0,
        "Net Income From Continuing And Discontinued Operation": 1772000.0,
        "Diluted Average Shares": 1493000.0,
        "Basic Average Shares": 1493000.0,
        "Diluted EPS": 1.19,
        "Basic EPS": 1.19,
        "Diluted NI Availto Com Stockholders": 1772000.0,
        "Net Income Common Stockholders": 1772000.0,
        "Net Income": 1772000.0,
        "Net Income Including Noncontrolling Interests": 1772000.0,
        "Net Income Continuous Operations": 1772000.0,
        "Tax Provision": 449000.0,
        "Pretax Income": 2221000.0,
        "Gain On Sale Of Security": NaN,
        "Selling General And Administration": 3639000.0,
        "Selling And Marketing Expense": 83000.0,
        "General And Administrative Expense": 3556000.0,
        "Insurance And Claims": 92000.0,
        "Salaries And Wages": 3464000.0,
        "Total Revenue": 8000000.0,
        "Operating Revenue": 8000000.0,
        "Occupancy And Equipment": 610000.0,
        "Professional Expense And Contract Services Expense": 418000.0,
        "Other Non Interest Expense": 962000.0
    },
    "2024-06-30": {
        "Tax Effect Of Unusual Items": 0.0,
        "Tax Rate For Calcs": 0.198,
        "Net Income From Continuing Operation Net Minority Interest": 1653000.0,
        "Reconciled Depreciation": 165000.0,
        "Net Interest Income": 6610000.0,
        "Interest Expense": 3259000.0,
        "Interest Income": 9869000.0,
        "Normalized Income": 1653000.0,
        "Net Income From Continuing And Discontinued Operation": 1653000.0,
        "Diluted Average Shares": 1495000.0,
        "Basic Average Shares": 1495000.0,
        "Diluted EPS": 1.11,
        "Basic EPS": 1.11,
        "Diluted NI Availto Com Stockholders": 1653000.0,
        "Net Income Common Stockholders": 1653000.0,
        "Net Income": 1653000.0,
        "Net Income Including Noncontrolling Interests": 1653000.0,
        "Net Income Continuous Operations": 1653000.0,
        "Tax Provision": 409000.0,
        "Pretax Income": 2062000.0,
        "Gain On Sale Of Security": NaN,
        "Selling General And Administration": 3662000.0,
        "Selling And Marketing Expense": 95000.0,
        "General And Administrative Expense": 3567000.0,
        "Insurance And Claims": 82000.0,
        "Salaries And Wages": 3485000.0,
        "Total Revenue": 8001000.0,
        "Operating Revenue": 8001000.0,
        "Occupancy And Equipment": 612000.0,
        "Professional Expense And Contract Services Expense": 411000.0,
        "Other Non Interest Expense": 1254000.0
    },
    "2024-09-30": {
        "Tax Effect Of Unusual Items": 0.0,
        "Tax Rate For Calcs": 0.194,
        "Net Income From Continuing Operation Net Minority Interest": 2106000.0,
        "Reconciled Depreciation": 166000.0,
        "Net Interest Income": 7071000.0,
        "Interest Expense": 3265000.0,
        "Interest Income": 10336000.0,
        "Normalized Income": 2106000.0,
        "Net Income From Continuing And Discontinued Operation": 2106000.0,
        "Diluted Average Shares": 1495000.0,
        "Basic Average Shares": 1495000.0,
        "Diluted EPS": 1.41,
        "Basic EPS": 1.41,
        "Diluted NI Availto Com Stockholders": 2106000.0,
        "Net Income Common Stockholders": 2106000.0,
        "Net Income": 2106000.0,
        "Net Income Including Noncontrolling Interests": 2106000.0,
        "Net Income Continuous Operations": 2106000.0,
        "Tax Provision": 508000.0,
        "Pretax Income": 2614000.0,
        "Gain On Sale Of Security": 0.0,
        "Selling General And Administration": 3706000.0,
        "Selling And Marketing Expense": 98000.0,
        "General And Administrative Expense": 3608000.0,
        "Insurance And Claims": 82000.0,
        "Salaries And Wages": 3526000.0,
        "Total Revenue": 8458000.0,
        "Operating Revenue": 8458000.0,
        "Occupancy And Equipment": 639000.0,
        "Professional Expense And Contract Services Expense": 420000.0,
        "Other Non Interest Expense": 1079000.0
    }
}