{
    "2023-06-30": {
        "Tax Effect Of Unusual Items": NaN,
        "Tax Rate For Calcs": NaN,
        "Total Unusual Items": 0.0,
        "Total Unusual Items Excluding Goodwill": 0.0,
        "Net Income From Continuing Operation Net Minority Interest": NaN,
        "Reconciled Depreciation": NaN,
        "Net Interest Income": NaN,
        "Interest Expense": NaN,
        "Interest Income": NaN,
        "Normalized Income": NaN,
        "Net Income From Continuing And Discontinued Operation": NaN,
        "Diluted Average Shares": NaN,
        "Basic Average Shares": NaN,
        "Diluted EPS": NaN,
        "Basic EPS": NaN,
        "Diluted NI Availto Com Stockholders": NaN,
        "Net Income Common Stockholders": NaN,
        "Net Income": NaN,
        "Net Income Including Noncontrolling Interests": NaN,
        "Net Income Continuous Operations": NaN,
        "Tax Provision": NaN,
        "Pretax Income": NaN,
        "Special Income Charges": 0.0,
        "Restructuring And Mergern Acquisition": 0.0,
        "Gain On Sale Of Security": NaN,
        "Depreciation Amortization Depletion Income Statement": NaN,
        "Depreciation And Amortization In Income Statement": NaN,
        "Amortization": NaN,
        "Amortization Of Intangibles Income Statement": NaN,
        "Selling General And Administration": NaN,
        "Selling And Marketing Expense": NaN,
        "General And Administrative Expense": NaN,
        "Salaries And Wages": NaN,
        "Total Revenue": NaN,
        "Operating Revenue": NaN,
        "Occupancy And Equipment": NaN,
        "Professional Expense And Contract Services Expense": NaN,
        "Other Non Interest Expense": NaN
    },
    "2023-03-31": {
        "Tax Effect Of Unusual Items": NaN,
        "Tax Rate For Calcs": NaN,
        "Total Unusual Items": 0.0,
        "Total Unusual Items Excluding Goodwill": 0.0,
        "Net Income From Continuing Operation Net Minority Interest": NaN,
        "Reconciled Depreciation": NaN,
        "Net Interest Income": NaN,
        "Interest Expense": NaN,
        "Interest Income": NaN,
        "Normalized Income": NaN,
        "Net Income From Continuing And Discontinued Operation": NaN,
        "Diluted Average Shares": NaN,
        "Basic Average Shares": NaN,
        "Diluted EPS": NaN,
        "Basic EPS": NaN,
        "Diluted NI Availto Com Stockholders": NaN,
        "Net Income Common Stockholders": NaN,
        "Net Income": NaN,
        "Net Income Including Noncontrolling Interests": NaN,
        "Net Income Continuous Operations": NaN,
        "Tax Provision": NaN,
        "Pretax Income": NaN,
        "Special Income Charges": 0.0,
        "Restructuring And Mergern Acquisition": 0.0,
        "Gain On Sale Of Security": NaN,
        "Depreciation Amortization Depletion Income Statement": NaN,
        "Depreciation And Amortization In Income Statement": NaN,
        "Amortization": NaN,
        "Amortization Of Intangibles Income Statement": NaN,
        "Selling General And Administration": NaN,
        "Selling And Marketing Expense": NaN,
        "General And Administrative Expense": NaN,
        "Salaries And Wages": NaN,
        "Total Revenue": NaN,
        "Operating Revenue": NaN,
        "Occupancy And Equipment": NaN,
        "Professional Expense And Contract Services Expense": NaN,
        "Other Non Interest Expense": NaN
    },
    "2022-12-31": {
        "Tax Effect Of Unusual Items": NaN,
        "Tax Rate For Calcs": NaN,
        "Total Unusual Items": 0.0,
        "Total Unusual Items Excluding Goodwill": 0.0,
        "Net Income From Continuing Operation Net Minority Interest": NaN,
        "Reconciled Depreciation": NaN,
        "Net Interest Income": NaN,
        "Interest Expense": NaN,
        "Interest Income": NaN,
        "Normalized Income": NaN,
        "Net Income From Continuing And Discontinued Operation": NaN,
        "Diluted Average Shares": NaN,
        "Basic Average Shares": NaN,
        "Diluted EPS": NaN,
        "Basic EPS": NaN,
        "Diluted NI Availto Com Stockholders": NaN,
        "Net Income Common Stockholders": NaN,
        "Net Income": NaN,
        "Net Income Including Noncontrolling Interests": NaN,
        "Net Income Continuous Operations": NaN,
        "Tax Provision": NaN,
        "Pretax Income": NaN,
        "Special Income Charges": 0.0,
        "Restructuring And Mergern Acquisition": 0.0,
        "Gain On Sale Of Security": NaN,
        "Depreciation Amortization Depletion Income Statement": NaN,
        "Depreciation And Amortization In Income Statement": NaN,
        "Amortization": NaN,
        "Amortization Of Intangibles Income Statement": NaN,
        "Selling General And Administration": NaN,
        "Selling And Marketing Expense": NaN,
        "General And Administrative Expense": NaN,
        "Salaries And Wages": NaN,
        "Total Revenue": NaN,
        "Operating Revenue": NaN,
        "Occupancy And Equipment": NaN,
        "Professional Expense And Contract Services Expense": NaN,
        "Other Non Interest Expense": NaN
    },
    "2022-09-30": {
        "Tax Effect Of Unusual Items": -84636.170596,
        "Tax Rate For Calcs": 0.220407,
        "Total Unusual Items": -384000.0,
        "Total Unusual Items Excluding Goodwill": -384000.0,
        "Net Income From Continuing Operation Net Minority Interest": 43322000.0,
        "Reconciled Depreciation": 2494000.0,
        "Net Interest Income": 101040000.0,
        "Interest Expense": 22185000.0,
        "Interest Income": 123225000.0,
        "Normalized Income": 43621363.829404,
        "Net Income From Continuing And Discontinued Operation": 43322000.0,
        "Diluted Average Shares": 54633000.0,
        "Basic Average Shares": 53979000.0,
        "Diluted EPS": 0.79,
        "Basic EPS": 0.8,
        "Diluted NI Availto Com Stockholders": 43322000.0,
        "Net Income Common Stockholders": 43322000.0,
        "Net Income": 43322000.0,
        "Net Income Including Noncontrolling Interests": 43322000.0,
        "Net Income Continuous Operations": 43322000.0,
        "Tax Provision": 12248000.0,
        "Pretax Income": 55570000.0,
        "Special Income Charges": -384000.0,
        "Restructuring And Mergern Acquisition": 384000.0,
        "Gain On Sale Of Security": 3358000.0,
        "Depreciation Amortization Depletion Income Statement": 2494000.0,
        "Depreciation And Amortization In Income Statement": 2494000.0,
        "Amortization": 2494000.0,
        "Amortization Of Intangibles Income Statement": 2494000.0,
        "Selling General And Administration": 31559000.0,
        "Selling And Marketing Expense": 1845000.0,
        "General And Administrative Expense": 29714000.0,
        "Other Gand A": 3898000.0,
        "Salaries And Wages": 29714000.0,
        "Total Revenue": 115119000.0,
        "Operating Revenue": 115119000.0
    },
    "2022-06-30": {
        "Tax Effect Of Unusual Items": -63209.256067,
        "Tax Rate For Calcs": 0.214269,
        "Total Unusual Items": -295000.0,
        "Total Unusual Items Excluding Goodwill": -295000.0,
        "Net Income From Continuing Operation Net Minority Interest": 29626000.0,
        "Reconciled Depreciation": 2495000.0,
        "Net Interest Income": 84480000.0,
        "Interest Expense": 9114000.0,
        "Interest Income": 93594000.0,
        "Normalized Income": 29857790.743933,
        "Net Income From Continuing And Discontinued Operation": 29626000.0,
        "Diluted Average Shares": 54646000.0,
        "Basic Average Shares": 53949000.0,
        "Diluted EPS": 0.54,
        "Basic EPS": 0.55,
        "Diluted NI Availto Com Stockholders": 29626000.0,
        "Net Income Common Stockholders": 29626000.0,
        "Net Income": 29626000.0,
        "Net Income Including Noncontrolling Interests": 29626000.0,
        "Net Income Continuous Operations": 29626000.0,
        "Tax Provision": 8079000.0,
        "Pretax Income": 37705000.0,
        "Special Income Charges": -295000.0,
        "Restructuring And Mergern Acquisition": 295000.0,
        "Gain On Sale Of Security": 0.0,
        "Depreciation Amortization Depletion Income Statement": 2495000.0,
        "Depreciation And Amortization In Income Statement": 2495000.0,
        "Amortization": 2495000.0,
        "Amortization Of Intangibles Income Statement": 2495000.0,
        "Selling General And Administration": 29230000.0,
        "Selling And Marketing Expense": 2306000.0,
        "General And Administrative Expense": 26924000.0,
        "Other Gand A": 3738000.0,
        "Salaries And Wages": 26924000.0,
        "Total Revenue": 93892000.0,
        "Operating Revenue": 93892000.0
    },
    "2022-03-31": {
        "Diluted EPS": 0.65,
        "Total Revenue": 95,
        "Gross Profit": 88,
        "Operating Income": 42,
        "EBIT": NaN,
        "Net Income": 33
    },
    "2021-12-31": {
        "Diluted EPS": 0.81,
        "Total Revenue": 101,
        "Gross Profit": 93,
        "Operating Income": 53,
        "EBIT": NaN,
        "Net Income": 42
    },
    "2021-09-30": {
        "Diluted EPS": 0.73,
        "Total Revenue": 95,
        "Gross Profit": 87,
        "Operating Income": 46,
        "EBIT": NaN,
        "Net Income": 37
    },
    "2021-06-30": {
        "Diluted EPS": 0.59,
        "Total Revenue": 89,
        "Gross Profit": 80,
        "Operating Income": 37,
        "EBIT": NaN,
        "Net Income": 29
    },
    "2021-03-31": {
        "Diluted EPS": 0.64,
        "Total Revenue": 90,
        "Gross Profit": 80,
        "Operating Income": 41,
        "EBIT": NaN,
        "Net Income": 32
    },
    "2020-12-31": {
        "Diluted EPS": 0.46,
        "Total Revenue": 87,
        "Gross Profit": 76,
        "Operating Income": 28,
        "EBIT": NaN,
        "Net Income": 23
    },
    "2020-09-30": {
        "Diluted EPS": 0.46,
        "Total Revenue": 87,
        "Gross Profit": 76,
        "Operating Income": 29,
        "EBIT": NaN,
        "Net Income": 23
    },
    "2020-06-30": {
        "Diluted EPS": 0.48,
        "Total Revenue": 101,
        "Gross Profit": 87,
        "Operating Income": 28,
        "EBIT": NaN,
        "Net Income": 24
    },
    "2020-03-31": {
        "Diluted EPS": 0.08,
        "Total Revenue": 94,
        "Gross Profit": 75,
        "Operating Income": 3,
        "EBIT": NaN,
        "Net Income": 4
    },
    "2019-12-31": {
        "Diluted EPS": 0.55,
        "Total Revenue": 99,
        "Gross Profit": 77,
        "Operating Income": 38,
        "EBIT": NaN,
        "Net Income": 29
    },
    "2019-09-30": {
        "Diluted EPS": 0.51,
        "Total Revenue": 104,
        "Gross Profit": 79,
        "Operating Income": 36,
        "EBIT": NaN,
        "Net Income": 27
    },
    "2019-06-30": {
        "Diluted EPS": 0.49,
        "Total Revenue": 102,
        "Gross Profit": 77,
        "Operating Income": 40,
        "EBIT": NaN,
        "Net Income": 27
    },
    "2019-03-31": {
        "Diluted EPS": 0.13,
        "Total Revenue": 104,
        "Gross Profit": 81,
        "Operating Income": 41,
        "EBIT": NaN,
        "Net Income": 7
    },
    "2018-12-31": {
        "Diluted EPS": 0.4,
        "Total Revenue": 42,
        "Gross Profit": 32,
        "Operating Income": 15,
        "EBIT": NaN,
        "Net Income": 10
    },
    "2018-09-30": {
        "Diluted EPS": 0.36,
        "Total Revenue": 40,
        "Gross Profit": 32,
        "Operating Income": 13,
        "EBIT": NaN,
        "Net Income": 9
    },
    "2018-06-30": {
        "Diluted EPS": 0.42,
        "Total Revenue": 37,
        "Gross Profit": 30,
        "Operating Income": 14,
        "EBIT": NaN,
        "Net Income": 10
    },
    "2018-03-31": {
        "Diluted EPS": 0.42,
        "Total Revenue": 37,
        "Gross Profit": 32,
        "Operating Income": 14,
        "EBIT": NaN,
        "Net Income": 10
    },
    "2017-12-31": {
        "Diluted EPS": 0.12,
        "Total Revenue": 32,
        "Gross Profit": 28,
        "Operating Income": 12,
        "EBIT": NaN,
        "Net Income": 3
    },
    "2017-09-30": {
        "Diluted EPS": 0.25,
        "Total Revenue": 24,
        "Gross Profit": 21,
        "Operating Income": 8,
        "EBIT": NaN,
        "Net Income": 5
    },
    "2017-06-30": {
        "Diluted EPS": 0.23,
        "Total Revenue": 16,
        "Gross Profit": 14,
        "Operating Income": 5,
        "EBIT": NaN,
        "Net Income": 4
    },
    "2017-03-31": {
        "Diluted EPS": 0.2,
        "Total Revenue": 15,
        "Gross Profit": 13,
        "Operating Income": 4,
        "EBIT": NaN,
        "Net Income": 3
    },
    "2016-12-31": {
        "Diluted EPS": 0.27,
        "Total Revenue": 14,
        "Gross Profit": 12,
        "Operating Income": 5,
        "EBIT": NaN,
        "Net Income": 3
    },
    "2016-09-30": {
        "Diluted EPS": 0.31,
        "Total Revenue": 14,
        "Gross Profit": 12,
        "Operating Income": 5,
        "EBIT": NaN,
        "Net Income": 3
    },
    "2016-06-30": {
        "Diluted EPS": 0.29,
        "Total Revenue": 13,
        "Gross Profit": 12,
        "Operating Income": 5,
        "EBIT": NaN,
        "Net Income": 3
    },
    "2016-03-31": {
        "Diluted EPS": 0.26,
        "Total Revenue": 12,
        "Gross Profit": 11,
        "Operating Income": 4,
        "EBIT": NaN,
        "Net Income": 3
    },
    "2015-12-31": {
        "Diluted EPS": 0.23,
        "Total Revenue": 11,
        "Gross Profit": 10,
        "Operating Income": 4,
        "EBIT": NaN,
        "Net Income": 3
    },
    "2015-09-30": {
        "Diluted EPS": 0.23,
        "Total Revenue": 11,
        "Gross Profit": 10,
        "Operating Income": 4,
        "EBIT": NaN,
        "Net Income": 3
    },
    "2015-06-30": {
        "Diluted EPS": 0.19,
        "Total Revenue": 8,
        "Gross Profit": 8,
        "Operating Income": 3,
        "EBIT": NaN,
        "Net Income": 2
    },
    "2015-03-31": {
        "Diluted EPS": 0.19,
        "Total Revenue": 8,
        "Gross Profit": 8,
        "Operating Income": 2,
        "EBIT": NaN,
        "Net Income": 2
    },
    "2014-12-31": {
        "Diluted EPS": 0.18,
        "Total Revenue": 8,
        "Gross Profit": 7,
        "Operating Income": 2,
        "EBIT": NaN,
        "Net Income": 2
    },
    "2014-09-30": {
        "Diluted EPS": 0.21,
        "Total Revenue": 8,
        "Gross Profit": 7,
        "Operating Income": 2,
        "EBIT": NaN,
        "Net Income": 1
    },
    "2014-06-30": {
        "Diluted EPS": 0.18,
        "Total Revenue": 7,
        "Gross Profit": 7,
        "Operating Income": 2,
        "EBIT": NaN,
        "Net Income": 1
    },
    "2014-03-31": {
        "Diluted EPS": 0.15,
        "Total Revenue": 7,
        "Gross Profit": 6,
        "Operating Income": 1,
        "EBIT": NaN,
        "Net Income": 1
    },
    "2013-12-31": {
        "Diluted EPS": 0.0,
        "Total Revenue": NaN,
        "Gross Profit": NaN,
        "Operating Income": NaN,
        "EBIT": NaN,
        "Net Income": NaN
    },
    "2013-09-30": {
        "Diluted EPS": 0.16,
        "Total Revenue": 6,
        "Gross Profit": 6,
        "Operating Income": 1,
        "EBIT": NaN,
        "Net Income": 1
    },
    "2012-12-31": {
        "Diluted EPS": 0.0,
        "Total Revenue": NaN,
        "Gross Profit": NaN,
        "Operating Income": NaN,
        "EBIT": NaN,
        "Net Income": NaN
    },
    "2011-12-31": {
        "Diluted EPS": 0.0,
        "Total Revenue": NaN,
        "Gross Profit": NaN,
        "Operating Income": NaN,
        "EBIT": NaN,
        "Net Income": NaN
    },
    "2023-09-30": {
        "Tax Effect Of Unusual Items": NaN,
        "Tax Rate For Calcs": NaN,
        "Total Unusual Items": 0.0,
        "Total Unusual Items Excluding Goodwill": 0.0,
        "Net Income From Continuing Operation Net Minority Interest": NaN,
        "Reconciled Depreciation": NaN,
        "Net Interest Income": NaN,
        "Interest Expense": NaN,
        "Interest Income": NaN,
        "Normalized Income": NaN,
        "Net Income From Continuing And Discontinued Operation": NaN,
        "Diluted Average Shares": NaN,
        "Basic Average Shares": NaN,
        "Diluted EPS": NaN,
        "Basic EPS": NaN,
        "Diluted NI Availto Com Stockholders": NaN,
        "Net Income Common Stockholders": NaN,
        "Net Income": NaN,
        "Net Income Including Noncontrolling Interests": NaN,
        "Net Income Continuous Operations": NaN,
        "Tax Provision": NaN,
        "Pretax Income": NaN,
        "Special Income Charges": 0.0,
        "Restructuring And Mergern Acquisition": 0.0,
        "Gain On Sale Of Security": NaN,
        "Depreciation Amortization Depletion Income Statement": NaN,
        "Depreciation And Amortization In Income Statement": NaN,
        "Amortization": NaN,
        "Amortization Of Intangibles Income Statement": NaN,
        "Selling General And Administration": NaN,
        "Selling And Marketing Expense": NaN,
        "General And Administrative Expense": NaN,
        "Salaries And Wages": NaN,
        "Total Revenue": NaN,
        "Operating Revenue": NaN,
        "Occupancy And Equipment": NaN,
        "Professional Expense And Contract Services Expense": NaN,
        "Other Non Interest Expense": NaN
    },
    "2023-12-31": {
        "Tax Effect Of Unusual Items": NaN,
        "Tax Rate For Calcs": NaN,
        "Total Unusual Items": 0.0,
        "Total Unusual Items Excluding Goodwill": 0.0,
        "Net Income From Continuing Operation Net Minority Interest": NaN,
        "Reconciled Depreciation": NaN,
        "Net Interest Income": NaN,
        "Interest Expense": NaN,
        "Interest Income": NaN,
        "Normalized Income": NaN,
        "Net Income From Continuing And Discontinued Operation": NaN,
        "Diluted Average Shares": NaN,
        "Basic Average Shares": NaN,
        "Diluted EPS": NaN,
        "Basic EPS": NaN,
        "Diluted NI Availto Com Stockholders": NaN,
        "Net Income Common Stockholders": NaN,
        "Net Income": NaN,
        "Net Income Including Noncontrolling Interests": NaN,
        "Net Income Continuous Operations": NaN,
        "Tax Provision": NaN,
        "Pretax Income": NaN,
        "Special Income Charges": 0.0,
        "Restructuring And Mergern Acquisition": 0.0,
        "Gain On Sale Of Security": NaN,
        "Depreciation Amortization Depletion Income Statement": NaN,
        "Depreciation And Amortization In Income Statement": NaN,
        "Amortization": NaN,
        "Amortization Of Intangibles Income Statement": NaN,
        "Selling General And Administration": NaN,
        "Selling And Marketing Expense": NaN,
        "General And Administrative Expense": NaN,
        "Salaries And Wages": NaN,
        "Total Revenue": NaN,
        "Operating Revenue": NaN,
        "Occupancy And Equipment": NaN,
        "Professional Expense And Contract Services Expense": NaN,
        "Other Non Interest Expense": NaN
    },
    "2024-03-31": {
        "Tax Effect Of Unusual Items": 0.0,
        "Tax Rate For Calcs": 0.230529,
        "Total Unusual Items": NaN,
        "Total Unusual Items Excluding Goodwill": NaN,
        "Net Income From Continuing Operation Net Minority Interest": 24156000.0,
        "Reconciled Depreciation": 5127000.0,
        "Net Interest Income": 92806000.0,
        "Interest Expense": 91781000.0,
        "Interest Income": 184587000.0,
        "Normalized Income": 24156000.0,
        "Net Income From Continuing And Discontinued Operation": 24156000.0,
        "Diluted Average Shares": 54842000.0,
        "Basic Average Shares": 54444000.0,
        "Diluted EPS": 0.44,
        "Basic EPS": 0.44,
        "Diluted NI Availto Com Stockholders": 24156000.0,
        "Net Income Common Stockholders": 24156000.0,
        "Net Income": 24156000.0,
        "Net Income Including Noncontrolling Interests": 24156000.0,
        "Net Income Continuous Operations": 24156000.0,
        "Tax Provision": 7237000.0,
        "Pretax Income": 31393000.0,
        "Special Income Charges": NaN,
        "Restructuring And Mergern Acquisition": NaN,
        "Gain On Sale Of Security": -5896000.0,
        "Depreciation Amortization Depletion Income Statement": 2438000.0,
        "Depreciation And Amortization In Income Statement": 2438000.0,
        "Amortization": 2438000.0,
        "Amortization Of Intangibles Income Statement": 2438000.0,
        "Selling General And Administration": 34911000.0,
        "Selling And Marketing Expense": 1546000.0,
        "General And Administrative Expense": 33365000.0,
        "Salaries And Wages": 33365000.0,
        "Total Revenue": 99468000.0,
        "Operating Revenue": 99468000.0,
        "Occupancy And Equipment": 4677000.0,
        "Professional Expense And Contract Services Expense": 6053000.0,
        "Other Non Interest Expense": 14037000.0
    },
    "2024-06-30": {
        "Tax Effect Of Unusual Items": 0.0,
        "Tax Rate For Calcs": 0.232,
        "Total Unusual Items": NaN,
        "Total Unusual Items Excluding Goodwill": NaN,
        "Net Income From Continuing Operation Net Minority Interest": 27202000.0,
        "Reconciled Depreciation": 4398000.0,
        "Net Interest Income": 96236000.0,
        "Interest Expense": 95011000.0,
        "Interest Income": 191247000.0,
        "Normalized Income": 27202000.0,
        "Net Income From Continuing And Discontinued Operation": 27202000.0,
        "Diluted Average Shares": 54823000.0,
        "Basic Average Shares": 54457000.0,
        "Diluted EPS": 0.5,
        "Basic EPS": 0.5,
        "Diluted NI Availto Com Stockholders": 27202000.0,
        "Net Income Common Stockholders": 27202000.0,
        "Net Income": 27202000.0,
        "Net Income Including Noncontrolling Interests": 27202000.0,
        "Net Income Continuous Operations": 27202000.0,
        "Tax Provision": 8221000.0,
        "Pretax Income": 35423000.0,
        "Special Income Charges": NaN,
        "Restructuring And Mergern Acquisition": NaN,
        "Gain On Sale Of Security": 326000.0,
        "Depreciation Amortization Depletion Income Statement": 2438000.0,
        "Depreciation And Amortization In Income Statement": 2438000.0,
        "Amortization": 2438000.0,
        "Amortization Of Intangibles Income Statement": 2438000.0,
        "Selling General And Administration": 34766000.0,
        "Selling And Marketing Expense": 1976000.0,
        "General And Administrative Expense": 32790000.0,
        "Salaries And Wages": 32790000.0,
        "Total Revenue": 106814000.0,
        "Operating Revenue": 106814000.0,
        "Occupancy And Equipment": 4585000.0,
        "Professional Expense And Contract Services Expense": 5617000.0,
        "Other Non Interest Expense": 15735000.0
    },
    "2024-09-30": {
        "Tax Effect Of Unusual Items": 0.0,
        "Tax Rate For Calcs": 0.206,
        "Total Unusual Items": NaN,
        "Total Unusual Items Excluding Goodwill": NaN,
        "Net Income From Continuing Operation Net Minority Interest": 31001000.0,
        "Reconciled Depreciation": 4660000.0,
        "Net Interest Income": 100062000.0,
        "Interest Expense": 96601000.0,
        "Interest Income": 196663000.0,
        "Normalized Income": 31001000.0,
        "Net Income From Continuing And Discontinued Operation": 31001000.0,
        "Diluted Average Shares": 54932000.0,
        "Basic Average Shares": 54409000.0,
        "Diluted EPS": 0.56,
        "Basic EPS": 0.57,
        "Diluted NI Availto Com Stockholders": 31001000.0,
        "Net Income Common Stockholders": 31001000.0,
        "Net Income": 31001000.0,
        "Net Income Including Noncontrolling Interests": 31001000.0,
        "Net Income Continuous Operations": 31001000.0,
        "Tax Provision": 8067000.0,
        "Pretax Income": 39068000.0,
        "Special Income Charges": NaN,
        "Restructuring And Mergern Acquisition": NaN,
        "Gain On Sale Of Security": 271000.0,
        "Depreciation Amortization Depletion Income Statement": 2438000.0,
        "Depreciation And Amortization In Income Statement": 2438000.0,
        "Amortization": 2438000.0,
        "Amortization Of Intangibles Income Statement": 2438000.0,
        "Selling General And Administration": 40151000.0,
        "Selling And Marketing Expense": 2781000.0,
        "General And Administrative Expense": 37370000.0,
        "Salaries And Wages": 37370000.0,
        "Total Revenue": 113168000.0,
        "Operating Revenue": 113168000.0,
        "Occupancy And Equipment": 4789000.0,
        "Professional Expense And Contract Services Expense": 4903000.0,
        "Other Non Interest Expense": 17819000.0
    },
    "2024-12-31": {
        "Tax Effect Of Unusual Items": 0.0,
        "Tax Rate For Calcs": 0.248369,
        "Total Unusual Items": NaN,
        "Total Unusual Items Excluding Goodwill": NaN,
        "Net Income From Continuing Operation Net Minority Interest": 24882000.0,
        "Reconciled Depreciation": 5470000.0,
        "Net Interest Income": 96141000.0,
        "Interest Expense": 88578000.0,
        "Interest Income": 184719000.0,
        "Normalized Income": 24882000.0,
        "Net Income From Continuing And Discontinued Operation": 24882000.0,
        "Diluted Average Shares": 55237000.0,
        "Basic Average Shares": 54489000.0,
        "Diluted EPS": 0.45,
        "Basic EPS": 0.46,
        "Diluted NI Availto Com Stockholders": 24882000.0,
        "Net Income Common Stockholders": 24882000.0,
        "Net Income": 24882000.0,
        "Net Income Including Noncontrolling Interests": 24882000.0,
        "Net Income Continuous Operations": 24882000.0,
        "Tax Provision": 8222000.0,
        "Pretax Income": 33104000.0,
        "Special Income Charges": NaN,
        "Restructuring And Mergern Acquisition": NaN,
        "Gain On Sale Of Security": -3888000.0,
        "Depreciation Amortization Depletion Income Statement": 2437000.0,
        "Depreciation And Amortization In Income Statement": 2437000.0,
        "Amortization": 2437000.0,
        "Amortization Of Intangibles Income Statement": 2437000.0,
        "Selling General And Administration": 40342000.0,
        "Selling And Marketing Expense": 2896000.0,
        "General And Administrative Expense": 37446000.0,
        "Salaries And Wages": 37446000.0,
        "Total Revenue": 106197000.0,
        "Operating Revenue": 106197000.0,
        "Occupancy And Equipment": 4633000.0,
        "Professional Expense And Contract Services Expense": 5564000.0,
        "Other Non Interest Expense": 18218000.0
    },
    "2025-03-31": {
        "Tax Effect Of Unusual Items": 0.0,
        "Tax Rate For Calcs": 0.226779,
        "Total Unusual Items": NaN,
        "Total Unusual Items Excluding Goodwill": NaN,
        "Net Income From Continuing Operation Net Minority Interest": 29070000.0,
        "Reconciled Depreciation": 4689000.0,
        "Net Interest Income": 95441000.0,
        "Interest Expense": 78284000.0,
        "Interest Income": 173725000.0,
        "Normalized Income": 29070000.0,
        "Net Income From Continuing And Discontinued Operation": 29070000.0,
        "Diluted Average Shares": 55123000.0,
        "Basic Average Shares": 54486000.0,
        "Diluted EPS": 0.53,
        "Basic EPS": 0.53,
        "Diluted NI Availto Com Stockholders": 29070000.0,
        "Net Income Common Stockholders": 29070000.0,
        "Net Income": 29070000.0,
        "Net Income Including Noncontrolling Interests": 29070000.0,
        "Net Income Continuous Operations": 29070000.0,
        "Tax Provision": 8526000.0,
        "Pretax Income": 37596000.0,
        "Special Income Charges": NaN,
        "Restructuring And Mergern Acquisition": NaN,
        "Gain On Sale Of Security": 700000.0,
        "Depreciation Amortization Depletion Income Statement": 2438000.0,
        "Depreciation And Amortization In Income Statement": 2438000.0,
        "Amortization": 2438000.0,
        "Amortization Of Intangibles Income Statement": 2438000.0,
        "Selling General And Administration": 38656000.0,
        "Selling And Marketing Expense": 2032000.0,
        "General And Administrative Expense": 36624000.0,
        "Salaries And Wages": 36624000.0,
        "Total Revenue": 109730000.0,
        "Operating Revenue": 109730000.0,
        "Occupancy And Equipment": 4650000.0,
        "Professional Expense And Contract Services Expense": 4931000.0,
        "Other Non Interest Expense": 16159000.0
    }
}