{
    "2023-03-31": {
        "Tax Effect Of Unusual Items": NaN,
        "Tax Rate For Calcs": NaN,
        "Normalized EBITDA": NaN,
        "Net Income From Continuing Operation Net Minority Interest": NaN,
        "Reconciled Depreciation": NaN,
        "Reconciled Cost Of Revenue": NaN,
        "EBITDA": NaN,
        "EBIT": NaN,
        "Net Interest Income": NaN,
        "Interest Expense": NaN,
        "Interest Income": NaN,
        "Normalized Income": NaN,
        "Net Income From Continuing And Discontinued Operation": NaN,
        "Total Expenses": NaN,
        "Total Operating Income As Reported": NaN,
        "Diluted Average Shares": 47387000.0,
        "Basic Average Shares": 47387000.0,
        "Diluted EPS": -0.16,
        "Basic EPS": -0.16,
        "Diluted NI Availto Com Stockholders": NaN,
        "Net Income Common Stockholders": NaN,
        "Net Income": NaN,
        "Net Income Including Noncontrolling Interests": NaN,
        "Net Income Continuous Operations": NaN,
        "Tax Provision": NaN,
        "Pretax Income": NaN,
        "Other Income Expense": NaN,
        "Other Non Operating Income Expenses": NaN,
        "Net Non Operating Interest Income Expense": NaN,
        "Interest Expense Non Operating": NaN,
        "Interest Income Non Operating": NaN,
        "Operating Income": NaN,
        "Operating Expense": NaN,
        "Research And Development": NaN,
        "Selling General And Administration": NaN,
        "Gross Profit": NaN,
        "Cost Of Revenue": NaN,
        "Total Revenue": NaN,
        "Operating Revenue": NaN
    },
    "2022-12-31": {
        "Tax Effect Of Unusual Items": NaN,
        "Tax Rate For Calcs": NaN,
        "Normalized EBITDA": NaN,
        "Net Income From Continuing Operation Net Minority Interest": NaN,
        "Reconciled Depreciation": NaN,
        "Reconciled Cost Of Revenue": NaN,
        "EBITDA": NaN,
        "EBIT": NaN,
        "Net Interest Income": NaN,
        "Interest Expense": NaN,
        "Interest Income": NaN,
        "Normalized Income": NaN,
        "Net Income From Continuing And Discontinued Operation": NaN,
        "Total Expenses": NaN,
        "Total Operating Income As Reported": NaN,
        "Diluted Average Shares": NaN,
        "Basic Average Shares": NaN,
        "Diluted EPS": NaN,
        "Basic EPS": NaN,
        "Diluted NI Availto Com Stockholders": NaN,
        "Net Income Common Stockholders": NaN,
        "Net Income": NaN,
        "Net Income Including Noncontrolling Interests": NaN,
        "Net Income Continuous Operations": NaN,
        "Tax Provision": 700000.0,
        "Pretax Income": NaN,
        "Other Income Expense": NaN,
        "Other Non Operating Income Expenses": NaN,
        "Net Non Operating Interest Income Expense": NaN,
        "Interest Expense Non Operating": NaN,
        "Interest Income Non Operating": NaN,
        "Operating Income": NaN,
        "Operating Expense": NaN,
        "Research And Development": NaN,
        "Selling General And Administration": NaN,
        "Gross Profit": NaN,
        "Cost Of Revenue": NaN,
        "Total Revenue": NaN,
        "Operating Revenue": NaN
    },
    "2022-09-30": {
        "Tax Effect Of Unusual Items": NaN,
        "Tax Rate For Calcs": NaN,
        "Normalized EBITDA": NaN,
        "Net Income From Continuing Operation Net Minority Interest": NaN,
        "Reconciled Depreciation": NaN,
        "Reconciled Cost Of Revenue": NaN,
        "EBITDA": NaN,
        "EBIT": NaN,
        "Net Interest Income": NaN,
        "Interest Expense": NaN,
        "Interest Income": NaN,
        "Normalized Income": NaN,
        "Net Income From Continuing And Discontinued Operation": NaN,
        "Total Expenses": NaN,
        "Total Operating Income As Reported": NaN,
        "Diluted Average Shares": NaN,
        "Basic Average Shares": NaN,
        "Diluted EPS": NaN,
        "Basic EPS": NaN,
        "Diluted NI Availto Com Stockholders": NaN,
        "Net Income Common Stockholders": NaN,
        "Net Income": NaN,
        "Net Income Including Noncontrolling Interests": NaN,
        "Net Income Continuous Operations": NaN,
        "Tax Provision": 21000.0,
        "Pretax Income": NaN,
        "Other Income Expense": NaN,
        "Other Non Operating Income Expenses": NaN,
        "Net Non Operating Interest Income Expense": NaN,
        "Interest Expense Non Operating": NaN,
        "Interest Income Non Operating": NaN,
        "Operating Income": NaN,
        "Operating Expense": NaN,
        "Research And Development": NaN,
        "Selling General And Administration": NaN,
        "Gross Profit": NaN,
        "Cost Of Revenue": NaN,
        "Total Revenue": NaN,
        "Operating Revenue": NaN
    },
    "2022-06-30": {
        "Tax Effect Of Unusual Items": 0.0,
        "Tax Rate For Calcs": 0.0,
        "Normalized EBITDA": -7888000.0,
        "Net Income From Continuing Operation Net Minority Interest": -8963000.0,
        "Reconciled Depreciation": 1055000.0,
        "Reconciled Cost Of Revenue": 14192000.0,
        "EBITDA": -7888000.0,
        "EBIT": -8943000.0,
        "Net Interest Income": 128000.0,
        "Interest Expense": 20000.0,
        "Interest Income": 148000.0,
        "Normalized Income": -8963000.0,
        "Net Income From Continuing And Discontinued Operation": -8963000.0,
        "Total Expenses": 46128000.0,
        "Total Operating Income As Reported": -9082000.0,
        "Diluted Average Shares": 47117000.0,
        "Basic Average Shares": 47117000.0,
        "Diluted EPS": -0.19,
        "Basic EPS": -0.19,
        "Diluted NI Availto Com Stockholders": -8963000.0,
        "Net Income Common Stockholders": -8963000.0,
        "Net Income": -8963000.0,
        "Net Income Including Noncontrolling Interests": -8963000.0,
        "Net Income Continuous Operations": -8963000.0,
        "Tax Provision": 0.0,
        "Pretax Income": -8963000.0,
        "Other Income Expense": -9000.0,
        "Other Non Operating Income Expenses": -9000.0,
        "Net Non Operating Interest Income Expense": 128000.0,
        "Interest Expense Non Operating": 20000.0,
        "Interest Income Non Operating": 148000.0,
        "Operating Income": -9082000.0,
        "Operating Expense": 31936000.0,
        "Research And Development": 4792000.0,
        "Selling General And Administration": 27144000.0,
        "Gross Profit": 22854000.0,
        "Cost Of Revenue": 14192000.0,
        "Total Revenue": 37046000.0,
        "Operating Revenue": 36826000.0
    },
    "2023-06-30": {
        "Tax Effect Of Unusual Items": NaN,
        "Tax Rate For Calcs": NaN,
        "Normalized EBITDA": NaN,
        "Net Income From Continuing Operation Net Minority Interest": NaN,
        "Reconciled Depreciation": NaN,
        "Reconciled Cost Of Revenue": NaN,
        "EBITDA": NaN,
        "EBIT": NaN,
        "Net Interest Income": NaN,
        "Interest Expense": NaN,
        "Interest Income": NaN,
        "Normalized Income": NaN,
        "Net Income From Continuing And Discontinued Operation": NaN,
        "Total Expenses": NaN,
        "Total Operating Income As Reported": NaN,
        "Diluted Average Shares": 47572000.0,
        "Basic Average Shares": 47572000.0,
        "Diluted EPS": -0.11,
        "Basic EPS": -0.11,
        "Diluted NI Availto Com Stockholders": NaN,
        "Net Income Common Stockholders": NaN,
        "Net Income": NaN,
        "Net Income Including Noncontrolling Interests": NaN,
        "Net Income Continuous Operations": NaN,
        "Tax Provision": NaN,
        "Pretax Income": NaN,
        "Other Income Expense": NaN,
        "Other Non Operating Income Expenses": NaN,
        "Net Non Operating Interest Income Expense": NaN,
        "Interest Expense Non Operating": NaN,
        "Interest Income Non Operating": NaN,
        "Operating Income": NaN,
        "Operating Expense": NaN,
        "Research And Development": NaN,
        "Selling General And Administration": NaN,
        "Gross Profit": NaN,
        "Cost Of Revenue": NaN,
        "Total Revenue": NaN,
        "Operating Revenue": NaN
    },
    "2022-03-31": {
        "Diluted EPS": -0.15,
        "Total Revenue": 36,
        "Gross Profit": 23,
        "Operating Income": -7,
        "EBIT": -6,
        "Net Income": -7
    },
    "2021-12-31": {
        "Diluted EPS": 0.1,
        "Total Revenue": 48,
        "Gross Profit": 34,
        "Operating Income": 4,
        "EBIT": 5,
        "Net Income": 5
    },
    "2021-09-30": {
        "Diluted EPS": -0.11,
        "Total Revenue": 35,
        "Gross Profit": 22,
        "Operating Income": -5,
        "EBIT": -4,
        "Net Income": -5
    },
    "2021-06-30": {
        "Diluted EPS": -0.08,
        "Total Revenue": 40,
        "Gross Profit": 27,
        "Operating Income": -4,
        "EBIT": -3,
        "Net Income": -4
    },
    "2021-03-31": {
        "Diluted EPS": -0.07,
        "Total Revenue": 35,
        "Gross Profit": 23,
        "Operating Income": -3,
        "EBIT": -2,
        "Net Income": -3
    },
    "2020-12-31": {
        "Diluted EPS": 0.26,
        "Total Revenue": 45,
        "Gross Profit": 34,
        "Operating Income": 12,
        "EBIT": 13,
        "Net Income": 12
    },
    "2020-09-30": {
        "Diluted EPS": 0.08,
        "Total Revenue": 32,
        "Gross Profit": 22,
        "Operating Income": 4,
        "EBIT": 4,
        "Net Income": 4
    },
    "2020-06-30": {
        "Diluted EPS": -0.18,
        "Total Revenue": 20,
        "Gross Profit": 11,
        "Operating Income": -8,
        "EBIT": -9,
        "Net Income": -8
    },
    "2020-03-31": {
        "Diluted EPS": -0.1,
        "Total Revenue": 27,
        "Gross Profit": 17,
        "Operating Income": -5,
        "EBIT": -4,
        "Net Income": -5
    },
    "2019-12-31": {
        "Diluted EPS": 0.23,
        "Total Revenue": 39,
        "Gross Profit": 29,
        "Operating Income": 9,
        "EBIT": 8,
        "Net Income": 10
    },
    "2019-09-30": {
        "Diluted EPS": 0.07,
        "Total Revenue": 30,
        "Gross Profit": 21,
        "Operating Income": 3,
        "EBIT": 4,
        "Net Income": 3
    },
    "2019-06-30": {
        "Diluted EPS": -0.45,
        "Total Revenue": 26,
        "Gross Profit": 17,
        "Operating Income": -20,
        "EBIT": -19,
        "Net Income": -20
    },
    "2019-03-31": {
        "Diluted EPS": -0.07,
        "Total Revenue": 22,
        "Gross Profit": 13,
        "Operating Income": -3,
        "EBIT": -3,
        "Net Income": -3
    },
    "2018-12-31": {
        "Diluted EPS": 0.15,
        "Total Revenue": 31,
        "Gross Profit": 23,
        "Operating Income": 6,
        "EBIT": 6,
        "Net Income": 5
    },
    "2018-09-30": {
        "Diluted EPS": -0.02,
        "Total Revenue": 22,
        "Gross Profit": 14,
        "Operating Income": -1,
        "EBIT": -1,
        "Net Income": -1
    },
    "2018-06-30": {
        "Diluted EPS": -0.12,
        "Total Revenue": 19,
        "Gross Profit": 11,
        "Operating Income": -4,
        "EBIT": -4,
        "Net Income": -5
    },
    "2018-03-31": {
        "Diluted EPS": -0.21,
        "Total Revenue": 18,
        "Gross Profit": 10,
        "Operating Income": -4,
        "EBIT": -4,
        "Net Income": -8
    },
    "2017-12-31": {
        "Diluted EPS": 0.02,
        "Total Revenue": 23,
        "Gross Profit": 15,
        "Operating Income": 1,
        "EBIT": 2,
        "Net Income": 0
    },
    "2017-09-30": {
        "Diluted EPS": -0.16,
        "Total Revenue": 14,
        "Gross Profit": 7,
        "Operating Income": -4,
        "EBIT": -4,
        "Net Income": -5
    },
    "2017-06-30": {
        "Diluted EPS": -0.07,
        "Total Revenue": 17,
        "Gross Profit": 9,
        "Operating Income": -3,
        "EBIT": -2,
        "Net Income": -2
    },
    "2017-03-31": {
        "Diluted EPS": -0.31,
        "Total Revenue": 9,
        "Gross Profit": 2,
        "Operating Income": -10,
        "EBIT": -9,
        "Net Income": -10
    },
    "2016-12-31": {
        "Diluted EPS": -0.34,
        "Total Revenue": 17,
        "Gross Profit": 9,
        "Operating Income": -6,
        "EBIT": -3,
        "Net Income": -4
    },
    "2016-09-30": {
        "Diluted EPS": -0.38,
        "Total Revenue": 11,
        "Gross Profit": 4,
        "Operating Income": -6,
        "EBIT": -6,
        "Net Income": -9
    },
    "2016-06-30": {
        "Diluted EPS": -0.22,
        "Total Revenue": 13,
        "Gross Profit": 6,
        "Operating Income": -5,
        "EBIT": -5,
        "Net Income": -3
    },
    "2016-03-31": {
        "Diluted EPS": -0.24,
        "Total Revenue": 14,
        "Gross Profit": 8,
        "Operating Income": -2,
        "EBIT": -2,
        "Net Income": -4
    },
    "2015-12-31": {
        "Diluted EPS": -0.28,
        "Total Revenue": 15,
        "Gross Profit": 8,
        "Operating Income": -5,
        "EBIT": -5,
        "Net Income": 0
    },
    "2015-09-30": {
        "Diluted EPS": -0.26,
        "Total Revenue": 11,
        "Gross Profit": 5,
        "Operating Income": -5,
        "EBIT": -4,
        "Net Income": -6
    },
    "2015-06-30": {
        "Diluted EPS": -0.16,
        "Total Revenue": 14,
        "Gross Profit": 7,
        "Operating Income": -2,
        "EBIT": -2,
        "Net Income": -4
    },
    "2015-03-31": {
        "Diluted EPS": -0.27,
        "Total Revenue": 11,
        "Gross Profit": 5,
        "Operating Income": -5,
        "EBIT": -4,
        "Net Income": -6
    },
    "2014-12-31": {
        "Diluted EPS": 0.79,
        "Total Revenue": 15,
        "Gross Profit": 8,
        "Operating Income": -2,
        "EBIT": -2,
        "Net Income": 1
    },
    "2014-09-30": {
        "Diluted EPS": -0.82,
        "Total Revenue": 10,
        "Gross Profit": 4,
        "Operating Income": -8,
        "EBIT": -8,
        "Net Income": -8
    },
    "2014-06-30": {
        "Diluted EPS": -0.94,
        "Total Revenue": 4,
        "Gross Profit": -1,
        "Operating Income": -9,
        "EBIT": -8,
        "Net Income": -6
    },
    "2014-03-31": {
        "Diluted EPS": -1.26,
        "Total Revenue": NaN,
        "Gross Profit": NaN,
        "Operating Income": -5,
        "EBIT": -5,
        "Net Income": -6
    },
    "2013-12-31": {
        "Diluted EPS": -0.03,
        "Total Revenue": 0,
        "Gross Profit": 0,
        "Operating Income": -5,
        "EBIT": -5,
        "Net Income": -7
    },
    "2013-09-30": {
        "Diluted EPS": -1.2,
        "Total Revenue": NaN,
        "Gross Profit": NaN,
        "Operating Income": -4,
        "EBIT": -4,
        "Net Income": -2
    },
    "2013-06-30": {
        "Diluted EPS": -2.72,
        "Total Revenue": 0,
        "Gross Profit": 0,
        "Operating Income": -5,
        "EBIT": -5,
        "Net Income": -5
    },
    "2013-03-31": {
        "Diluted EPS": -3.0,
        "Total Revenue": 0,
        "Gross Profit": 0,
        "Operating Income": -7,
        "EBIT": -7,
        "Net Income": -7
    },
    "2012-12-31": {
        "Diluted EPS": -6.68,
        "Total Revenue": 0,
        "Gross Profit": 0,
        "Operating Income": -8,
        "EBIT": -7,
        "Net Income": -9
    },
    "2012-09-30": {
        "Diluted EPS": -0.17,
        "Total Revenue": NaN,
        "Gross Profit": NaN,
        "Operating Income": -8,
        "EBIT": -8,
        "Net Income": -6
    },
    "2012-06-30": {
        "Diluted EPS": -4.4,
        "Total Revenue": NaN,
        "Gross Profit": NaN,
        "Operating Income": -9,
        "EBIT": -9,
        "Net Income": -9
    },
    "2012-03-31": {
        "Diluted EPS": -5.0,
        "Total Revenue": 0,
        "Gross Profit": NaN,
        "Operating Income": -9,
        "EBIT": -8,
        "Net Income": -10
    },
    "2011-12-31": {
        "Diluted EPS": -1.38,
        "Total Revenue": NaN,
        "Gross Profit": NaN,
        "Operating Income": -8,
        "EBIT": -8,
        "Net Income": -3
    },
    "2011-09-30": {
        "Diluted EPS": -1.0,
        "Total Revenue": 0,
        "Gross Profit": 0,
        "Operating Income": -7,
        "EBIT": -7,
        "Net Income": -2
    },
    "2011-06-30": {
        "Diluted EPS": -5.2,
        "Total Revenue": NaN,
        "Gross Profit": NaN,
        "Operating Income": -8,
        "EBIT": -7,
        "Net Income": -10
    },
    "2011-03-31": {
        "Diluted EPS": -2.6,
        "Total Revenue": 0,
        "Gross Profit": 0,
        "Operating Income": -6,
        "EBIT": -6,
        "Net Income": -5
    },
    "2010-12-31": {
        "Diluted EPS": 0.0,
        "Total Revenue": NaN,
        "Gross Profit": NaN,
        "Operating Income": NaN,
        "EBIT": NaN,
        "Net Income": NaN
    },
    "2010-09-30": {
        "Diluted EPS": -4.2,
        "Total Revenue": NaN,
        "Gross Profit": NaN,
        "Operating Income": -6,
        "EBIT": -6,
        "Net Income": -6
    },
    "2010-06-30": {
        "Diluted EPS": -2.6,
        "Total Revenue": NaN,
        "Gross Profit": NaN,
        "Operating Income": -5,
        "EBIT": -5,
        "Net Income": -4
    },
    "2010-03-31": {
        "Diluted EPS": -2.0,
        "Total Revenue": NaN,
        "Gross Profit": NaN,
        "Operating Income": -4,
        "EBIT": -4,
        "Net Income": -3
    },
    "2009-12-31": {
        "Diluted EPS": -4.8,
        "Total Revenue": 0,
        "Gross Profit": 0,
        "Operating Income": 0,
        "EBIT": 0,
        "Net Income": -5
    },
    "2009-09-30": {
        "Diluted EPS": -3.6,
        "Total Revenue": 0,
        "Gross Profit": 0,
        "Operating Income": -4,
        "EBIT": -4,
        "Net Income": -4
    },
    "2009-06-30": {
        "Diluted EPS": 0.0,
        "Total Revenue": NaN,
        "Gross Profit": NaN,
        "Operating Income": NaN,
        "EBIT": NaN,
        "Net Income": NaN
    },
    "2009-03-31": {
        "Diluted EPS": -4.8,
        "Total Revenue": 0,
        "Gross Profit": 0,
        "Operating Income": -4,
        "EBIT": -4,
        "Net Income": -4
    },
    "2023-09-30": {
        "Tax Effect Of Unusual Items": NaN,
        "Tax Rate For Calcs": NaN,
        "Normalized EBITDA": NaN,
        "Net Income From Continuing Operation Net Minority Interest": NaN,
        "Reconciled Depreciation": NaN,
        "Reconciled Cost Of Revenue": NaN,
        "EBITDA": NaN,
        "EBIT": NaN,
        "Net Interest Income": NaN,
        "Interest Expense": NaN,
        "Interest Income": NaN,
        "Normalized Income": NaN,
        "Net Income From Continuing And Discontinued Operation": NaN,
        "Total Expenses": NaN,
        "Total Operating Income As Reported": NaN,
        "Diluted Average Shares": NaN,
        "Basic Average Shares": NaN,
        "Diluted EPS": NaN,
        "Basic EPS": NaN,
        "Diluted NI Availto Com Stockholders": NaN,
        "Net Income Common Stockholders": NaN,
        "Net Income": NaN,
        "Net Income Including Noncontrolling Interests": NaN,
        "Net Income Continuous Operations": NaN,
        "Tax Provision": -286000.0,
        "Pretax Income": NaN,
        "Other Income Expense": NaN,
        "Other Non Operating Income Expenses": NaN,
        "Net Non Operating Interest Income Expense": NaN,
        "Interest Expense Non Operating": NaN,
        "Interest Income Non Operating": NaN,
        "Operating Income": NaN,
        "Operating Expense": NaN,
        "Research And Development": NaN,
        "Selling General And Administration": NaN,
        "Gross Profit": NaN,
        "Cost Of Revenue": NaN,
        "Total Revenue": NaN,
        "Operating Revenue": NaN
    },
    "2023-12-31": {
        "Tax Effect Of Unusual Items": NaN,
        "Tax Rate For Calcs": NaN,
        "Normalized EBITDA": NaN,
        "Net Income From Continuing Operation Net Minority Interest": NaN,
        "Reconciled Depreciation": NaN,
        "Reconciled Cost Of Revenue": NaN,
        "EBITDA": NaN,
        "EBIT": NaN,
        "Net Interest Income": NaN,
        "Interest Expense": NaN,
        "Interest Income": NaN,
        "Normalized Income": NaN,
        "Net Income From Continuing And Discontinued Operation": NaN,
        "Total Expenses": NaN,
        "Total Operating Income As Reported": NaN,
        "Diluted Average Shares": NaN,
        "Basic Average Shares": NaN,
        "Diluted EPS": NaN,
        "Basic EPS": NaN,
        "Diluted NI Availto Com Stockholders": NaN,
        "Net Income Common Stockholders": NaN,
        "Net Income": NaN,
        "Net Income Including Noncontrolling Interests": NaN,
        "Net Income Continuous Operations": NaN,
        "Tax Provision": 1100000.0,
        "Pretax Income": NaN,
        "Other Income Expense": NaN,
        "Other Non Operating Income Expenses": NaN,
        "Net Non Operating Interest Income Expense": NaN,
        "Interest Expense Non Operating": NaN,
        "Interest Income Non Operating": NaN,
        "Operating Income": NaN,
        "Operating Expense": NaN,
        "Research And Development": NaN,
        "Selling General And Administration": NaN,
        "Gross Profit": NaN,
        "Cost Of Revenue": NaN,
        "Total Revenue": NaN,
        "Operating Revenue": NaN
    },
    "2024-03-31": {
        "Tax Effect Of Unusual Items": NaN,
        "Tax Rate For Calcs": NaN,
        "Normalized EBITDA": NaN,
        "Net Income From Continuing Operation Net Minority Interest": NaN,
        "Reconciled Depreciation": NaN,
        "Reconciled Cost Of Revenue": NaN,
        "EBITDA": NaN,
        "EBIT": NaN,
        "Net Interest Income": NaN,
        "Interest Expense": NaN,
        "Interest Income": NaN,
        "Normalized Income": NaN,
        "Net Income From Continuing And Discontinued Operation": NaN,
        "Total Expenses": NaN,
        "Total Operating Income As Reported": NaN,
        "Diluted Average Shares": 48141000.0,
        "Basic Average Shares": 48141000.0,
        "Diluted EPS": -0.08,
        "Basic EPS": -0.08,
        "Diluted NI Availto Com Stockholders": NaN,
        "Net Income Common Stockholders": NaN,
        "Net Income": NaN,
        "Net Income Including Noncontrolling Interests": NaN,
        "Net Income Continuous Operations": NaN,
        "Tax Provision": NaN,
        "Pretax Income": NaN,
        "Other Income Expense": NaN,
        "Other Non Operating Income Expenses": NaN,
        "Net Non Operating Interest Income Expense": NaN,
        "Interest Expense Non Operating": NaN,
        "Interest Income Non Operating": NaN,
        "Operating Income": NaN,
        "Operating Expense": NaN,
        "Research And Development": NaN,
        "Selling General And Administration": NaN,
        "Gross Profit": NaN,
        "Cost Of Revenue": NaN,
        "Total Revenue": NaN,
        "Operating Revenue": NaN
    },
    "2024-06-30": {
        "Tax Effect Of Unusual Items": 0.0,
        "Tax Rate For Calcs": 0.0,
        "Normalized EBITDA": -3206000.0,
        "Net Income From Continuing Operation Net Minority Interest": -4682000.0,
        "Reconciled Depreciation": 1323000.0,
        "Reconciled Cost Of Revenue": 16061000.0,
        "EBITDA": -3206000.0,
        "EBIT": -4529000.0,
        "Net Interest Income": 1357000.0,
        "Interest Expense": 153000.0,
        "Interest Income": 1510000.0,
        "Normalized Income": -4682000.0,
        "Net Income From Continuing And Discontinued Operation": -4682000.0,
        "Total Expenses": 58693000.0,
        "Total Operating Income As Reported": -6031000.0,
        "Diluted Average Shares": 48686000.0,
        "Basic Average Shares": 48686000.0,
        "Diluted EPS": -0.1,
        "Basic EPS": -0.1,
        "Diluted NI Availto Com Stockholders": -4682000.0,
        "Net Income Common Stockholders": -4682000.0,
        "Net Income": -4682000.0,
        "Net Income Including Noncontrolling Interests": -4682000.0,
        "Net Income Continuous Operations": -4682000.0,
        "Tax Provision": NaN,
        "Pretax Income": -4682000.0,
        "Other Income Expense": -8000.0,
        "Other Non Operating Income Expenses": -8000.0,
        "Net Non Operating Interest Income Expense": 1357000.0,
        "Interest Expense Non Operating": 153000.0,
        "Interest Income Non Operating": 1510000.0,
        "Operating Income": -6031000.0,
        "Operating Expense": 42632000.0,
        "Research And Development": 7363000.0,
        "Selling General And Administration": 35269000.0,
        "Gross Profit": 36601000.0,
        "Cost Of Revenue": 16061000.0,
        "Total Revenue": 52662000.0,
        "Operating Revenue": 52662000.0
    },
    "2024-09-30": {
        "Tax Effect Of Unusual Items": 0.0,
        "Tax Rate For Calcs": 0.0,
        "Normalized EBITDA": 579000.0,
        "Net Income From Continuing Operation Net Minority Interest": -901000.0,
        "Reconciled Depreciation": 1326000.0,
        "Reconciled Cost Of Revenue": 16252000.0,
        "EBITDA": 579000.0,
        "EBIT": -747000.0,
        "Net Interest Income": 1424000.0,
        "Interest Expense": 154000.0,
        "Interest Income": 1578000.0,
        "Normalized Income": -901000.0,
        "Net Income From Continuing And Discontinued Operation": -901000.0,
        "Total Expenses": 60370000.0,
        "Total Operating Income As Reported": -2465000.0,
        "Diluted Average Shares": 49085000.0,
        "Basic Average Shares": 49085000.0,
        "Diluted EPS": -0.02,
        "Basic EPS": -0.02,
        "Diluted NI Availto Com Stockholders": -901000.0,
        "Net Income Common Stockholders": -901000.0,
        "Net Income": -901000.0,
        "Net Income Including Noncontrolling Interests": -901000.0,
        "Net Income Continuous Operations": -901000.0,
        "Tax Provision": 0.0,
        "Pretax Income": -901000.0,
        "Other Income Expense": 140000.0,
        "Other Non Operating Income Expenses": 140000.0,
        "Net Non Operating Interest Income Expense": 1424000.0,
        "Interest Expense Non Operating": 154000.0,
        "Interest Income Non Operating": 1578000.0,
        "Operating Income": -2465000.0,
        "Operating Expense": 44118000.0,
        "Research And Development": 6093000.0,
        "Selling General And Administration": 38025000.0,
        "Gross Profit": 41653000.0,
        "Cost Of Revenue": 16252000.0,
        "Total Revenue": 57905000.0,
        "Operating Revenue": 57905000.0
    },
    "2024-12-31": {
        "Tax Effect Of Unusual Items": 0.0,
        "Tax Rate For Calcs": 0.007417,
        "Normalized EBITDA": 21586000.0,
        "Net Income From Continuing Operation Net Minority Interest": 19807000.0,
        "Reconciled Depreciation": 1477000.0,
        "Reconciled Cost Of Revenue": 16877000.0,
        "EBITDA": 21586000.0,
        "EBIT": 20109000.0,
        "Net Interest Income": 1406000.0,
        "Interest Expense": 154000.0,
        "Interest Income": 1560000.0,
        "Normalized Income": 19807000.0,
        "Net Income From Continuing And Discontinued Operation": 19807000.0,
        "Total Expenses": 56897000.0,
        "Total Operating Income As Reported": 18479000.0,
        "Diluted Average Shares": 52210000.0,
        "Basic Average Shares": 49469000.0,
        "Diluted EPS": 0.38,
        "Basic EPS": 0.4,
        "Diluted NI Availto Com Stockholders": 19807000.0,
        "Net Income Common Stockholders": 19807000.0,
        "Net Income": 19807000.0,
        "Net Income Including Noncontrolling Interests": 19807000.0,
        "Net Income Continuous Operations": 19807000.0,
        "Tax Provision": 148000.0,
        "Pretax Income": 19955000.0,
        "Other Income Expense": 70000.0,
        "Other Non Operating Income Expenses": 70000.0,
        "Net Non Operating Interest Income Expense": 1406000.0,
        "Interest Expense Non Operating": 154000.0,
        "Interest Income Non Operating": 1560000.0,
        "Operating Income": 18479000.0,
        "Operating Expense": 40020000.0,
        "Research And Development": 4923000.0,
        "Selling General And Administration": 35097000.0,
        "Gross Profit": 58499000.0,
        "Cost Of Revenue": 16877000.0,
        "Total Revenue": 75376000.0,
        "Operating Revenue": 75376000.0
    },
    "2025-03-31": {
        "Tax Effect Of Unusual Items": 0.0,
        "Tax Rate For Calcs": 0.0,
        "Normalized EBITDA": -8407000.0,
        "Net Income From Continuing Operation Net Minority Interest": -11246000.0,
        "Reconciled Depreciation": 2686000.0,
        "Reconciled Cost Of Revenue": 16325000.0,
        "EBITDA": -8407000.0,
        "EBIT": -11093000.0,
        "Net Interest Income": 1504000.0,
        "Interest Expense": 153000.0,
        "Interest Income": 1657000.0,
        "Normalized Income": -11246000.0,
        "Net Income From Continuing And Discontinued Operation": -11246000.0,
        "Total Expenses": 65390000.0,
        "Total Operating Income As Reported": -12792000.0,
        "Diluted Average Shares": 49905000.0,
        "Basic Average Shares": 49905000.0,
        "Diluted EPS": -0.23,
        "Basic EPS": -0.23,
        "Diluted NI Availto Com Stockholders": -11246000.0,
        "Net Income Common Stockholders": -11246000.0,
        "Net Income": -11246000.0,
        "Net Income Including Noncontrolling Interests": -11246000.0,
        "Net Income Continuous Operations": -11246000.0,
        "Tax Provision": NaN,
        "Pretax Income": -11246000.0,
        "Other Income Expense": 42000.0,
        "Other Non Operating Income Expenses": 42000.0,
        "Net Non Operating Interest Income Expense": 1504000.0,
        "Interest Expense Non Operating": 153000.0,
        "Interest Income Non Operating": 1657000.0,
        "Operating Income": -12792000.0,
        "Operating Expense": 49065000.0,
        "Research And Development": 7261000.0,
        "Selling General And Administration": 41804000.0,
        "Gross Profit": 36273000.0,
        "Cost Of Revenue": 16325000.0,
        "Total Revenue": 52598000.0,
        "Operating Revenue": 52598000.0
    },
    "2025-06-30": {
        "Tax Effect Of Unusual Items": 0.0,
        "Tax Rate For Calcs": 0.0,
        "Normalized EBITDA": 2430000.0,
        "Net Income From Continuing Operation Net Minority Interest": -553000.0,
        "Reconciled Depreciation": 2826000.0,
        "Reconciled Cost Of Revenue": 16627000.0,
        "EBITDA": 2430000.0,
        "EBIT": -396000.0,
        "Net Interest Income": 1500000.0,
        "Interest Expense": 157000.0,
        "Interest Income": 1657000.0,
        "Normalized Income": -553000.0,
        "Net Income From Continuing And Discontinued Operation": -553000.0,
        "Total Expenses": 65269000.0,
        "Total Operating Income As Reported": -2029000.0,
        "Diluted Average Shares": NaN,
        "Basic Average Shares": NaN,
        "Diluted EPS": NaN,
        "Basic EPS": NaN,
        "Diluted NI Availto Com Stockholders": -553000.0,
        "Net Income Common Stockholders": -553000.0,
        "Net Income": -553000.0,
        "Net Income Including Noncontrolling Interests": -553000.0,
        "Net Income Continuous Operations": -553000.0,
        "Tax Provision": NaN,
        "Pretax Income": -553000.0,
        "Other Income Expense": -24000.0,
        "Other Non Operating Income Expenses": -24000.0,
        "Net Non Operating Interest Income Expense": 1500000.0,
        "Interest Expense Non Operating": 157000.0,
        "Interest Income Non Operating": 1657000.0,
        "Operating Income": -2029000.0,
        "Operating Expense": 48642000.0,
        "Research And Development": 6731000.0,
        "Selling General And Administration": 41911000.0,
        "Gross Profit": 46613000.0,
        "Cost Of Revenue": 16627000.0,
        "Total Revenue": 63240000.0,
        "Operating Revenue": 63240000.0
    }
}