{
    "2023-03-31": {
        "Tax Effect Of Unusual Items": 0.0,
        "Tax Rate For Calcs": 0.0,
        "Normalized EBITDA": -233000.0,
        "Total Unusual Items": -1181000.0,
        "Total Unusual Items Excluding Goodwill": -1181000.0,
        "Net Income From Continuing Operation Net Minority Interest": -8091000.0,
        "Reconciled Depreciation": 6670000.0,
        "Reconciled Cost Of Revenue": 25600000.0,
        "EBITDA": -1414000.0,
        "EBIT": -8084000.0,
        "Net Interest Income": 1182000.0,
        "Interest Expense": 7000.0,
        "Interest Income": 1189000.0,
        "Normalized Income": -6910000.0,
        "Net Income From Continuing And Discontinued Operation": -8091000.0,
        "Total Expenses": 90501000.0,
        "Rent Expense Supplemental": 1437000.0,
        "Total Operating Income As Reported": -10498000.0,
        "Diluted Average Shares": 72175457.0,
        "Basic Average Shares": 72175457.0,
        "Diluted EPS": -0.11,
        "Basic EPS": -0.11,
        "Diluted NI Availto Com Stockholders": -8091000.0,
        "Net Income Common Stockholders": -8091000.0,
        "Net Income": -8091000.0,
        "Net Income Including Noncontrolling Interests": -8091000.0,
        "Net Income Continuous Operations": -8091000.0,
        "Tax Provision": 0.0,
        "Pretax Income": -8091000.0,
        "Other Income Expense": -1194000.0,
        "Other Non Operating Income Expenses": -13000.0,
        "Special Income Charges": -1410000.0,
        "Impairment Of Capital Assets": 1410000.0,
        "Gain On Sale Of Security": 229000.0,
        "Net Non Operating Interest Income Expense": 1182000.0,
        "Interest Expense Non Operating": 7000.0,
        "Interest Income Non Operating": 1189000.0,
        "Operating Income": -8079000.0,
        "Operating Expense": 64272000.0,
        "Other Taxes": -1009000.0,
        "Depreciation Amortization Depletion Income Statement": 6041000.0,
        "Depreciation And Amortization In Income Statement": 6041000.0,
        "Amortization": 5329000.0,
        "Amortization Of Intangibles Income Statement": 5329000.0,
        "Depreciation Income Statement": 712000.0,
        "Research And Development": 12769000.0,
        "Selling General And Administration": 46471000.0,
        "Selling And Marketing Expense": 6459000.0,
        "General And Administrative Expense": 40012000.0,
        "Other Gand A": 3331000.0,
        "Rent And Landing Fees": 1437000.0,
        "Salaries And Wages": 35244000.0,
        "Gross Profit": 56193000.0,
        "Cost Of Revenue": 26229000.0,
        "Total Revenue": 82422000.0,
        "Operating Revenue": 82422000.0
    },
    "2022-12-31": {
        "Tax Effect Of Unusual Items": 182700.0,
        "Tax Rate For Calcs": 0.21,
        "Normalized EBITDA": 2250000.0,
        "Total Unusual Items": 870000.0,
        "Total Unusual Items Excluding Goodwill": 870000.0,
        "Net Income From Continuing Operation Net Minority Interest": -3844000.0,
        "Reconciled Depreciation": 6556000.0,
        "Reconciled Cost Of Revenue": 26186000.0,
        "EBITDA": 3120000.0,
        "EBIT": -3436000.0,
        "Net Interest Income": 1143000.0,
        "Interest Expense": 5000.0,
        "Interest Income": 1148000.0,
        "Normalized Income": -4531300.0,
        "Net Income From Continuing And Discontinued Operation": -3844000.0,
        "Total Expenses": 86084000.0,
        "Rent Expense Supplemental": 1400000.0,
        "Total Operating Income As Reported": -5420000.0,
        "Diluted Average Shares": 71825754.0,
        "Basic Average Shares": 71825754.0,
        "Diluted EPS": -0.05,
        "Basic EPS": -0.05,
        "Diluted NI Availto Com Stockholders": -3844000.0,
        "Net Income Common Stockholders": -3844000.0,
        "Net Income": -3844000.0,
        "Net Income Including Noncontrolling Interests": -3844000.0,
        "Net Income Continuous Operations": -3844000.0,
        "Tax Provision": 403000.0,
        "Pretax Income": -3441000.0,
        "Other Income Expense": 1203000.0,
        "Other Non Operating Income Expenses": 333000.0,
        "Special Income Charges": NaN,
        "Impairment Of Capital Assets": NaN,
        "Gain On Sale Of Security": 870000.0,
        "Net Non Operating Interest Income Expense": 1143000.0,
        "Interest Expense Non Operating": 5000.0,
        "Interest Income Non Operating": 1148000.0,
        "Operating Income": -5787000.0,
        "Operating Expense": 59253000.0,
        "Other Taxes": 367000.0,
        "Depreciation Amortization Depletion Income Statement": 5911000.0,
        "Depreciation And Amortization In Income Statement": 5911000.0,
        "Amortization": 5264000.0,
        "Amortization Of Intangibles Income Statement": 5264000.0,
        "Depreciation Income Statement": 647000.0,
        "Research And Development": 11287000.0,
        "Selling General And Administration": 41688000.0,
        "Selling And Marketing Expense": 78818000.0,
        "General And Administrative Expense": -37130000.0,
        "Other Gand A": 3525000.0,
        "Rent And Landing Fees": 1400000.0,
        "Salaries And Wages": -42055000.0,
        "Gross Profit": 53466000.0,
        "Cost Of Revenue": 26831000.0,
        "Total Revenue": 80297000.0,
        "Operating Revenue": 80297000.0
    },
    "2022-09-30": {
        "Tax Effect Of Unusual Items": NaN,
        "Tax Rate For Calcs": NaN,
        "Normalized EBITDA": NaN,
        "Total Unusual Items": NaN,
        "Total Unusual Items Excluding Goodwill": NaN,
        "Net Income From Continuing Operation Net Minority Interest": NaN,
        "Reconciled Depreciation": NaN,
        "Reconciled Cost Of Revenue": NaN,
        "EBITDA": NaN,
        "EBIT": NaN,
        "Net Interest Income": NaN,
        "Interest Expense": NaN,
        "Interest Income": NaN,
        "Normalized Income": NaN,
        "Net Income From Continuing And Discontinued Operation": NaN,
        "Total Expenses": NaN,
        "Rent Expense Supplemental": NaN,
        "Total Operating Income As Reported": NaN,
        "Diluted Average Shares": NaN,
        "Basic Average Shares": NaN,
        "Diluted EPS": NaN,
        "Basic EPS": NaN,
        "Diluted NI Availto Com Stockholders": NaN,
        "Net Income Common Stockholders": NaN,
        "Net Income": NaN,
        "Net Income Including Noncontrolling Interests": NaN,
        "Net Income Continuous Operations": NaN,
        "Tax Provision": NaN,
        "Pretax Income": NaN,
        "Other Income Expense": NaN,
        "Other Non Operating Income Expenses": NaN,
        "Special Income Charges": 0.0,
        "Impairment Of Capital Assets": 0.0,
        "Gain On Sale Of Security": NaN,
        "Net Non Operating Interest Income Expense": NaN,
        "Interest Expense Non Operating": NaN,
        "Interest Income Non Operating": NaN,
        "Operating Income": NaN,
        "Operating Expense": NaN,
        "Other Taxes": NaN,
        "Depreciation Amortization Depletion Income Statement": NaN,
        "Depreciation And Amortization In Income Statement": NaN,
        "Amortization": NaN,
        "Amortization Of Intangibles Income Statement": NaN,
        "Depreciation Income Statement": NaN,
        "Research And Development": NaN,
        "Selling General And Administration": NaN,
        "Selling And Marketing Expense": NaN,
        "General And Administrative Expense": NaN,
        "Other Gand A": NaN,
        "Rent And Landing Fees": NaN,
        "Salaries And Wages": NaN,
        "Gross Profit": NaN,
        "Cost Of Revenue": NaN,
        "Total Revenue": NaN,
        "Operating Revenue": NaN
    },
    "2022-06-30": {
        "Tax Effect Of Unusual Items": 0.0,
        "Tax Rate For Calcs": 0.011921,
        "Normalized EBITDA": -5342000.0,
        "Total Unusual Items": -365000.0,
        "Total Unusual Items Excluding Goodwill": -365000.0,
        "Net Income From Continuing Operation Net Minority Interest": -9532000.0,
        "Reconciled Depreciation": 5391000.0,
        "Reconciled Cost Of Revenue": 25030000.0,
        "EBITDA": -5342000.0,
        "EBIT": -10733000.0,
        "Net Interest Income": 142000.0,
        "Interest Expense": 70000.0,
        "Interest Income": 212000.0,
        "Normalized Income": -9532000.0,
        "Net Income From Continuing And Discontinued Operation": -9532000.0,
        "Total Expenses": 83597000.0,
        "Rent Expense Supplemental": 1481000.0,
        "Total Operating Income As Reported": -10733000.0,
        "Diluted Average Shares": 71476966.0,
        "Basic Average Shares": 71476966.0,
        "Diluted EPS": -0.13,
        "Basic EPS": -0.13,
        "Diluted NI Availto Com Stockholders": -9532000.0,
        "Net Income Common Stockholders": -9532000.0,
        "Net Income": -9532000.0,
        "Net Income Including Noncontrolling Interests": -9532000.0,
        "Net Income Continuous Operations": -9532000.0,
        "Tax Provision": -115000.0,
        "Pretax Income": -9647000.0,
        "Other Income Expense": 1086000.0,
        "Other Non Operating Income Expenses": 1086000.0,
        "Gain On Sale Of Security": -365000.0,
        "Net Non Operating Interest Income Expense": 142000.0,
        "Interest Expense Non Operating": 70000.0,
        "Interest Income Non Operating": 212000.0,
        "Operating Income": -10733000.0,
        "Operating Expense": 58567000.0,
        "Other Taxes": -936000.0,
        "Depreciation Amortization Depletion Income Statement": 5391000.0,
        "Depreciation And Amortization In Income Statement": 5391000.0,
        "Amortization": 5391000.0,
        "Amortization Of Intangibles Income Statement": 5391000.0,
        "Depreciation Income Statement": 535000.0,
        "Research And Development": 9377000.0,
        "Selling General And Administration": 43799000.0,
        "Selling And Marketing Expense": 24001000.0,
        "General And Administrative Expense": 19798000.0,
        "Other Gand A": 19798000.0,
        "Rent And Landing Fees": 1481000.0,
        "Salaries And Wages": 28853000.0,
        "Gross Profit": 47834000.0,
        "Cost Of Revenue": 25030000.0,
        "Total Revenue": 72864000.0,
        "Operating Revenue": 72864000.0
    },
    "2022-03-31": {
        "Diluted EPS": -0.2,
        "Total Revenue": 68,
        "Gross Profit": 44,
        "Operating Income": -15,
        "EBIT": -9,
        "Net Income": -14
    },
    "2021-12-31": {
        "Diluted EPS": -0.12,
        "Total Revenue": 67,
        "Gross Profit": 44,
        "Operating Income": -12,
        "EBIT": -6,
        "Net Income": -11
    },
    "2021-09-30": {
        "Diluted EPS": -0.2,
        "Total Revenue": 60,
        "Gross Profit": 39,
        "Operating Income": -17,
        "EBIT": -11,
        "Net Income": -14
    },
    "2021-06-30": {
        "Diluted EPS": -0.13,
        "Total Revenue": 55,
        "Gross Profit": 38,
        "Operating Income": -7,
        "EBIT": -3,
        "Net Income": -9
    },
    "2021-03-31": {
        "Diluted EPS": -0.66,
        "Total Revenue": 37,
        "Gross Profit": 24,
        "Operating Income": -45,
        "EBIT": -43,
        "Net Income": -42
    },
    "2020-12-31": {
        "Diluted EPS": -0.12,
        "Total Revenue": 35,
        "Gross Profit": 23,
        "Operating Income": -8,
        "EBIT": -6,
        "Net Income": -8
    },
    "2020-09-30": {
        "Diluted EPS": -0.08,
        "Total Revenue": 31,
        "Gross Profit": 21,
        "Operating Income": -4,
        "EBIT": -2,
        "Net Income": -4
    },
    "2020-06-30": {
        "Diluted EPS": -0.22,
        "Total Revenue": 21,
        "Gross Profit": 13,
        "Operating Income": -11,
        "EBIT": -9,
        "Net Income": -11
    },
    "2020-03-31": {
        "Diluted EPS": -0.24,
        "Total Revenue": 31,
        "Gross Profit": 19,
        "Operating Income": -12,
        "EBIT": -10,
        "Net Income": -12
    },
    "2019-12-31": {
        "Diluted EPS": -0.15,
        "Total Revenue": 30,
        "Gross Profit": 20,
        "Operating Income": -8,
        "EBIT": -7,
        "Net Income": -7
    },
    "2019-09-30": {
        "Diluted EPS": -0.02,
        "Total Revenue": 31,
        "Gross Profit": 22,
        "Operating Income": -2,
        "EBIT": -1,
        "Net Income": -1
    },
    "2019-06-30": {
        "Diluted EPS": -0.05,
        "Total Revenue": 30,
        "Gross Profit": 21,
        "Operating Income": -3,
        "EBIT": -2,
        "Net Income": -2
    },
    "2019-03-31": {
        "Diluted EPS": -0.05,
        "Total Revenue": 30,
        "Gross Profit": 21,
        "Operating Income": -2,
        "EBIT": -1,
        "Net Income": -2
    },
    "2018-12-31": {
        "Diluted EPS": -0.05,
        "Total Revenue": 26,
        "Gross Profit": 17,
        "Operating Income": -3,
        "EBIT": -2,
        "Net Income": -3
    },
    "2018-09-30": {
        "Diluted EPS": -0.12,
        "Total Revenue": 23,
        "Gross Profit": 15,
        "Operating Income": -4,
        "EBIT": -3,
        "Net Income": -4
    },
    "2018-06-30": {
        "Diluted EPS": -0.18,
        "Total Revenue": 23,
        "Gross Profit": 15,
        "Operating Income": -6,
        "EBIT": -5,
        "Net Income": -6
    },
    "2018-03-31": {
        "Diluted EPS": -0.27,
        "Total Revenue": 20,
        "Gross Profit": 12,
        "Operating Income": -9,
        "EBIT": -8,
        "Net Income": -9
    },
    "2017-12-31": {
        "Diluted EPS": -0.24,
        "Total Revenue": 20,
        "Gross Profit": 12,
        "Operating Income": -6,
        "EBIT": -5,
        "Net Income": -8
    },
    "2017-09-30": {
        "Diluted EPS": -0.21,
        "Total Revenue": 18,
        "Gross Profit": 10,
        "Operating Income": -6,
        "EBIT": -5,
        "Net Income": -7
    },
    "2017-06-30": {
        "Diluted EPS": -0.22,
        "Total Revenue": 18,
        "Gross Profit": 11,
        "Operating Income": -7,
        "EBIT": -6,
        "Net Income": -7
    },
    "2017-03-31": {
        "Diluted EPS": -0.24,
        "Total Revenue": 16,
        "Gross Profit": 10,
        "Operating Income": -8,
        "EBIT": -7,
        "Net Income": -8
    },
    "2016-12-31": {
        "Diluted EPS": -0.13,
        "Total Revenue": 18,
        "Gross Profit": 12,
        "Operating Income": -4,
        "EBIT": -3,
        "Net Income": -4
    },
    "2016-09-30": {
        "Diluted EPS": -0.2,
        "Total Revenue": 19,
        "Gross Profit": 12,
        "Operating Income": -5,
        "EBIT": -4,
        "Net Income": -6
    },
    "2016-06-30": {
        "Diluted EPS": -0.4,
        "Total Revenue": 15,
        "Gross Profit": 8,
        "Operating Income": -10,
        "EBIT": -10,
        "Net Income": -11
    },
    "2016-03-31": {
        "Diluted EPS": -0.36,
        "Total Revenue": 14,
        "Gross Profit": 7,
        "Operating Income": -10,
        "EBIT": -9,
        "Net Income": -10
    },
    "2015-12-31": {
        "Diluted EPS": -0.29,
        "Total Revenue": 14,
        "Gross Profit": 8,
        "Operating Income": -8,
        "EBIT": -8,
        "Net Income": -8
    },
    "2015-09-30": {
        "Diluted EPS": -0.32,
        "Total Revenue": 12,
        "Gross Profit": 7,
        "Operating Income": -9,
        "EBIT": -9,
        "Net Income": -9
    },
    "2015-06-30": {
        "Diluted EPS": -0.35,
        "Total Revenue": 12,
        "Gross Profit": 7,
        "Operating Income": -9,
        "EBIT": -9,
        "Net Income": -9
    },
    "2015-03-31": {
        "Diluted EPS": -0.34,
        "Total Revenue": 11,
        "Gross Profit": 7,
        "Operating Income": -8,
        "EBIT": -8,
        "Net Income": -8
    },
    "2014-12-31": {
        "Diluted EPS": -0.36,
        "Total Revenue": 12,
        "Gross Profit": 7,
        "Operating Income": -8,
        "EBIT": -8,
        "Net Income": -8
    },
    "2014-09-30": {
        "Diluted EPS": -0.37,
        "Total Revenue": 10,
        "Gross Profit": 6,
        "Operating Income": -8,
        "EBIT": -8,
        "Net Income": -8
    },
    "2014-06-30": {
        "Diluted EPS": -0.31,
        "Total Revenue": 9,
        "Gross Profit": 5,
        "Operating Income": -7,
        "EBIT": -7,
        "Net Income": -7
    },
    "2014-03-31": {
        "Diluted EPS": -0.32,
        "Total Revenue": 7,
        "Gross Profit": 4,
        "Operating Income": -7,
        "EBIT": -7,
        "Net Income": -7
    },
    "2013-12-31": {
        "Diluted EPS": 17.01,
        "Total Revenue": 7,
        "Gross Profit": 3,
        "Operating Income": -6,
        "EBIT": -6,
        "Net Income": -6
    },
    "2013-09-30": {
        "Diluted EPS": -6.59,
        "Total Revenue": 6,
        "Gross Profit": 2,
        "Operating Income": -6,
        "EBIT": -6,
        "Net Income": -6
    },
    "2013-06-30": {
        "Diluted EPS": -7.53,
        "Total Revenue": 5,
        "Gross Profit": 2,
        "Operating Income": -5,
        "EBIT": -6,
        "Net Income": -6
    },
    "2013-03-31": {
        "Diluted EPS": -9.04,
        "Total Revenue": 4,
        "Gross Profit": 2,
        "Operating Income": -6,
        "EBIT": -6,
        "Net Income": -7
    },
    "2012-12-31": {
        "Diluted EPS": 0.0,
        "Total Revenue": NaN,
        "Gross Profit": NaN,
        "Operating Income": NaN,
        "EBIT": NaN,
        "Net Income": NaN
    },
    "2012-09-30": {
        "Diluted EPS": -7.49,
        "Total Revenue": 3,
        "Gross Profit": 1,
        "Operating Income": -5,
        "EBIT": -5,
        "Net Income": -5
    },
    "2012-06-30": {
        "Diluted EPS": 0.0,
        "Total Revenue": NaN,
        "Gross Profit": NaN,
        "Operating Income": NaN,
        "EBIT": NaN,
        "Net Income": NaN
    },
    "2011-12-31": {
        "Diluted EPS": 0.0,
        "Total Revenue": NaN,
        "Gross Profit": NaN,
        "Operating Income": NaN,
        "EBIT": NaN,
        "Net Income": NaN
    },
    "2023-06-30": {
        "Tax Effect Of Unusual Items": -17220.0,
        "Tax Rate For Calcs": 0.21,
        "Normalized EBITDA": -1333000.0,
        "Total Unusual Items": -82000.0,
        "Total Unusual Items Excluding Goodwill": -82000.0,
        "Net Income From Continuing Operation Net Minority Interest": -8402000.0,
        "Reconciled Depreciation": 6859000.0,
        "Reconciled Cost Of Revenue": 28922000.0,
        "EBITDA": -1415000.0,
        "EBIT": -8274000.0,
        "Net Interest Income": 1255000.0,
        "Interest Expense": 3000.0,
        "Interest Income": 1258000.0,
        "Normalized Income": -8337220.0,
        "Net Income From Continuing And Discontinued Operation": -8402000.0,
        "Total Expenses": 99856000.0,
        "Rent Expense Supplemental": 2243000.0,
        "Total Operating Income As Reported": -8051000.0,
        "Diluted Average Shares": 72478662.0,
        "Basic Average Shares": 72478662.0,
        "Diluted EPS": -0.12,
        "Basic EPS": -0.12,
        "Diluted NI Availto Com Stockholders": -8402000.0,
        "Net Income Common Stockholders": -8402000.0,
        "Net Income": -8402000.0,
        "Net Income Including Noncontrolling Interests": -8402000.0,
        "Net Income Continuous Operations": -8402000.0,
        "Tax Provision": 125000.0,
        "Pretax Income": -8277000.0,
        "Other Income Expense": 2000.0,
        "Other Non Operating Income Expenses": 84000.0,
        "Special Income Charges": 0.0,
        "Impairment Of Capital Assets": 0.0,
        "Gain On Sale Of Security": -82000.0,
        "Net Non Operating Interest Income Expense": 1255000.0,
        "Interest Expense Non Operating": 3000.0,
        "Interest Income Non Operating": 1258000.0,
        "Operating Income": -9534000.0,
        "Operating Expense": 65354000.0,
        "Other Taxes": 1483000.0,
        "Depreciation Amortization Depletion Income Statement": 1279000.0,
        "Depreciation And Amortization In Income Statement": 1279000.0,
        "Amortization": 527000.0,
        "Amortization Of Intangibles Income Statement": 527000.0,
        "Depreciation Income Statement": 752000.0,
        "Research And Development": 12541000.0,
        "Selling General And Administration": 50051000.0,
        "Selling And Marketing Expense": 6957000.0,
        "General And Administrative Expense": 43094000.0,
        "Other Gand A": 3269000.0,
        "Rent And Landing Fees": 2243000.0,
        "Salaries And Wages": 37582000.0,
        "Gross Profit": 55820000.0,
        "Cost Of Revenue": 34502000.0,
        "Total Revenue": 90322000.0,
        "Operating Revenue": 90322000.0
    },
    "2023-09-30": {
        "Tax Effect Of Unusual Items": NaN,
        "Tax Rate For Calcs": NaN,
        "Normalized EBITDA": NaN,
        "Total Unusual Items": NaN,
        "Total Unusual Items Excluding Goodwill": NaN,
        "Net Income From Continuing Operation Net Minority Interest": NaN,
        "Reconciled Depreciation": NaN,
        "Reconciled Cost Of Revenue": NaN,
        "EBITDA": NaN,
        "EBIT": NaN,
        "Net Interest Income": NaN,
        "Interest Expense": NaN,
        "Interest Income": NaN,
        "Normalized Income": NaN,
        "Net Income From Continuing And Discontinued Operation": NaN,
        "Total Expenses": NaN,
        "Rent Expense Supplemental": 2304000.0,
        "Total Operating Income As Reported": NaN,
        "Diluted Average Shares": NaN,
        "Basic Average Shares": NaN,
        "Diluted EPS": NaN,
        "Basic EPS": NaN,
        "Diluted NI Availto Com Stockholders": NaN,
        "Net Income Common Stockholders": NaN,
        "Net Income": NaN,
        "Net Income Including Noncontrolling Interests": NaN,
        "Net Income Continuous Operations": NaN,
        "Tax Provision": NaN,
        "Pretax Income": NaN,
        "Other Income Expense": NaN,
        "Other Non Operating Income Expenses": NaN,
        "Special Income Charges": NaN,
        "Impairment Of Capital Assets": NaN,
        "Gain On Sale Of Security": NaN,
        "Net Non Operating Interest Income Expense": NaN,
        "Interest Expense Non Operating": NaN,
        "Interest Income Non Operating": NaN,
        "Operating Income": NaN,
        "Operating Expense": NaN,
        "Other Taxes": NaN,
        "Depreciation Amortization Depletion Income Statement": NaN,
        "Depreciation And Amortization In Income Statement": NaN,
        "Amortization": NaN,
        "Amortization Of Intangibles Income Statement": NaN,
        "Depreciation Income Statement": 1177000.0,
        "Research And Development": NaN,
        "Selling General And Administration": NaN,
        "Selling And Marketing Expense": NaN,
        "General And Administrative Expense": NaN,
        "Other Gand A": NaN,
        "Rent And Landing Fees": 2304000.0,
        "Salaries And Wages": NaN,
        "Gross Profit": NaN,
        "Cost Of Revenue": NaN,
        "Total Revenue": NaN,
        "Operating Revenue": NaN
    },
    "2023-12-31": {
        "Tax Effect Of Unusual Items": NaN,
        "Tax Rate For Calcs": NaN,
        "Normalized EBITDA": NaN,
        "Total Unusual Items": NaN,
        "Total Unusual Items Excluding Goodwill": NaN,
        "Net Income From Continuing Operation Net Minority Interest": NaN,
        "Reconciled Depreciation": NaN,
        "Reconciled Cost Of Revenue": NaN,
        "EBITDA": NaN,
        "EBIT": NaN,
        "Net Interest Income": NaN,
        "Interest Expense": 2000.0,
        "Interest Income": NaN,
        "Normalized Income": NaN,
        "Net Income From Continuing And Discontinued Operation": NaN,
        "Total Expenses": NaN,
        "Rent Expense Supplemental": 2129000.0,
        "Total Operating Income As Reported": NaN,
        "Diluted Average Shares": NaN,
        "Basic Average Shares": NaN,
        "Diluted EPS": NaN,
        "Basic EPS": NaN,
        "Diluted NI Availto Com Stockholders": NaN,
        "Net Income Common Stockholders": NaN,
        "Net Income": NaN,
        "Net Income Including Noncontrolling Interests": NaN,
        "Net Income Continuous Operations": NaN,
        "Tax Provision": NaN,
        "Pretax Income": NaN,
        "Other Income Expense": NaN,
        "Other Non Operating Income Expenses": NaN,
        "Special Income Charges": NaN,
        "Impairment Of Capital Assets": NaN,
        "Restructuring And Mergern Acquisition": NaN,
        "Gain On Sale Of Security": NaN,
        "Net Non Operating Interest Income Expense": NaN,
        "Interest Expense Non Operating": 2000.0,
        "Interest Income Non Operating": NaN,
        "Operating Income": NaN,
        "Operating Expense": NaN,
        "Other Taxes": NaN,
        "Depreciation Amortization Depletion Income Statement": NaN,
        "Depreciation And Amortization In Income Statement": NaN,
        "Amortization": NaN,
        "Amortization Of Intangibles Income Statement": NaN,
        "Depreciation Income Statement": 846000.0,
        "Research And Development": NaN,
        "Selling General And Administration": NaN,
        "Selling And Marketing Expense": NaN,
        "General And Administrative Expense": NaN,
        "Other Gand A": NaN,
        "Rent And Landing Fees": 2129000.0,
        "Salaries And Wages": NaN,
        "Gross Profit": NaN,
        "Cost Of Revenue": NaN,
        "Total Revenue": NaN,
        "Operating Revenue": NaN
    },
    "2024-03-31": {
        "Tax Effect Of Unusual Items": NaN,
        "Tax Rate For Calcs": NaN,
        "Normalized EBITDA": NaN,
        "Total Unusual Items": NaN,
        "Total Unusual Items Excluding Goodwill": NaN,
        "Net Income From Continuing Operation Net Minority Interest": NaN,
        "Reconciled Depreciation": NaN,
        "Reconciled Cost Of Revenue": NaN,
        "EBITDA": NaN,
        "EBIT": NaN,
        "Net Interest Income": NaN,
        "Interest Expense": 0.0,
        "Interest Income": NaN,
        "Normalized Income": NaN,
        "Net Income From Continuing And Discontinued Operation": NaN,
        "Total Expenses": NaN,
        "Rent Expense Supplemental": 2553000.0,
        "Total Operating Income As Reported": NaN,
        "Diluted Average Shares": NaN,
        "Basic Average Shares": NaN,
        "Diluted EPS": NaN,
        "Basic EPS": NaN,
        "Diluted NI Availto Com Stockholders": NaN,
        "Net Income Common Stockholders": NaN,
        "Net Income": NaN,
        "Net Income Including Noncontrolling Interests": NaN,
        "Net Income Continuous Operations": NaN,
        "Tax Provision": NaN,
        "Pretax Income": NaN,
        "Other Income Expense": NaN,
        "Other Non Operating Income Expenses": NaN,
        "Special Income Charges": NaN,
        "Write Off": NaN,
        "Impairment Of Capital Assets": 429000.0,
        "Restructuring And Mergern Acquisition": 5000.0,
        "Gain On Sale Of Security": NaN,
        "Net Non Operating Interest Income Expense": NaN,
        "Interest Expense Non Operating": 0.0,
        "Interest Income Non Operating": NaN,
        "Operating Income": NaN,
        "Operating Expense": NaN,
        "Other Taxes": -570000.0,
        "Depreciation Amortization Depletion Income Statement": NaN,
        "Depreciation And Amortization In Income Statement": NaN,
        "Amortization": NaN,
        "Amortization Of Intangibles Income Statement": NaN,
        "Depreciation Income Statement": 966000.0,
        "Research And Development": NaN,
        "Selling General And Administration": NaN,
        "Selling And Marketing Expense": NaN,
        "General And Administrative Expense": NaN,
        "Other Gand A": NaN,
        "Rent And Landing Fees": 2553000.0,
        "Salaries And Wages": NaN,
        "Gross Profit": NaN,
        "Cost Of Revenue": NaN,
        "Total Revenue": NaN,
        "Operating Revenue": NaN
    },
    "2024-06-30": {
        "Tax Effect Of Unusual Items": -227188.0,
        "Tax Rate For Calcs": 0.221,
        "Normalized EBITDA": 14128000.0,
        "Total Unusual Items": -1028000.0,
        "Total Unusual Items Excluding Goodwill": -1028000.0,
        "Net Income From Continuing Operation Net Minority Interest": 5734000.0,
        "Reconciled Depreciation": 5738000.0,
        "Reconciled Cost Of Revenue": 32657000.0,
        "EBITDA": 13100000.0,
        "EBIT": 7362000.0,
        "Net Interest Income": 2698000.0,
        "Interest Expense": 1000.0,
        "Interest Income": 2699000.0,
        "Normalized Income": 6534812.0,
        "Net Income From Continuing And Discontinued Operation": 5734000.0,
        "Total Expenses": 108965000.0,
        "Rent Expense Supplemental": 2539000.0,
        "Total Operating Income As Reported": 4606000.0,
        "Diluted Average Shares": 77163149.0,
        "Basic Average Shares": 76538325.0,
        "Diluted EPS": 0.07,
        "Basic EPS": 0.07,
        "Diluted NI Availto Com Stockholders": 5734000.0,
        "Net Income Common Stockholders": 5734000.0,
        "Net Income": 5734000.0,
        "Net Income Including Noncontrolling Interests": 5734000.0,
        "Net Income Continuous Operations": 5734000.0,
        "Tax Provision": 1627000.0,
        "Pretax Income": 7361000.0,
        "Other Income Expense": -800000.0,
        "Other Non Operating Income Expenses": 228000.0,
        "Special Income Charges": -857000.0,
        "Write Off": 0.0,
        "Impairment Of Capital Assets": 0.0,
        "Restructuring And Mergern Acquisition": 857000.0,
        "Gain On Sale Of Security": -171000.0,
        "Net Non Operating Interest Income Expense": 2698000.0,
        "Interest Expense Non Operating": 1000.0,
        "Interest Income Non Operating": 2699000.0,
        "Operating Income": 5463000.0,
        "Operating Expense": 72450000.0,
        "Other Taxes": -353000.0,
        "Depreciation Amortization Depletion Income Statement": 1880000.0,
        "Depreciation And Amortization In Income Statement": 1880000.0,
        "Amortization": 881000.0,
        "Amortization Of Intangibles Income Statement": 881000.0,
        "Depreciation Income Statement": 999000.0,
        "Research And Development": 16465000.0,
        "Selling General And Administration": 54105000.0,
        "Selling And Marketing Expense": 7135000.0,
        "General And Administrative Expense": 46970000.0,
        "Other Gand A": 4243000.0,
        "Rent And Landing Fees": 2539000.0,
        "Salaries And Wages": 40188000.0,
        "Gross Profit": 77913000.0,
        "Cost Of Revenue": 36515000.0,
        "Total Revenue": 114428000.0,
        "Operating Revenue": 114428000.0
    },
    "2024-09-30": {
        "Tax Effect Of Unusual Items": 130200.0,
        "Tax Rate For Calcs": 0.1,
        "Normalized EBITDA": 21425000.0,
        "Total Unusual Items": 1302000.0,
        "Total Unusual Items Excluding Goodwill": 1302000.0,
        "Net Income From Continuing Operation Net Minority Interest": 15155000.0,
        "Reconciled Depreciation": 5878000.0,
        "Reconciled Cost Of Revenue": 32957000.0,
        "EBITDA": 22727000.0,
        "EBIT": 16849000.0,
        "Net Interest Income": 2897000.0,
        "Interest Expense": 1000.0,
        "Interest Income": 2898000.0,
        "Normalized Income": 13983200.0,
        "Net Income From Continuing And Discontinued Operation": 15155000.0,
        "Total Expenses": 103190000.0,
        "Rent Expense Supplemental": 2736000.0,
        "Total Operating Income As Reported": 12017000.0,
        "Diluted Average Shares": 77013831.0,
        "Basic Average Shares": 77013831.0,
        "Diluted EPS": 0.19,
        "Basic EPS": 0.19,
        "Diluted NI Availto Com Stockholders": 15155000.0,
        "Net Income Common Stockholders": 15155000.0,
        "Net Income": 15155000.0,
        "Net Income Including Noncontrolling Interests": 15155000.0,
        "Net Income Continuous Operations": 15155000.0,
        "Tax Provision": 1693000.0,
        "Pretax Income": 16848000.0,
        "Other Income Expense": 1281000.0,
        "Other Non Operating Income Expenses": -21000.0,
        "Special Income Charges": -185000.0,
        "Write Off": NaN,
        "Impairment Of Capital Assets": 185000.0,
        "Restructuring And Mergern Acquisition": NaN,
        "Gain On Sale Of Security": 1487000.0,
        "Net Non Operating Interest Income Expense": 2897000.0,
        "Interest Expense Non Operating": 1000.0,
        "Interest Income Non Operating": 2898000.0,
        "Operating Income": 12670000.0,
        "Operating Expense": 66340000.0,
        "Other Taxes": -468000.0,
        "Depreciation Amortization Depletion Income Statement": 1985000.0,
        "Depreciation And Amortization In Income Statement": 1985000.0,
        "Amortization": 880000.0,
        "Amortization Of Intangibles Income Statement": 880000.0,
        "Depreciation Income Statement": 1105000.0,
        "Research And Development": 17574000.0,
        "Selling General And Administration": 47249000.0,
        "Selling And Marketing Expense": 6798000.0,
        "General And Administrative Expense": 40451000.0,
        "Other Gand A": 2943000.0,
        "Rent And Landing Fees": 2736000.0,
        "Salaries And Wages": 34772000.0,
        "Gross Profit": 79010000.0,
        "Cost Of Revenue": 36850000.0,
        "Total Revenue": 115860000.0,
        "Operating Revenue": 115860000.0
    },
    "2024-12-31": {
        "Tax Effect Of Unusual Items": -1166550.0,
        "Tax Rate For Calcs": 0.21,
        "Normalized EBITDA": 15251000.0,
        "Total Unusual Items": -5555000.0,
        "Total Unusual Items Excluding Goodwill": -5555000.0,
        "Net Income From Continuing Operation Net Minority Interest": 5113000.0,
        "Reconciled Depreciation": 6253000.0,
        "Reconciled Cost Of Revenue": 31353000.0,
        "EBITDA": 9696000.0,
        "EBIT": 3443000.0,
        "Net Interest Income": 2861000.0,
        "Interest Expense": 0.0,
        "Interest Income": 2861000.0,
        "Normalized Income": 9501450.0,
        "Net Income From Continuing And Discontinued Operation": 5113000.0,
        "Total Expenses": 112598000.0,
        "Rent Expense Supplemental": NaN,
        "Total Operating Income As Reported": 4175000.0,
        "Diluted Average Shares": 79905412.0,
        "Basic Average Shares": 77608924.0,
        "Diluted EPS": 0.06,
        "Basic EPS": 0.07,
        "Diluted NI Availto Com Stockholders": 5113000.0,
        "Net Income Common Stockholders": 5113000.0,
        "Net Income": 5113000.0,
        "Net Income Including Noncontrolling Interests": 5113000.0,
        "Net Income Continuous Operations": 5113000.0,
        "Tax Provision": -1670000.0,
        "Pretax Income": 3443000.0,
        "Other Income Expense": -5452000.0,
        "Other Non Operating Income Expenses": 103000.0,
        "Special Income Charges": -2754000.0,
        "Write Off": NaN,
        "Impairment Of Capital Assets": 2754000.0,
        "Restructuring And Mergern Acquisition": NaN,
        "Gain On Sale Of Security": -2801000.0,
        "Net Non Operating Interest Income Expense": 2861000.0,
        "Interest Expense Non Operating": 0.0,
        "Interest Income Non Operating": 2861000.0,
        "Operating Income": 6034000.0,
        "Operating Expense": 72720000.0,
        "Other Taxes": 895000.0,
        "Depreciation Amortization Depletion Income Statement": -2272000.0,
        "Depreciation And Amortization In Income Statement": -2272000.0,
        "Amortization": 798000.0,
        "Amortization Of Intangibles Income Statement": 798000.0,
        "Depreciation Income Statement": NaN,
        "Research And Development": 19290000.0,
        "Selling General And Administration": 54807000.0,
        "Selling And Marketing Expense": 7679000.0,
        "General And Administrative Expense": 47128000.0,
        "Other Gand A": 22820000.0,
        "Rent And Landing Fees": NaN,
        "Salaries And Wages": 32136000.0,
        "Gross Profit": 78754000.0,
        "Cost Of Revenue": 39878000.0,
        "Total Revenue": 118632000.0,
        "Operating Revenue": 118632000.0
    },
    "2025-03-31": {
        "Tax Effect Of Unusual Items": 178500.0,
        "Tax Rate For Calcs": 0.051,
        "Normalized EBITDA": 3026000.0,
        "Total Unusual Items": 3500000.0,
        "Total Unusual Items Excluding Goodwill": 3500000.0,
        "Net Income From Continuing Operation Net Minority Interest": 7047000.0,
        "Reconciled Depreciation": 5362000.0,
        "Reconciled Cost Of Revenue": 31280000.0,
        "EBITDA": 6526000.0,
        "EBIT": 1164000.0,
        "Net Interest Income": 2762000.0,
        "Interest Expense": NaN,
        "Interest Income": 2762000.0,
        "Normalized Income": 3725500.0,
        "Net Income From Continuing And Discontinued Operation": 7047000.0,
        "Total Expenses": 113309000.0,
        "Rent Expense Supplemental": 3111000.0,
        "Total Operating Income As Reported": 2904000.0,
        "Diluted Average Shares": 80056024.0,
        "Basic Average Shares": 78028254.0,
        "Diluted EPS": 0.09,
        "Basic EPS": 0.09,
        "Diluted NI Availto Com Stockholders": 7047000.0,
        "Net Income Common Stockholders": 7047000.0,
        "Net Income": 7047000.0,
        "Net Income Including Noncontrolling Interests": 7047000.0,
        "Net Income Continuous Operations": 7047000.0,
        "Tax Provision": 381000.0,
        "Pretax Income": 7428000.0,
        "Other Income Expense": 3502000.0,
        "Other Non Operating Income Expenses": 2000.0,
        "Special Income Charges": 1954000.0,
        "Write Off": NaN,
        "Impairment Of Capital Assets": 0.0,
        "Restructuring And Mergern Acquisition": -1954000.0,
        "Gain On Sale Of Security": 1546000.0,
        "Net Non Operating Interest Income Expense": 2762000.0,
        "Interest Expense Non Operating": NaN,
        "Interest Income Non Operating": 2762000.0,
        "Operating Income": 1164000.0,
        "Operating Expense": 78344000.0,
        "Other Taxes": -214000.0,
        "Depreciation Amortization Depletion Income Statement": 1677000.0,
        "Depreciation And Amortization In Income Statement": 1677000.0,
        "Amortization": 622000.0,
        "Amortization Of Intangibles Income Statement": 622000.0,
        "Depreciation Income Statement": 1055000.0,
        "Research And Development": 17720000.0,
        "Selling General And Administration": 59161000.0,
        "Selling And Marketing Expense": 6819000.0,
        "General And Administrative Expense": 52342000.0,
        "Other Gand A": 11423000.0,
        "Rent And Landing Fees": 3111000.0,
        "Salaries And Wages": 37808000.0,
        "Gross Profit": 79508000.0,
        "Cost Of Revenue": 34965000.0,
        "Total Revenue": 114473000.0,
        "Operating Revenue": 114473000.0
    },
    "2025-06-30": {
        "Tax Effect Of Unusual Items": -3408720.0,
        "Tax Rate For Calcs": 0.21,
        "Normalized EBITDA": 22971000.0,
        "Total Unusual Items": -16232000.0,
        "Total Unusual Items Excluding Goodwill": -16232000.0,
        "Net Income From Continuing Operation Net Minority Interest": -980000.0,
        "Reconciled Depreciation": 5489000.0,
        "Reconciled Cost Of Revenue": 36487000.0,
        "EBITDA": 6739000.0,
        "EBIT": 1250000.0,
        "Net Interest Income": 2937000.0,
        "Interest Expense": 0.0,
        "Interest Income": 2937000.0,
        "Normalized Income": 11843280.0,
        "Net Income From Continuing And Discontinued Operation": -980000.0,
        "Total Expenses": 115852000.0,
        "Rent Expense Supplemental": 2807000.0,
        "Total Operating Income As Reported": -5268000.0,
        "Diluted Average Shares": 78391502.0,
        "Basic Average Shares": 78391502.0,
        "Diluted EPS": -0.01,
        "Basic EPS": -0.01,
        "Diluted NI Availto Com Stockholders": -980000.0,
        "Net Income Common Stockholders": -980000.0,
        "Net Income": -980000.0,
        "Net Income Including Noncontrolling Interests": -980000.0,
        "Net Income Continuous Operations": -980000.0,
        "Tax Provision": 2230000.0,
        "Pretax Income": 1250000.0,
        "Other Income Expense": -15999000.0,
        "Other Non Operating Income Expenses": 233000.0,
        "Special Income Charges": -19580000.0,
        "Write Off": 20505000.0,
        "Impairment Of Capital Assets": NaN,
        "Restructuring And Mergern Acquisition": -925000.0,
        "Gain On Sale Of Security": 3348000.0,
        "Net Non Operating Interest Income Expense": 2937000.0,
        "Interest Expense Non Operating": 0.0,
        "Interest Income Non Operating": 2937000.0,
        "Operating Income": 14312000.0,
        "Operating Expense": 75457000.0,
        "Other Taxes": NaN,
        "Depreciation Amortization Depletion Income Statement": 1581000.0,
        "Depreciation And Amortization In Income Statement": 1581000.0,
        "Amortization": 621000.0,
        "Amortization Of Intangibles Income Statement": 621000.0,
        "Depreciation Income Statement": 960000.0,
        "Research And Development": 16264000.0,
        "Selling General And Administration": 57612000.0,
        "Selling And Marketing Expense": 7715000.0,
        "General And Administrative Expense": 49897000.0,
        "Other Gand A": 8229000.0,
        "Rent And Landing Fees": 2807000.0,
        "Salaries And Wages": 38861000.0,
        "Gross Profit": 89769000.0,
        "Cost Of Revenue": 40395000.0,
        "Total Revenue": 130164000.0,
        "Operating Revenue": 130164000.0
    }
}