{
    "2023-04-30": {
        "Tax Effect Of Unusual Items": NaN,
        "Tax Rate For Calcs": NaN,
        "Normalized EBITDA": NaN,
        "Net Income From Continuing Operation Net Minority Interest": NaN,
        "Reconciled Depreciation": NaN,
        "Reconciled Cost Of Revenue": NaN,
        "EBITDA": NaN,
        "EBIT": NaN,
        "Normalized Income": NaN,
        "Net Income From Continuing And Discontinued Operation": NaN,
        "Total Expenses": NaN,
        "Total Operating Income As Reported": NaN,
        "Diluted Average Shares": NaN,
        "Basic Average Shares": NaN,
        "Diluted EPS": NaN,
        "Basic EPS": NaN,
        "Diluted NI Availto Com Stockholders": NaN,
        "Net Income Common Stockholders": NaN,
        "Net Income": NaN,
        "Net Income Including Noncontrolling Interests": NaN,
        "Net Income Continuous Operations": NaN,
        "Tax Provision": NaN,
        "Pretax Income": NaN,
        "Other Income Expense": NaN,
        "Other Non Operating Income Expenses": 30248000.0,
        "Operating Income": NaN,
        "Operating Expense": NaN,
        "Research And Development": NaN,
        "Selling General And Administration": NaN,
        "Selling And Marketing Expense": NaN,
        "General And Administrative Expense": NaN,
        "Other Gand A": NaN,
        "Salaries And Wages": NaN,
        "Gross Profit": NaN,
        "Cost Of Revenue": NaN,
        "Total Revenue": NaN,
        "Operating Revenue": NaN
    },
    "2023-01-31": {
        "Tax Effect Of Unusual Items": NaN,
        "Tax Rate For Calcs": NaN,
        "Normalized EBITDA": NaN,
        "Net Income From Continuing Operation Net Minority Interest": NaN,
        "Reconciled Depreciation": NaN,
        "Reconciled Cost Of Revenue": NaN,
        "EBITDA": NaN,
        "EBIT": NaN,
        "Normalized Income": NaN,
        "Net Income From Continuing And Discontinued Operation": NaN,
        "Total Expenses": NaN,
        "Total Operating Income As Reported": NaN,
        "Diluted Average Shares": NaN,
        "Basic Average Shares": NaN,
        "Diluted EPS": NaN,
        "Basic EPS": NaN,
        "Diluted NI Availto Com Stockholders": NaN,
        "Net Income Common Stockholders": NaN,
        "Net Income": NaN,
        "Net Income Including Noncontrolling Interests": NaN,
        "Net Income Continuous Operations": NaN,
        "Tax Provision": NaN,
        "Pretax Income": NaN,
        "Other Income Expense": NaN,
        "Other Non Operating Income Expenses": -22993000.0,
        "Operating Income": NaN,
        "Operating Expense": NaN,
        "Research And Development": NaN,
        "Selling General And Administration": NaN,
        "Selling And Marketing Expense": NaN,
        "General And Administrative Expense": NaN,
        "Other Gand A": NaN,
        "Salaries And Wages": NaN,
        "Gross Profit": NaN,
        "Cost Of Revenue": NaN,
        "Total Revenue": NaN,
        "Operating Revenue": NaN
    },
    "2022-10-31": {
        "Tax Effect Of Unusual Items": NaN,
        "Tax Rate For Calcs": NaN,
        "Normalized EBITDA": NaN,
        "Net Income From Continuing Operation Net Minority Interest": NaN,
        "Reconciled Depreciation": NaN,
        "Reconciled Cost Of Revenue": NaN,
        "EBITDA": NaN,
        "EBIT": NaN,
        "Normalized Income": NaN,
        "Net Income From Continuing And Discontinued Operation": NaN,
        "Total Expenses": NaN,
        "Total Operating Income As Reported": NaN,
        "Diluted Average Shares": NaN,
        "Basic Average Shares": NaN,
        "Diluted EPS": NaN,
        "Basic EPS": NaN,
        "Diluted NI Availto Com Stockholders": NaN,
        "Net Income Common Stockholders": NaN,
        "Net Income": NaN,
        "Net Income Including Noncontrolling Interests": NaN,
        "Net Income Continuous Operations": NaN,
        "Tax Provision": NaN,
        "Pretax Income": NaN,
        "Other Income Expense": NaN,
        "Other Non Operating Income Expenses": 12458000.0,
        "Operating Income": NaN,
        "Operating Expense": NaN,
        "Research And Development": NaN,
        "Selling General And Administration": NaN,
        "Selling And Marketing Expense": NaN,
        "General And Administrative Expense": NaN,
        "Other Gand A": NaN,
        "Salaries And Wages": NaN,
        "Gross Profit": NaN,
        "Cost Of Revenue": NaN,
        "Total Revenue": NaN,
        "Operating Revenue": NaN
    },
    "2022-07-31": {
        "Tax Effect Of Unusual Items": 0.0,
        "Tax Rate For Calcs": 0.172518,
        "Normalized EBITDA": 108320000.0,
        "Net Income From Continuing Operation Net Minority Interest": 90601000.0,
        "Reconciled Depreciation": 7228000.0,
        "Reconciled Cost Of Revenue": 151669000.0,
        "EBITDA": 108320000.0,
        "EBIT": 101092000.0,
        "Normalized Income": 90601000.0,
        "Net Income From Continuing And Discontinued Operation": 90601000.0,
        "Total Expenses": 433126000.0,
        "Total Operating Income As Reported": 101092000.0,
        "Diluted Average Shares": 162132000.0,
        "Basic Average Shares": 154951000.0,
        "Diluted EPS": 0.56,
        "Basic EPS": 0.58,
        "Diluted NI Availto Com Stockholders": 90601000.0,
        "Net Income Common Stockholders": 90601000.0,
        "Net Income": 90601000.0,
        "Net Income Including Noncontrolling Interests": 90601000.0,
        "Net Income Continuous Operations": 90601000.0,
        "Tax Provision": 18889000.0,
        "Pretax Income": 109490000.0,
        "Other Income Expense": 8398000.0,
        "Other Non Operating Income Expenses": 8398000.0,
        "Operating Income": 101092000.0,
        "Operating Expense": 281457000.0,
        "Research And Development": 134008000.0,
        "Selling General And Administration": 147449000.0,
        "Selling And Marketing Expense": 89617000.0,
        "General And Administrative Expense": 57832000.0,
        "Other Gand A": 57832000.0,
        "Salaries And Wages": NaN,
        "Gross Profit": 382549000.0,
        "Cost Of Revenue": 151669000.0,
        "Total Revenue": 534218000.0,
        "Operating Revenue": 534218000.0
    },
    "2022-04-30": {
        "Diluted EPS": 0.62,
        "Total Revenue": 505,
        "Gross Profit": 366,
        "Operating Income": 128,
        "EBIT": 142,
        "Net Income": 100
    },
    "2022-01-31": {
        "Diluted EPS": 0.6,
        "Total Revenue": 485,
        "Gross Profit": 350,
        "Operating Income": 120,
        "EBIT": 135,
        "Net Income": 97
    },
    "2021-10-31": {
        "Diluted EPS": 0.65,
        "Total Revenue": 476,
        "Gross Profit": 347,
        "Operating Income": 133,
        "EBIT": 148,
        "Net Income": 106
    },
    "2021-07-31": {
        "Diluted EPS": 0.67,
        "Total Revenue": 456,
        "Gross Profit": 333,
        "Operating Income": 125,
        "EBIT": 140,
        "Net Income": 109
    },
    "2021-04-30": {
        "Diluted EPS": 0.71,
        "Total Revenue": 434,
        "Gross Profit": 317,
        "Operating Income": 128,
        "EBIT": 143,
        "Net Income": 116
    },
    "2021-01-31": {
        "Diluted EPS": 0.64,
        "Total Revenue": 397,
        "Gross Profit": 283,
        "Operating Income": 99,
        "EBIT": 112,
        "Net Income": 103
    },
    "2020-10-31": {
        "Diluted EPS": 0.6,
        "Total Revenue": 378,
        "Gross Profit": 275,
        "Operating Income": 101,
        "EBIT": 115,
        "Net Income": 97
    },
    "2020-07-31": {
        "Diluted EPS": 0.58,
        "Total Revenue": 354,
        "Gross Profit": 256,
        "Operating Income": 90,
        "EBIT": 103,
        "Net Income": 94
    },
    "2020-04-30": {
        "Diluted EPS": 0.54,
        "Total Revenue": 337,
        "Gross Profit": 242,
        "Operating Income": 88,
        "EBIT": 100,
        "Net Income": 87
    },
    "2020-01-31": {
        "Diluted EPS": 0.41,
        "Total Revenue": 312,
        "Gross Profit": 217,
        "Operating Income": 60,
        "EBIT": 74,
        "Net Income": 66
    },
    "2019-10-31": {
        "Diluted EPS": 0.52,
        "Total Revenue": 281,
        "Gross Profit": 208,
        "Operating Income": 81,
        "EBIT": 89,
        "Net Income": 82
    },
    "2019-07-31": {
        "Diluted EPS": 0.5,
        "Total Revenue": 267,
        "Gross Profit": 197,
        "Operating Income": 74,
        "EBIT": 81,
        "Net Income": 79
    },
    "2019-04-30": {
        "Diluted EPS": 0.47,
        "Total Revenue": 245,
        "Gross Profit": 179,
        "Operating Income": 71,
        "EBIT": 79,
        "Net Income": 73
    },
    "2019-01-31": {
        "Diluted EPS": 0.45,
        "Total Revenue": 232,
        "Gross Profit": 168,
        "Operating Income": 63,
        "EBIT": 70,
        "Net Income": 71
    },
    "2018-10-31": {
        "Diluted EPS": 0.41,
        "Total Revenue": 225,
        "Gross Profit": 163,
        "Operating Income": 63,
        "EBIT": 70,
        "Net Income": 64
    },
    "2018-07-31": {
        "Diluted EPS": 0.32,
        "Total Revenue": 210,
        "Gross Profit": 150,
        "Operating Income": 53,
        "EBIT": 61,
        "Net Income": 50
    },
    "2018-04-30": {
        "Diluted EPS": 0.29,
        "Total Revenue": 196,
        "Gross Profit": 135,
        "Operating Income": 44,
        "EBIT": 52,
        "Net Income": 44
    },
    "2018-01-31": {
        "Diluted EPS": 0.26,
        "Total Revenue": 186,
        "Gross Profit": 127,
        "Operating Income": 39,
        "EBIT": 47,
        "Net Income": 41
    },
    "2017-10-31": {
        "Diluted EPS": 0.23,
        "Total Revenue": 177,
        "Gross Profit": 124,
        "Operating Income": 42,
        "EBIT": 51,
        "Net Income": 35
    },
    "2017-07-31": {
        "Diluted EPS": 0.25,
        "Total Revenue": 168,
        "Gross Profit": 117,
        "Operating Income": 38,
        "EBIT": 46,
        "Net Income": 39
    },
    "2017-04-30": {
        "Diluted EPS": 0.24,
        "Total Revenue": 160,
        "Gross Profit": 111,
        "Operating Income": 39,
        "EBIT": 47,
        "Net Income": 37
    },
    "2017-01-31": {
        "Diluted EPS": 0.2,
        "Total Revenue": 157,
        "Gross Profit": 110,
        "Operating Income": 45,
        "EBIT": 63,
        "Net Income": 30
    },
    "2016-10-31": {
        "Diluted EPS": 0.15,
        "Total Revenue": 143,
        "Gross Profit": 99,
        "Operating Income": 34,
        "EBIT": 38,
        "Net Income": 22
    },
    "2016-07-31": {
        "Diluted EPS": 0.09,
        "Total Revenue": 131,
        "Gross Profit": 89,
        "Operating Income": 24,
        "EBIT": 28,
        "Net Income": 13
    },
    "2016-04-30": {
        "Diluted EPS": 0.09,
        "Total Revenue": 120,
        "Gross Profit": 79,
        "Operating Income": 18,
        "EBIT": 22,
        "Net Income": 13
    },
    "2016-01-31": {
        "Diluted EPS": 0.13,
        "Total Revenue": 114,
        "Gross Profit": 75,
        "Operating Income": 15,
        "EBIT": 19,
        "Net Income": 18
    },
    "2015-10-31": {
        "Diluted EPS": 0.07,
        "Total Revenue": 107,
        "Gross Profit": 70,
        "Operating Income": 20,
        "EBIT": 23,
        "Net Income": 10
    },
    "2015-07-31": {
        "Diluted EPS": 0.09,
        "Total Revenue": 98,
        "Gross Profit": 65,
        "Operating Income": 22,
        "EBIT": 24,
        "Net Income": 13
    },
    "2015-04-30": {
        "Diluted EPS": 0.09,
        "Total Revenue": 90,
        "Gross Profit": 58,
        "Operating Income": 21,
        "EBIT": 23,
        "Net Income": 13
    },
    "2015-01-31": {
        "Diluted EPS": 0.09,
        "Total Revenue": 87,
        "Gross Profit": 56,
        "Operating Income": 21,
        "EBIT": 23,
        "Net Income": 13
    },
    "2014-10-31": {
        "Diluted EPS": 0.07,
        "Total Revenue": 84,
        "Gross Profit": 53,
        "Operating Income": 20,
        "EBIT": 22,
        "Net Income": 10
    },
    "2014-07-31": {
        "Diluted EPS": 0.07,
        "Total Revenue": 76,
        "Gross Profit": 48,
        "Operating Income": 17,
        "EBIT": 18,
        "Net Income": 10
    },
    "2014-04-30": {
        "Diluted EPS": 0.05,
        "Total Revenue": 67,
        "Gross Profit": 41,
        "Operating Income": 13,
        "EBIT": 14,
        "Net Income": 7
    },
    "2014-01-31": {
        "Diluted EPS": 0.04,
        "Total Revenue": 63,
        "Gross Profit": 38,
        "Operating Income": 11,
        "EBIT": 12,
        "Net Income": -3
    },
    "2013-10-31": {
        "Diluted EPS": 0.05,
        "Total Revenue": 55,
        "Gross Profit": 34,
        "Operating Income": 10,
        "EBIT": 11,
        "Net Income": 2
    },
    "2013-07-31": {
        "Diluted EPS": 0.03,
        "Total Revenue": 50,
        "Gross Profit": 30,
        "Operating Income": 10,
        "EBIT": 10,
        "Net Income": 6
    },
    "2013-04-30": {
        "Diluted EPS": 0.03,
        "Total Revenue": 43,
        "Gross Profit": 25,
        "Operating Income": 8,
        "EBIT": 9,
        "Net Income": 5
    },
    "2013-01-31": {
        "Diluted EPS": 0.0,
        "Total Revenue": NaN,
        "Gross Profit": NaN,
        "Operating Income": NaN,
        "EBIT": NaN,
        "Net Income": NaN
    },
    "2012-10-31": {
        "Diluted EPS": 0.03,
        "Total Revenue": 36,
        "Gross Profit": 20,
        "Operating Income": 9,
        "EBIT": 9,
        "Net Income": 6
    },
    "2012-01-31": {
        "Diluted EPS": 0.0,
        "Total Revenue": NaN,
        "Gross Profit": NaN,
        "Operating Income": NaN,
        "EBIT": NaN,
        "Net Income": NaN
    },
    "2011-01-31": {
        "Diluted EPS": 0.0,
        "Total Revenue": NaN,
        "Gross Profit": NaN,
        "Operating Income": NaN,
        "EBIT": NaN,
        "Net Income": NaN
    },
    "2023-07-31": {
        "Tax Effect Of Unusual Items": NaN,
        "Tax Rate For Calcs": NaN,
        "Normalized EBITDA": NaN,
        "Net Income From Continuing Operation Net Minority Interest": NaN,
        "Reconciled Depreciation": NaN,
        "Reconciled Cost Of Revenue": NaN,
        "EBITDA": NaN,
        "EBIT": NaN,
        "Normalized Income": NaN,
        "Net Income From Continuing And Discontinued Operation": NaN,
        "Total Expenses": NaN,
        "Total Operating Income As Reported": NaN,
        "Diluted Average Shares": NaN,
        "Basic Average Shares": NaN,
        "Diluted EPS": NaN,
        "Basic EPS": NaN,
        "Diluted NI Availto Com Stockholders": NaN,
        "Net Income Common Stockholders": NaN,
        "Net Income": NaN,
        "Net Income Including Noncontrolling Interests": NaN,
        "Net Income Continuous Operations": NaN,
        "Tax Provision": NaN,
        "Pretax Income": NaN,
        "Other Income Expense": NaN,
        "Other Non Operating Income Expenses": NaN,
        "Operating Income": NaN,
        "Operating Expense": NaN,
        "Research And Development": NaN,
        "Selling General And Administration": NaN,
        "Selling And Marketing Expense": NaN,
        "General And Administrative Expense": NaN,
        "Other Gand A": NaN,
        "Salaries And Wages": 41639000.0,
        "Gross Profit": NaN,
        "Cost Of Revenue": NaN,
        "Total Revenue": NaN,
        "Operating Revenue": NaN
    },
    "2023-10-31": {
        "Tax Effect Of Unusual Items": NaN,
        "Tax Rate For Calcs": NaN,
        "Normalized EBITDA": NaN,
        "Net Income From Continuing Operation Net Minority Interest": NaN,
        "Reconciled Depreciation": NaN,
        "Reconciled Cost Of Revenue": NaN,
        "EBITDA": NaN,
        "EBIT": NaN,
        "Normalized Income": NaN,
        "Net Income From Continuing And Discontinued Operation": NaN,
        "Total Expenses": NaN,
        "Total Operating Income As Reported": NaN,
        "Diluted Average Shares": NaN,
        "Basic Average Shares": NaN,
        "Diluted EPS": NaN,
        "Basic EPS": NaN,
        "Diluted NI Availto Com Stockholders": NaN,
        "Net Income Common Stockholders": NaN,
        "Net Income": NaN,
        "Net Income Including Noncontrolling Interests": NaN,
        "Net Income Continuous Operations": NaN,
        "Tax Provision": NaN,
        "Pretax Income": NaN,
        "Other Income Expense": NaN,
        "Other Non Operating Income Expenses": NaN,
        "Operating Income": NaN,
        "Operating Expense": NaN,
        "Research And Development": NaN,
        "Selling General And Administration": NaN,
        "Selling And Marketing Expense": NaN,
        "General And Administrative Expense": NaN,
        "Other Gand A": NaN,
        "Salaries And Wages": 40968000.0,
        "Gross Profit": NaN,
        "Cost Of Revenue": NaN,
        "Total Revenue": NaN,
        "Operating Revenue": NaN
    },
    "2024-01-31": {
        "Tax Effect Of Unusual Items": NaN,
        "Tax Rate For Calcs": 0.193193,
        "Normalized EBITDA": 143892000.0,
        "Net Income From Continuing Operation Net Minority Interest": 147398000.0,
        "Reconciled Depreciation": 8628000.0,
        "Reconciled Cost Of Revenue": 173928000.0,
        "EBITDA": 143892000.0,
        "EBIT": 135264000.0,
        "Normalized Income": NaN,
        "Net Income From Continuing And Discontinued Operation": 147398000.0,
        "Total Expenses": 495354000.0,
        "Total Operating Income As Reported": NaN,
        "Diluted Average Shares": 164071000.0,
        "Basic Average Shares": NaN,
        "Diluted EPS": 0.9,
        "Basic EPS": 0.92,
        "Diluted NI Availto Com Stockholders": 147398000.0,
        "Net Income Common Stockholders": NaN,
        "Net Income": 147398000.0,
        "Net Income Including Noncontrolling Interests": 147398000.0,
        "Net Income Continuous Operations": 147398000.0,
        "Tax Provision": NaN,
        "Pretax Income": 182693000.0,
        "Other Income Expense": -86319000.0,
        "Other Non Operating Income Expenses": NaN,
        "Operating Income": 135264000.0,
        "Operating Expense": NaN,
        "Research And Development": 163565000.0,
        "Selling General And Administration": 157861000.0,
        "Selling And Marketing Expense": 99203000.0,
        "General And Administrative Expense": 58658000.0,
        "Other Gand A": 58658000.0,
        "Salaries And Wages": NaN,
        "Gross Profit": 456690000.0,
        "Cost Of Revenue": 173928000.0,
        "Total Revenue": 630618000.0,
        "Operating Revenue": 630618000.0
    },
    "2024-04-30": {
        "Tax Effect Of Unusual Items": 0.0,
        "Tax Rate For Calcs": 0.219,
        "Normalized EBITDA": 163671000.0,
        "Net Income From Continuing Operation Net Minority Interest": 161664000.0,
        "Reconciled Depreciation": 8499000.0,
        "Reconciled Cost Of Revenue": 173884000.0,
        "EBITDA": 163671000.0,
        "EBIT": 155172000.0,
        "Normalized Income": 161664000.0,
        "Net Income From Continuing And Discontinued Operation": 161664000.0,
        "Total Expenses": 495173000.0,
        "Total Operating Income As Reported": 155172000.0,
        "Diluted Average Shares": 164394000.0,
        "Basic Average Shares": 161421000.0,
        "Diluted EPS": 0.98,
        "Basic EPS": 1.0,
        "Diluted NI Availto Com Stockholders": 161664000.0,
        "Net Income Common Stockholders": 161664000.0,
        "Net Income": 161664000.0,
        "Net Income Including Noncontrolling Interests": 161664000.0,
        "Net Income Continuous Operations": 161664000.0,
        "Tax Provision": 45237000.0,
        "Pretax Income": 206901000.0,
        "Other Income Expense": 51729000.0,
        "Other Non Operating Income Expenses": 51729000.0,
        "Operating Income": 155172000.0,
        "Operating Expense": 321289000.0,
        "Research And Development": 162711000.0,
        "Selling General And Administration": 158578000.0,
        "Selling And Marketing Expense": 97301000.0,
        "General And Administrative Expense": 61277000.0,
        "Other Gand A": 61277000.0,
        "Salaries And Wages": NaN,
        "Gross Profit": 476461000.0,
        "Cost Of Revenue": 173884000.0,
        "Total Revenue": 650345000.0,
        "Operating Revenue": 650345000.0
    },
    "2024-07-31": {
        "Tax Effect Of Unusual Items": 0.0,
        "Tax Rate For Calcs": 0.24,
        "Normalized EBITDA": 177507000.0,
        "Net Income From Continuing Operation Net Minority Interest": 171041000.0,
        "Reconciled Depreciation": 11020000.0,
        "Reconciled Cost Of Revenue": 170372000.0,
        "EBITDA": 177507000.0,
        "EBIT": 166487000.0,
        "Normalized Income": 171041000.0,
        "Net Income From Continuing And Discontinued Operation": 171041000.0,
        "Total Expenses": 509694000.0,
        "Total Operating Income As Reported": 166487000.0,
        "Diluted Average Shares": 164564000.0,
        "Basic Average Shares": 161708000.0,
        "Diluted EPS": 1.04,
        "Basic EPS": 1.06,
        "Diluted NI Availto Com Stockholders": 171041000.0,
        "Net Income Common Stockholders": 171041000.0,
        "Net Income": 171041000.0,
        "Net Income Including Noncontrolling Interests": 171041000.0,
        "Net Income Continuous Operations": 171041000.0,
        "Tax Provision": 54019000.0,
        "Pretax Income": 225060000.0,
        "Other Income Expense": 58573000.0,
        "Other Non Operating Income Expenses": 58573000.0,
        "Operating Income": 166487000.0,
        "Operating Expense": 339322000.0,
        "Research And Development": 176429000.0,
        "Selling General And Administration": 162893000.0,
        "Selling And Marketing Expense": 101528000.0,
        "General And Administrative Expense": 61365000.0,
        "Other Gand A": 61365000.0,
        "Salaries And Wages": NaN,
        "Gross Profit": 505809000.0,
        "Cost Of Revenue": 170372000.0,
        "Total Revenue": 676181000.0,
        "Operating Revenue": 676181000.0
    },
    "2024-10-31": {
        "Tax Effect Of Unusual Items": 0.0,
        "Tax Rate For Calcs": 0.233,
        "Normalized EBITDA": 191285000.0,
        "Net Income From Continuing Operation Net Minority Interest": 185808000.0,
        "Reconciled Depreciation": 9932000.0,
        "Reconciled Cost Of Revenue": 174389000.0,
        "EBITDA": 191285000.0,
        "EBIT": 181353000.0,
        "Normalized Income": 185808000.0,
        "Net Income From Continuing And Discontinued Operation": 185808000.0,
        "Total Expenses": 517854000.0,
        "Total Operating Income As Reported": 181353000.0,
        "Diluted Average Shares": 164979000.0,
        "Basic Average Shares": 161987000.0,
        "Diluted EPS": 1.13,
        "Basic EPS": 1.15,
        "Diluted NI Availto Com Stockholders": 185808000.0,
        "Net Income Common Stockholders": 185808000.0,
        "Net Income": 185808000.0,
        "Net Income Including Noncontrolling Interests": 185808000.0,
        "Net Income Continuous Operations": 185808000.0,
        "Tax Provision": 56482000.0,
        "Pretax Income": 242290000.0,
        "Other Income Expense": 60937000.0,
        "Other Non Operating Income Expenses": 60937000.0,
        "Operating Income": 181353000.0,
        "Operating Expense": 343465000.0,
        "Research And Development": 172411000.0,
        "Selling General And Administration": 171054000.0,
        "Selling And Marketing Expense": 77481000.0,
        "General And Administrative Expense": 93573000.0,
        "Other Gand A": 38353000.0,
        "Salaries And Wages": 55220000.0,
        "Gross Profit": 524818000.0,
        "Cost Of Revenue": 174389000.0,
        "Total Revenue": 699207000.0,
        "Operating Revenue": 699207000.0
    },
    "2025-01-31": {
        "Tax Effect Of Unusual Items": 0.0,
        "Tax Rate For Calcs": 0.201954,
        "Normalized EBITDA": 198355000.0,
        "Net Income From Continuing Operation Net Minority Interest": 195625000.0,
        "Reconciled Depreciation": 9932000.0,
        "Reconciled Cost Of Revenue": 180991000.0,
        "EBITDA": 198355000.0,
        "EBIT": 188423000.0,
        "Normalized Income": 195625000.0,
        "Net Income From Continuing And Discontinued Operation": 195625000.0,
        "Total Expenses": 532463000.0,
        "Total Operating Income As Reported": 188423000.0,
        "Diluted Average Shares": 165674000.0,
        "Basic Average Shares": 162391000.0,
        "Diluted EPS": 1.18,
        "Basic EPS": 1.2,
        "Diluted NI Availto Com Stockholders": 195625000.0,
        "Net Income Common Stockholders": 195625000.0,
        "Net Income": 195625000.0,
        "Net Income Including Noncontrolling Interests": 195625000.0,
        "Net Income Continuous Operations": 195625000.0,
        "Tax Provision": 49505000.0,
        "Pretax Income": 245130000.0,
        "Other Income Expense": -151280000.0,
        "Other Non Operating Income Expenses": -170628000.0,
        "Operating Income": 188423000.0,
        "Operating Expense": 351472000.0,
        "Research And Development": 181527000.0,
        "Selling General And Administration": 169945000.0,
        "Selling And Marketing Expense": 167130000.0,
        "General And Administrative Expense": 2815000.0,
        "Other Gand A": 142688000.0,
        "Salaries And Wages": NaN,
        "Gross Profit": 539895000.0,
        "Cost Of Revenue": 180991000.0,
        "Total Revenue": 720886000.0,
        "Operating Revenue": 720886000.0
    },
    "2025-04-30": {
        "Tax Effect Of Unusual Items": 0.0,
        "Tax Rate For Calcs": 0.236,
        "Normalized EBITDA": 243554000.0,
        "Net Income From Continuing Operation Net Minority Interest": 228190000.0,
        "Reconciled Depreciation": 9822000.0,
        "Reconciled Cost Of Revenue": 173824000.0,
        "EBITDA": 243554000.0,
        "EBIT": 233732000.0,
        "Normalized Income": 228190000.0,
        "Net Income From Continuing And Discontinued Operation": 228190000.0,
        "Total Expenses": 525311000.0,
        "Total Operating Income As Reported": 233732000.0,
        "Diluted Average Shares": 166229000.0,
        "Basic Average Shares": 162749000.0,
        "Diluted EPS": 1.37,
        "Basic EPS": 1.4,
        "Diluted NI Availto Com Stockholders": 228190000.0,
        "Net Income Common Stockholders": 228190000.0,
        "Net Income": 228190000.0,
        "Net Income Including Noncontrolling Interests": 228190000.0,
        "Net Income Continuous Operations": 228190000.0,
        "Tax Provision": 70631000.0,
        "Pretax Income": 298821000.0,
        "Other Income Expense": 65089000.0,
        "Other Non Operating Income Expenses": 65089000.0,
        "Operating Income": 233732000.0,
        "Operating Expense": 351487000.0,
        "Research And Development": 184033000.0,
        "Selling General And Administration": 167454000.0,
        "Selling And Marketing Expense": 98628000.0,
        "General And Administrative Expense": 68826000.0,
        "Other Gand A": 68826000.0,
        "Salaries And Wages": NaN,
        "Gross Profit": 585219000.0,
        "Cost Of Revenue": 173824000.0,
        "Total Revenue": 759043000.0,
        "Operating Revenue": 759043000.0
    },
    "2025-07-31": {
        "Tax Effect Of Unusual Items": 0.0,
        "Tax Rate For Calcs": 0.245,
        "Normalized EBITDA": 206034000.0,
        "Net Income From Continuing Operation Net Minority Interest": 200309000.0,
        "Reconciled Depreciation": 10126000.0,
        "Reconciled Cost Of Revenue": 195253000.0,
        "EBITDA": 206034000.0,
        "EBIT": 195908000.0,
        "Normalized Income": 200309000.0,
        "Net Income From Continuing And Discontinued Operation": 200309000.0,
        "Total Expenses": 593173000.0,
        "Total Operating Income As Reported": 195908000.0,
        "Diluted Average Shares": 167685000.0,
        "Basic Average Shares": 163496000.0,
        "Diluted EPS": 1.19,
        "Basic EPS": 1.23,
        "Diluted NI Availto Com Stockholders": 200309000.0,
        "Net Income Common Stockholders": 200309000.0,
        "Net Income": 200309000.0,
        "Net Income Including Noncontrolling Interests": 200309000.0,
        "Net Income Continuous Operations": 200309000.0,
        "Tax Provision": 65055000.0,
        "Pretax Income": 265364000.0,
        "Other Income Expense": 69456000.0,
        "Other Non Operating Income Expenses": 69456000.0,
        "Operating Income": 195908000.0,
        "Operating Expense": 397920000.0,
        "Research And Development": 192677000.0,
        "Selling General And Administration": 205243000.0,
        "Selling And Marketing Expense": 109439000.0,
        "General And Administrative Expense": 95804000.0,
        "Other Gand A": 95804000.0,
        "Salaries And Wages": NaN,
        "Gross Profit": 593828000.0,
        "Cost Of Revenue": 195253000.0,
        "Total Revenue": 789081000.0,
        "Operating Revenue": 789081000.0
    }
}