{
    "2023-03-31": {
        "Tax Effect Of Unusual Items": NaN,
        "Tax Rate For Calcs": NaN,
        "Normalized EBITDA": NaN,
        "Total Unusual Items": NaN,
        "Total Unusual Items Excluding Goodwill": NaN,
        "Net Income From Continuing Operation Net Minority Interest": NaN,
        "Reconciled Depreciation": NaN,
        "Reconciled Cost Of Revenue": NaN,
        "EBITDA": NaN,
        "EBIT": NaN,
        "Net Interest Income": NaN,
        "Interest Expense": NaN,
        "Normalized Income": NaN,
        "Net Income From Continuing And Discontinued Operation": NaN,
        "Total Expenses": NaN,
        "Total Operating Income As Reported": NaN,
        "Diluted Average Shares": NaN,
        "Basic Average Shares": NaN,
        "Diluted EPS": NaN,
        "Basic EPS": NaN,
        "Diluted NI Availto Com Stockholders": NaN,
        "Net Income Common Stockholders": NaN,
        "Net Income": NaN,
        "Net Income Including Noncontrolling Interests": NaN,
        "Net Income Discontinuous Operations": NaN,
        "Net Income Continuous Operations": NaN,
        "Tax Provision": NaN,
        "Pretax Income": NaN,
        "Other Income Expense": NaN,
        "Other Non Operating Income Expenses": NaN,
        "Special Income Charges": NaN,
        "Gain On Sale Of Business": NaN,
        "Other Special Charges": NaN,
        "Gain On Sale Of Security": NaN,
        "Net Non Operating Interest Income Expense": NaN,
        "Total Other Finance Cost": 805000.0,
        "Interest Expense Non Operating": NaN,
        "Operating Income": NaN,
        "Operating Expense": NaN,
        "Depreciation Amortization Depletion Income Statement": NaN,
        "Depreciation And Amortization In Income Statement": NaN,
        "Amortization": NaN,
        "Amortization Of Intangibles Income Statement": NaN,
        "Research And Development": NaN,
        "Selling General And Administration": NaN,
        "Selling And Marketing Expense": NaN,
        "General And Administrative Expense": NaN,
        "Other Gand A": NaN,
        "Gross Profit": NaN,
        "Cost Of Revenue": NaN,
        "Total Revenue": NaN,
        "Operating Revenue": NaN
    },
    "2022-12-31": {
        "Tax Effect Of Unusual Items": 0.0,
        "Tax Rate For Calcs": 0.21,
        "Normalized EBITDA": 16078000.0,
        "Total Unusual Items": NaN,
        "Total Unusual Items Excluding Goodwill": NaN,
        "Net Income From Continuing Operation Net Minority Interest": 4711000.0,
        "Reconciled Depreciation": 6420000.0,
        "Reconciled Cost Of Revenue": 5737000.0,
        "EBITDA": 16078000.0,
        "EBIT": 9658000.0,
        "Net Interest Income": -1192000.0,
        "Interest Expense": NaN,
        "Normalized Income": 4711000.0,
        "Net Income From Continuing And Discontinued Operation": 4711000.0,
        "Total Expenses": 53841000.0,
        "Total Operating Income As Reported": -9951000.0,
        "Diluted Average Shares": 42487004.0,
        "Basic Average Shares": 36359618.0,
        "Diluted EPS": -0.21,
        "Basic EPS": 0.14,
        "Diluted NI Availto Com Stockholders": 4711000.0,
        "Net Income Common Stockholders": 4711000.0,
        "Net Income": 4711000.0,
        "Net Income Including Noncontrolling Interests": 4711000.0,
        "Net Income Continuous Operations": 4711000.0,
        "Tax Provision": 3751000.0,
        "Pretax Income": 8462000.0,
        "Other Income Expense": 19605000.0,
        "Other Non Operating Income Expenses": 508000.0,
        "Special Income Charges": NaN,
        "Gain On Sale Of Business": NaN,
        "Other Special Charges": NaN,
        "Net Non Operating Interest Income Expense": -1192000.0,
        "Total Other Finance Cost": NaN,
        "Interest Expense Non Operating": NaN,
        "Operating Income": -9951000.0,
        "Operating Expense": 47134000.0,
        "Depreciation Amortization Depletion Income Statement": 5450000.0,
        "Depreciation And Amortization In Income Statement": 5450000.0,
        "Amortization": 5450000.0,
        "Amortization Of Intangibles Income Statement": 5450000.0,
        "Research And Development": 10854000.0,
        "Selling General And Administration": 30830000.0,
        "Selling And Marketing Expense": 13780000.0,
        "General And Administrative Expense": 17050000.0,
        "Other Gand A": 17050000.0,
        "Gross Profit": 37183000.0,
        "Cost Of Revenue": 6707000.0,
        "Total Revenue": 43890000.0,
        "Operating Revenue": 43890000.0
    },
    "2022-09-30": {
        "Tax Effect Of Unusual Items": NaN,
        "Tax Rate For Calcs": NaN,
        "Normalized EBITDA": NaN,
        "Total Unusual Items": 0.0,
        "Total Unusual Items Excluding Goodwill": 0.0,
        "Net Income From Continuing Operation Net Minority Interest": NaN,
        "Reconciled Depreciation": NaN,
        "Reconciled Cost Of Revenue": NaN,
        "EBITDA": NaN,
        "EBIT": NaN,
        "Net Interest Income": NaN,
        "Interest Expense": NaN,
        "Normalized Income": NaN,
        "Net Income From Continuing And Discontinued Operation": NaN,
        "Total Expenses": NaN,
        "Total Operating Income As Reported": NaN,
        "Diluted Average Shares": NaN,
        "Basic Average Shares": NaN,
        "Diluted EPS": NaN,
        "Basic EPS": NaN,
        "Diluted NI Availto Com Stockholders": NaN,
        "Net Income Common Stockholders": NaN,
        "Net Income": NaN,
        "Net Income Including Noncontrolling Interests": NaN,
        "Net Income Continuous Operations": NaN,
        "Tax Provision": NaN,
        "Pretax Income": NaN,
        "Other Income Expense": NaN,
        "Other Non Operating Income Expenses": NaN,
        "Special Income Charges": 0.0,
        "Gain On Sale Of Business": 0.0,
        "Other Special Charges": NaN,
        "Net Non Operating Interest Income Expense": NaN,
        "Total Other Finance Cost": 1305000.0,
        "Interest Expense Non Operating": NaN,
        "Operating Income": NaN,
        "Operating Expense": NaN,
        "Depreciation Amortization Depletion Income Statement": NaN,
        "Depreciation And Amortization In Income Statement": NaN,
        "Amortization": NaN,
        "Amortization Of Intangibles Income Statement": NaN,
        "Research And Development": NaN,
        "Selling General And Administration": NaN,
        "Selling And Marketing Expense": NaN,
        "General And Administrative Expense": NaN,
        "Other Gand A": NaN,
        "Gross Profit": NaN,
        "Cost Of Revenue": NaN,
        "Total Revenue": NaN,
        "Operating Revenue": NaN
    },
    "2022-06-30": {
        "Tax Effect Of Unusual Items": 0.0,
        "Tax Rate For Calcs": 0.330658,
        "Normalized EBITDA": 2681000.0,
        "Total Unusual Items": NaN,
        "Total Unusual Items Excluding Goodwill": NaN,
        "Net Income From Continuing Operation Net Minority Interest": -3253000.0,
        "Reconciled Depreciation": 6310000.0,
        "Reconciled Cost Of Revenue": 5606000.0,
        "EBITDA": 2681000.0,
        "EBIT": -3629000.0,
        "Net Interest Income": -1183000.0,
        "Interest Expense": NaN,
        "Normalized Income": -3253000.0,
        "Net Income From Continuing And Discontinued Operation": -3253000.0,
        "Total Expenses": 37864000.0,
        "Total Operating Income As Reported": -3629000.0,
        "Diluted Average Shares": 36083515.0,
        "Basic Average Shares": 36083515.0,
        "Diluted EPS": -0.09,
        "Basic EPS": -0.09,
        "Diluted NI Availto Com Stockholders": -3253000.0,
        "Average Dilution Earnings": NaN,
        "Net Income Common Stockholders": -3253000.0,
        "Net Income": -3253000.0,
        "Net Income Including Noncontrolling Interests": -3253000.0,
        "Net Income Continuous Operations": -3253000.0,
        "Tax Provision": -1607000.0,
        "Pretax Income": -4860000.0,
        "Other Income Expense": -1231000.0,
        "Other Non Operating Income Expenses": -1231000.0,
        "Special Income Charges": NaN,
        "Other Special Charges": NaN,
        "Net Non Operating Interest Income Expense": -1183000.0,
        "Total Other Finance Cost": 1183000.0,
        "Interest Expense Non Operating": NaN,
        "Operating Income": -3629000.0,
        "Operating Expense": 31159000.0,
        "Depreciation Amortization Depletion Income Statement": 5211000.0,
        "Depreciation And Amortization In Income Statement": 5211000.0,
        "Amortization": 5211000.0,
        "Amortization Of Intangibles Income Statement": 5211000.0,
        "Research And Development": 11068000.0,
        "Selling General And Administration": 14880000.0,
        "Selling And Marketing Expense": 12576000.0,
        "General And Administrative Expense": 2304000.0,
        "Other Gand A": 2304000.0,
        "Gross Profit": 27530000.0,
        "Cost Of Revenue": 6705000.0,
        "Total Revenue": 34235000.0,
        "Operating Revenue": 34235000.0
    },
    "2022-03-31": {
        "Diluted EPS": -0.62,
        "Total Revenue": 34,
        "Gross Profit": 27,
        "Operating Income": -21,
        "EBIT": -15,
        "Net Income": -22
    },
    "2021-12-31": {
        "Diluted EPS": -0.26,
        "Total Revenue": 55,
        "Gross Profit": 49,
        "Operating Income": -7,
        "EBIT": -2,
        "Net Income": -10
    },
    "2021-09-30": {
        "Diluted EPS": -0.34,
        "Total Revenue": 23,
        "Gross Profit": 17,
        "Operating Income": -11,
        "EBIT": -9,
        "Net Income": -11
    },
    "2021-06-30": {
        "Diluted EPS": -0.39,
        "Total Revenue": 19,
        "Gross Profit": 14,
        "Operating Income": -13,
        "EBIT": -11,
        "Net Income": -13
    },
    "2021-03-31": {
        "Diluted EPS": -0.95,
        "Total Revenue": 18,
        "Gross Profit": 13,
        "Operating Income": -31,
        "EBIT": -29,
        "Net Income": -31
    },
    "2020-12-31": {
        "Diluted EPS": -0.43,
        "Total Revenue": 17,
        "Gross Profit": 13,
        "Operating Income": -12,
        "EBIT": -11,
        "Net Income": -12
    },
    "2020-09-30": {
        "Diluted EPS": -0.4,
        "Total Revenue": 16,
        "Gross Profit": 11,
        "Operating Income": -11,
        "EBIT": -9,
        "Net Income": -11
    },
    "2020-06-30": {
        "Diluted EPS": -0.43,
        "Total Revenue": 13,
        "Gross Profit": 10,
        "Operating Income": -12,
        "EBIT": -10,
        "Net Income": -12
    },
    "2020-03-31": {
        "Diluted EPS": -0.47,
        "Total Revenue": 12,
        "Gross Profit": 9,
        "Operating Income": -13,
        "EBIT": -11,
        "Net Income": -13
    },
    "2019-12-31": {
        "Diluted EPS": -0.57,
        "Total Revenue": 12,
        "Gross Profit": 10,
        "Operating Income": -15,
        "EBIT": -13,
        "Net Income": -15
    },
    "2019-09-30": {
        "Diluted EPS": -0.64,
        "Total Revenue": 13,
        "Gross Profit": 9,
        "Operating Income": -16,
        "EBIT": -15,
        "Net Income": -14
    },
    "2019-06-30": {
        "Diluted EPS": -0.8,
        "Total Revenue": 12,
        "Gross Profit": 8,
        "Operating Income": -17,
        "EBIT": -15,
        "Net Income": -17
    },
    "2019-03-31": {
        "Diluted EPS": -0.84,
        "Total Revenue": 12,
        "Gross Profit": 8,
        "Operating Income": -17,
        "EBIT": -15,
        "Net Income": -16
    },
    "2018-12-31": {
        "Diluted EPS": -0.93,
        "Total Revenue": 11,
        "Gross Profit": 7,
        "Operating Income": -18,
        "EBIT": -16,
        "Net Income": -18
    },
    "2018-09-30": {
        "Diluted EPS": -0.86,
        "Total Revenue": 8,
        "Gross Profit": 6,
        "Operating Income": -16,
        "EBIT": -16,
        "Net Income": -16
    },
    "2018-06-30": {
        "Diluted EPS": -0.88,
        "Total Revenue": 4,
        "Gross Profit": 3,
        "Operating Income": -14,
        "EBIT": -14,
        "Net Income": -14
    },
    "2018-03-31": {
        "Diluted EPS": -0.81,
        "Total Revenue": 4,
        "Gross Profit": 4,
        "Operating Income": -13,
        "EBIT": -13,
        "Net Income": -13
    },
    "2017-12-31": {
        "Diluted EPS": 1.14,
        "Total Revenue": 3,
        "Gross Profit": 3,
        "Operating Income": -13,
        "EBIT": -13,
        "Net Income": -13
    },
    "2017-09-30": {
        "Diluted EPS": -1.31,
        "Total Revenue": 4,
        "Gross Profit": 3,
        "Operating Income": -19,
        "EBIT": -19,
        "Net Income": -19
    },
    "2017-06-30": {
        "Diluted EPS": -2.94,
        "Total Revenue": 4,
        "Gross Profit": 4,
        "Operating Income": -8,
        "EBIT": -6,
        "Net Income": -25
    },
    "2017-03-31": {
        "Diluted EPS": -3.09,
        "Total Revenue": 3,
        "Gross Profit": 3,
        "Operating Income": -7,
        "EBIT": -5,
        "Net Income": -7
    },
    "2016-12-31": {
        "Diluted EPS": -4.04,
        "Total Revenue": 3,
        "Gross Profit": 2,
        "Operating Income": -7,
        "EBIT": -5,
        "Net Income": -9
    },
    "2016-09-30": {
        "Diluted EPS": -3.49,
        "Total Revenue": 2,
        "Gross Profit": 2,
        "Operating Income": -6,
        "EBIT": -5,
        "Net Income": -8
    },
    "2016-06-30": {
        "Diluted EPS": -3.2,
        "Total Revenue": 2,
        "Gross Profit": 2,
        "Operating Income": -7,
        "EBIT": -6,
        "Net Income": -7
    },
    "2016-03-31": {
        "Diluted EPS": -3.86,
        "Total Revenue": 2,
        "Gross Profit": 2,
        "Operating Income": -4,
        "EBIT": -4,
        "Net Income": -5
    },
    "2015-12-31": {
        "Diluted EPS": 0.0,
        "Total Revenue": NaN,
        "Gross Profit": NaN,
        "Operating Income": NaN,
        "EBIT": NaN,
        "Net Income": NaN
    },
    "2023-06-30": {
        "Tax Effect Of Unusual Items": NaN,
        "Tax Rate For Calcs": NaN,
        "Normalized EBITDA": NaN,
        "Total Unusual Items": 4231000.0,
        "Total Unusual Items Excluding Goodwill": 4231000.0,
        "Net Income From Continuing Operation Net Minority Interest": NaN,
        "Reconciled Depreciation": NaN,
        "Reconciled Cost Of Revenue": NaN,
        "EBITDA": NaN,
        "EBIT": NaN,
        "Net Interest Income": NaN,
        "Interest Expense": 720000.0,
        "Normalized Income": NaN,
        "Net Income From Continuing And Discontinued Operation": NaN,
        "Total Expenses": NaN,
        "Total Operating Income As Reported": NaN,
        "Diluted Average Shares": NaN,
        "Basic Average Shares": NaN,
        "Diluted EPS": NaN,
        "Basic EPS": NaN,
        "Diluted NI Availto Com Stockholders": NaN,
        "Net Income Common Stockholders": NaN,
        "Net Income": NaN,
        "Net Income Including Noncontrolling Interests": NaN,
        "Net Income Discontinuous Operations": NaN,
        "Net Income Continuous Operations": NaN,
        "Tax Provision": NaN,
        "Pretax Income": NaN,
        "Other Income Expense": NaN,
        "Other Non Operating Income Expenses": -1000.0,
        "Special Income Charges": 2572000.0,
        "Gain On Sale Of Business": 2572000.0,
        "Other Special Charges": -2572000.0,
        "Gain On Sale Of Security": 1659000.0,
        "Net Non Operating Interest Income Expense": NaN,
        "Total Other Finance Cost": NaN,
        "Interest Expense Non Operating": 720000.0,
        "Operating Income": NaN,
        "Operating Expense": NaN,
        "Depreciation Amortization Depletion Income Statement": NaN,
        "Depreciation And Amortization In Income Statement": NaN,
        "Amortization": NaN,
        "Amortization Of Intangibles Income Statement": NaN,
        "Research And Development": NaN,
        "Selling General And Administration": NaN,
        "Selling And Marketing Expense": NaN,
        "General And Administrative Expense": NaN,
        "Other Gand A": NaN,
        "Gross Profit": NaN,
        "Cost Of Revenue": NaN,
        "Total Revenue": NaN,
        "Operating Revenue": NaN
    },
    "2023-09-30": {
        "Tax Effect Of Unusual Items": NaN,
        "Tax Rate For Calcs": NaN,
        "Normalized EBITDA": NaN,
        "Total Unusual Items": NaN,
        "Total Unusual Items Excluding Goodwill": NaN,
        "Net Income From Continuing Operation Net Minority Interest": NaN,
        "Reconciled Depreciation": NaN,
        "Reconciled Cost Of Revenue": NaN,
        "EBITDA": NaN,
        "EBIT": NaN,
        "Net Interest Income": NaN,
        "Interest Expense": NaN,
        "Normalized Income": NaN,
        "Net Income From Continuing And Discontinued Operation": NaN,
        "Total Expenses": NaN,
        "Total Operating Income As Reported": NaN,
        "Diluted Average Shares": NaN,
        "Basic Average Shares": NaN,
        "Diluted EPS": NaN,
        "Basic EPS": NaN,
        "Diluted NI Availto Com Stockholders": NaN,
        "Net Income Common Stockholders": NaN,
        "Net Income": NaN,
        "Net Income Including Noncontrolling Interests": NaN,
        "Net Income Discontinuous Operations": 2191000.0,
        "Net Income Continuous Operations": NaN,
        "Tax Provision": NaN,
        "Pretax Income": NaN,
        "Other Income Expense": NaN,
        "Other Non Operating Income Expenses": NaN,
        "Special Income Charges": 0.0,
        "Gain On Sale Of Business": 0.0,
        "Gain On Sale Of Security": -2294000.0,
        "Net Non Operating Interest Income Expense": NaN,
        "Total Other Finance Cost": 218000.0,
        "Interest Expense Non Operating": NaN,
        "Operating Income": NaN,
        "Operating Expense": NaN,
        "Depreciation Amortization Depletion Income Statement": NaN,
        "Depreciation And Amortization In Income Statement": NaN,
        "Amortization": 6454000.0,
        "Amortization Of Intangibles Income Statement": 6454000.0,
        "Research And Development": NaN,
        "Selling General And Administration": NaN,
        "Selling And Marketing Expense": NaN,
        "General And Administrative Expense": NaN,
        "Other Gand A": NaN,
        "Gross Profit": NaN,
        "Cost Of Revenue": NaN,
        "Total Revenue": NaN,
        "Operating Revenue": NaN
    },
    "2023-12-31": {
        "Tax Effect Of Unusual Items": NaN,
        "Tax Rate For Calcs": NaN,
        "Normalized EBITDA": NaN,
        "Total Unusual Items": NaN,
        "Total Unusual Items Excluding Goodwill": NaN,
        "Reconciled Depreciation": NaN,
        "Reconciled Cost Of Revenue": NaN,
        "EBITDA": NaN,
        "EBIT": NaN,
        "Net Interest Income": NaN,
        "Interest Expense": NaN,
        "Normalized Income": NaN,
        "Net Income From Continuing And Discontinued Operation": NaN,
        "Total Expenses": NaN,
        "Total Operating Income As Reported": NaN,
        "Diluted Average Shares": NaN,
        "Basic Average Shares": NaN,
        "Diluted EPS": NaN,
        "Basic EPS": NaN,
        "Diluted NI Availto Com Stockholders": NaN,
        "Net Income Common Stockholders": NaN,
        "Net Income": NaN,
        "Net Income Including Noncontrolling Interests": NaN,
        "Net Income Discontinuous Operations": NaN,
        "Net Income Continuous Operations": NaN,
        "Tax Provision": NaN,
        "Pretax Income": NaN,
        "Other Income Expense": NaN,
        "Other Non Operating Income Expenses": -65000.0,
        "Special Income Charges": 30023000.0,
        "Gain On Sale Of Business": 0.0,
        "Gain On Sale Of Security": NaN,
        "Net Non Operating Interest Income Expense": NaN,
        "Interest Expense Non Operating": NaN,
        "Operating Income": NaN,
        "Operating Expense": NaN,
        "Depreciation Amortization Depletion Income Statement": NaN,
        "Depreciation And Amortization In Income Statement": NaN,
        "Amortization": 5948000.0,
        "Amortization Of Intangibles Income Statement": 5948000.0,
        "Research And Development": NaN,
        "Selling General And Administration": NaN,
        "Selling And Marketing Expense": NaN,
        "General And Administrative Expense": NaN,
        "Other Gand A": NaN,
        "Gross Profit": NaN,
        "Cost Of Revenue": NaN,
        "Total Revenue": NaN,
        "Operating Revenue": NaN
    },
    "2024-03-31": {
        "Tax Effect Of Unusual Items": -15840.888236,
        "Tax Rate For Calcs": 0.038356,
        "Normalized EBITDA": -16694000.0,
        "Total Unusual Items": -413000.0,
        "Total Unusual Items Excluding Goodwill": -413000.0,
        "Reconciled Depreciation": 7676000.0,
        "Reconciled Cost Of Revenue": 6696000.0,
        "EBITDA": -17107000.0,
        "EBIT": -24783000.0,
        "Net Interest Income": -2462000.0,
        "Interest Expense": 2462000.0,
        "Normalized Income": -25802840.888236,
        "Net Income From Continuing And Discontinued Operation": -25198000.0,
        "Total Expenses": 48523000.0,
        "Total Operating Income As Reported": -24370000.0,
        "Diluted Average Shares": 37353228.0,
        "Basic Average Shares": 37353228.0,
        "Diluted EPS": -0.67,
        "Basic EPS": -0.67,
        "Diluted NI Availto Com Stockholders": -25198000.0,
        "Net Income Common Stockholders": -25198000.0,
        "Net Income": -25198000.0,
        "Net Income Including Noncontrolling Interests": -25198000.0,
        "Net Income Discontinuous Operations": 1002000.0,
        "Net Income Continuous Operations": -26200000.0,
        "Tax Provision": -1045000.0,
        "Pretax Income": -27245000.0,
        "Other Income Expense": -413000.0,
        "Other Non Operating Income Expenses": -413000.0,
        "Special Income Charges": NaN,
        "Gain On Sale Of Business": NaN,
        "Gain On Sale Of Security": -413000.0,
        "Net Non Operating Interest Income Expense": -2462000.0,
        "Interest Expense Non Operating": 2462000.0,
        "Operating Income": -24370000.0,
        "Operating Expense": 41576000.0,
        "Depreciation Amortization Depletion Income Statement": 7425000.0,
        "Depreciation And Amortization In Income Statement": 7425000.0,
        "Amortization": 5991000.0,
        "Amortization Of Intangibles Income Statement": 5991000.0,
        "Research And Development": 8425000.0,
        "Selling General And Administration": 25726000.0,
        "Selling And Marketing Expense": 9948000.0,
        "General And Administrative Expense": 15778000.0,
        "Other Gand A": 15778000.0,
        "Gross Profit": 17206000.0,
        "Cost Of Revenue": 6947000.0,
        "Total Revenue": 24153000.0,
        "Operating Revenue": 24153000.0
    },
    "2024-06-30": {
        "Tax Effect Of Unusual Items": -246.0,
        "Tax Rate For Calcs": 0.002,
        "Normalized EBITDA": -10633000.0,
        "Total Unusual Items": -123000.0,
        "Total Unusual Items Excluding Goodwill": -123000.0,
        "Reconciled Depreciation": 7021000.0,
        "Reconciled Cost Of Revenue": 5549000.0,
        "EBITDA": -10756000.0,
        "EBIT": -17777000.0,
        "Net Interest Income": -4497000.0,
        "Interest Expense": 4497000.0,
        "Normalized Income": -22108246.0,
        "Net Income From Continuing And Discontinued Operation": -22231000.0,
        "Total Expenses": 48654000.0,
        "Total Operating Income As Reported": -17662000.0,
        "Diluted Average Shares": 37814019.0,
        "Basic Average Shares": 37814019.0,
        "Diluted EPS": -0.59,
        "Basic EPS": -0.59,
        "Diluted NI Availto Com Stockholders": -22231000.0,
        "Net Income Common Stockholders": -22231000.0,
        "Net Income": -22231000.0,
        "Net Income Including Noncontrolling Interests": -22231000.0,
        "Net Income Discontinuous Operations": NaN,
        "Net Income Continuous Operations": -22231000.0,
        "Tax Provision": -43000.0,
        "Pretax Income": -22274000.0,
        "Other Income Expense": -115000.0,
        "Other Non Operating Income Expenses": 8000.0,
        "Special Income Charges": -172000.0,
        "Gain On Sale Of Business": -172000.0,
        "Gain On Sale Of Security": 49000.0,
        "Net Non Operating Interest Income Expense": -4497000.0,
        "Interest Expense Non Operating": 4497000.0,
        "Operating Income": -17662000.0,
        "Operating Expense": 42074000.0,
        "Depreciation Amortization Depletion Income Statement": 5990000.0,
        "Depreciation And Amortization In Income Statement": 5990000.0,
        "Amortization": 5990000.0,
        "Amortization Of Intangibles Income Statement": 5990000.0,
        "Research And Development": 6645000.0,
        "Selling General And Administration": 29439000.0,
        "Selling And Marketing Expense": 12674000.0,
        "General And Administrative Expense": 16765000.0,
        "Other Gand A": 16765000.0,
        "Gross Profit": 24412000.0,
        "Cost Of Revenue": 6580000.0,
        "Total Revenue": 30992000.0,
        "Operating Revenue": 30992000.0
    },
    "2024-09-30": {
        "Tax Effect Of Unusual Items": 40479.0,
        "Tax Rate For Calcs": 0.103,
        "Normalized EBITDA": -15091000.0,
        "Total Unusual Items": 393000.0,
        "Total Unusual Items Excluding Goodwill": 393000.0,
        "Reconciled Depreciation": 7401000.0,
        "Reconciled Cost Of Revenue": 4949000.0,
        "EBITDA": -14698000.0,
        "EBIT": -22099000.0,
        "Net Interest Income": -2987000.0,
        "Interest Expense": 2987000.0,
        "Normalized Income": -22863521.0,
        "Net Income From Continuing And Discontinued Operation": -21746000.0,
        "Total Expenses": 44485000.0,
        "Total Operating Income As Reported": -22492000.0,
        "Diluted Average Shares": 38086765.0,
        "Basic Average Shares": 38086765.0,
        "Diluted EPS": -0.57,
        "Basic EPS": -0.57,
        "Diluted NI Availto Com Stockholders": -21746000.0,
        "Net Income Common Stockholders": -21746000.0,
        "Net Income": -21746000.0,
        "Net Income Including Noncontrolling Interests": -21746000.0,
        "Net Income Discontinuous Operations": 765000.0,
        "Net Income Continuous Operations": -22511000.0,
        "Tax Provision": -2575000.0,
        "Pretax Income": -25086000.0,
        "Other Income Expense": 393000.0,
        "Other Non Operating Income Expenses": NaN,
        "Special Income Charges": 0.0,
        "Gain On Sale Of Business": NaN,
        "Gain On Sale Of Security": 393000.0,
        "Net Non Operating Interest Income Expense": -2987000.0,
        "Interest Expense Non Operating": 2987000.0,
        "Operating Income": -22492000.0,
        "Operating Expense": 38160000.0,
        "Depreciation Amortization Depletion Income Statement": 6025000.0,
        "Depreciation And Amortization In Income Statement": 6025000.0,
        "Amortization": 6025000.0,
        "Amortization Of Intangibles Income Statement": 6025000.0,
        "Research And Development": 7528000.0,
        "Selling General And Administration": 24607000.0,
        "Selling And Marketing Expense": 10186000.0,
        "General And Administrative Expense": 14421000.0,
        "Other Gand A": 14421000.0,
        "Gross Profit": 15668000.0,
        "Cost Of Revenue": 6325000.0,
        "Total Revenue": 21993000.0,
        "Operating Revenue": 21993000.0
    },
    "2024-12-31": {
        "Tax Effect Of Unusual Items": 867.092756,
        "Tax Rate For Calcs": 0.006064,
        "Normalized EBITDA": -10461000.0,
        "Total Unusual Items": 143000.0,
        "Total Unusual Items Excluding Goodwill": 143000.0,
        "Reconciled Depreciation": 7241000.0,
        "Reconciled Cost Of Revenue": 10903000.0,
        "EBITDA": -10318000.0,
        "EBIT": -20822000.0,
        "Net Interest Income": -3586000.0,
        "Interest Expense": 3586000.0,
        "Normalized Income": -24402132.907244,
        "Net Income From Continuing And Discontinued Operation": 31791000.0,
        "Total Expenses": 43472000.0,
        "Total Operating Income As Reported": -21039000.0,
        "Diluted Average Shares": 44318858.0,
        "Basic Average Shares": 38086765.0,
        "Diluted EPS": 0.72,
        "Basic EPS": 0.72,
        "Diluted NI Availto Com Stockholders": 31791000.0,
        "Net Income Common Stockholders": 31791000.0,
        "Net Income": 31791000.0,
        "Net Income Including Noncontrolling Interests": 31791000.0,
        "Net Income Discontinuous Operations": 56051000.0,
        "Net Income Continuous Operations": -24260000.0,
        "Tax Provision": -148000.0,
        "Pretax Income": -24408000.0,
        "Other Income Expense": 217000.0,
        "Other Non Operating Income Expenses": 74000.0,
        "Special Income Charges": 172000.0,
        "Gain On Sale Of Business": NaN,
        "Gain On Sale Of Security": NaN,
        "Net Non Operating Interest Income Expense": -3586000.0,
        "Interest Expense Non Operating": 3586000.0,
        "Operating Income": -21039000.0,
        "Operating Expense": 35832000.0,
        "Depreciation Amortization Depletion Income Statement": 10504000.0,
        "Depreciation And Amortization In Income Statement": 10504000.0,
        "Amortization": NaN,
        "Amortization Of Intangibles Income Statement": NaN,
        "Research And Development": 3429000.0,
        "Selling General And Administration": 21899000.0,
        "Selling And Marketing Expense": 8607000.0,
        "General And Administrative Expense": 13292000.0,
        "Other Gand A": 13292000.0,
        "Gross Profit": 14793000.0,
        "Cost Of Revenue": 7640000.0,
        "Total Revenue": 22433000.0,
        "Operating Revenue": 22433000.0
    },
    "2025-03-31": {
        "Tax Effect Of Unusual Items": 6568.090689,
        "Tax Rate For Calcs": 0.016138,
        "Normalized EBITDA": -10828000.0,
        "Total Unusual Items": 407000.0,
        "Total Unusual Items Excluding Goodwill": 407000.0,
        "Reconciled Depreciation": 7152000.0,
        "Reconciled Cost Of Revenue": 7630000.0,
        "EBITDA": -10421000.0,
        "EBIT": -17573000.0,
        "Net Interest Income": -2628000.0,
        "Interest Expense": 2628000.0,
        "Normalized Income": -20275431.909311,
        "Net Income From Continuing And Discontinued Operation": -19875000.0,
        "Total Expenses": 44097000.0,
        "Total Operating Income As Reported": -21634000.0,
        "Diluted Average Shares": 48343476.0,
        "Basic Average Shares": 48343476.0,
        "Diluted EPS": -0.41,
        "Basic EPS": -0.41,
        "Diluted NI Availto Com Stockholders": -19875000.0,
        "Net Income Common Stockholders": -19875000.0,
        "Net Income": -19875000.0,
        "Net Income Including Noncontrolling Interests": -19875000.0,
        "Net Income Discontinuous Operations": 0.0,
        "Net Income Continuous Operations": -19875000.0,
        "Tax Provision": -326000.0,
        "Pretax Income": -20201000.0,
        "Other Income Expense": 4061000.0,
        "Other Non Operating Income Expenses": 3654000.0,
        "Special Income Charges": NaN,
        "Gain On Sale Of Business": NaN,
        "Gain On Sale Of Security": 407000.0,
        "Net Non Operating Interest Income Expense": -2628000.0,
        "Interest Expense Non Operating": 2628000.0,
        "Operating Income": -21634000.0,
        "Operating Expense": 36263000.0,
        "Depreciation Amortization Depletion Income Statement": 6948000.0,
        "Depreciation And Amortization In Income Statement": 6948000.0,
        "Amortization": NaN,
        "Amortization Of Intangibles Income Statement": NaN,
        "Research And Development": 5206000.0,
        "Selling General And Administration": 24109000.0,
        "Selling And Marketing Expense": 10105000.0,
        "General And Administrative Expense": 14004000.0,
        "Other Gand A": 14004000.0,
        "Gross Profit": 14629000.0,
        "Cost Of Revenue": 7834000.0,
        "Total Revenue": 22463000.0,
        "Operating Revenue": 22463000.0
    }
}