{
    "2023-03-31": {
        "Tax Effect Of Unusual Items": 57750.0,
        "Tax Rate For Calcs": 0.21,
        "Normalized EBITDA": -7148000.0,
        "Total Unusual Items": 275000.0,
        "Total Unusual Items Excluding Goodwill": 275000.0,
        "Net Income From Continuing Operation Net Minority Interest": -9657000.0,
        "Reconciled Depreciation": 1007000.0,
        "Reconciled Cost Of Revenue": 6832000.0,
        "EBITDA": -6873000.0,
        "EBIT": -7880000.0,
        "Net Interest Income": -1508000.0,
        "Interest Expense": 1508000.0,
        "Normalized Income": -9874250.0,
        "Net Income From Continuing And Discontinued Operation": -9657000.0,
        "Total Expenses": 28686000.0,
        "Rent Expense Supplemental": NaN,
        "Total Operating Income As Reported": -8155000.0,
        "Diluted Average Shares": 5217999.0,
        "Basic Average Shares": 5217999.0,
        "Diluted EPS": -1.849995,
        "Basic EPS": -1.849995,
        "Diluted NI Availto Com Stockholders": -9657000.0,
        "Net Income Common Stockholders": -9657000.0,
        "Net Income": -9657000.0,
        "Minority Interests": -34000.0,
        "Net Income Including Noncontrolling Interests": -9623000.0,
        "Net Income Continuous Operations": -9623000.0,
        "Tax Provision": 235000.0,
        "Pretax Income": -9388000.0,
        "Other Income Expense": 275000.0,
        "Special Income Charges": -77000.0,
        "Gain On Sale Of Business": -77000.0,
        "Other Special Charges": NaN,
        "Gain On Sale Of Security": 352000.0,
        "Net Non Operating Interest Income Expense": -1508000.0,
        "Interest Expense Non Operating": 1508000.0,
        "Operating Income": -8155000.0,
        "Operating Expense": 21854000.0,
        "Research And Development": 2637000.0,
        "Selling General And Administration": 19217000.0,
        "Selling And Marketing Expense": 8032000.0,
        "General And Administrative Expense": 11185000.0,
        "Other Gand A": 11185000.0,
        "Gross Profit": 13699000.0,
        "Cost Of Revenue": 6832000.0,
        "Total Revenue": 20531000.0,
        "Operating Revenue": 20531000.0
    },
    "2022-12-31": {
        "Tax Effect Of Unusual Items": -36332.527432,
        "Tax Rate For Calcs": 0.075693,
        "Normalized EBITDA": -7719000.0,
        "Total Unusual Items": -480000.0,
        "Total Unusual Items Excluding Goodwill": -480000.0,
        "Net Income From Continuing Operation Net Minority Interest": -9917000.0,
        "Reconciled Depreciation": 1170000.0,
        "Reconciled Cost Of Revenue": 8497000.0,
        "EBITDA": -8199000.0,
        "EBIT": -9369000.0,
        "Net Interest Income": -1385000.0,
        "Interest Expense": 1385000.0,
        "Normalized Income": -9473332.527432,
        "Net Income From Continuing And Discontinued Operation": -9917000.0,
        "Total Expenses": 33175000.0,
        "Total Operating Income As Reported": -8889000.0,
        "Diluted Average Shares": 4693533.0,
        "Basic Average Shares": 4693533.0,
        "Diluted EPS": -2.1,
        "Basic EPS": -2.1,
        "Diluted NI Availto Com Stockholders": -9917000.0,
        "Net Income Common Stockholders": -9917000.0,
        "Net Income": -9917000.0,
        "Minority Interests": 23000.0,
        "Net Income Including Noncontrolling Interests": -9940000.0,
        "Net Income Continuous Operations": -9940000.0,
        "Tax Provision": -814000.0,
        "Pretax Income": -10754000.0,
        "Other Income Expense": -480000.0,
        "Special Income Charges": -1482000.0,
        "Gain On Sale Of Business": -1482000.0,
        "Gain On Sale Of Security": 1002000.0,
        "Net Non Operating Interest Income Expense": -1385000.0,
        "Interest Expense Non Operating": 1385000.0,
        "Operating Income": -8889000.0,
        "Operating Expense": 24678000.0,
        "Research And Development": 3739000.0,
        "Selling General And Administration": 20939000.0,
        "Selling And Marketing Expense": 12792000.0,
        "General And Administrative Expense": 8147000.0,
        "Other Gand A": 8147000.0,
        "Gross Profit": 15789000.0,
        "Cost Of Revenue": 8497000.0,
        "Total Revenue": 24286000.0,
        "Operating Revenue": 24286000.0
    },
    "2022-09-30": {
        "Tax Effect Of Unusual Items": -22258.698322,
        "Tax Rate For Calcs": 0.011052,
        "Normalized EBITDA": -10344000.0,
        "Total Unusual Items": -2014000.0,
        "Total Unusual Items Excluding Goodwill": -2014000.0,
        "Net Income From Continuing Operation Net Minority Interest": -14605000.0,
        "Reconciled Depreciation": 1081000.0,
        "Reconciled Cost Of Revenue": 8166000.0,
        "EBITDA": -12358000.0,
        "EBIT": -13439000.0,
        "Net Interest Income": -1219000.0,
        "Interest Expense": 1219000.0,
        "Normalized Income": -12613258.698322,
        "Net Income From Continuing And Discontinued Operation": -14605000.0,
        "Total Expenses": 32964000.0,
        "Total Operating Income As Reported": -11425000.0,
        "Diluted Average Shares": 4351000.0,
        "Basic Average Shares": 4351000.0,
        "Diluted EPS": -3.36,
        "Basic EPS": -3.36,
        "Diluted NI Availto Com Stockholders": -14605000.0,
        "Net Income Common Stockholders": -14605000.0,
        "Net Income": -14605000.0,
        "Minority Interests": -109000.0,
        "Net Income Including Noncontrolling Interests": -14496000.0,
        "Net Income Continuous Operations": -14496000.0,
        "Tax Provision": -162000.0,
        "Pretax Income": -14658000.0,
        "Other Income Expense": -2014000.0,
        "Special Income Charges": 0.0,
        "Gain On Sale Of Business": 0.0,
        "Gain On Sale Of Security": -2014000.0,
        "Net Non Operating Interest Income Expense": -1219000.0,
        "Interest Expense Non Operating": 1219000.0,
        "Operating Income": -11425000.0,
        "Operating Expense": 24798000.0,
        "Research And Development": 2576000.0,
        "Selling General And Administration": 22222000.0,
        "Selling And Marketing Expense": 8094000.0,
        "General And Administrative Expense": 14128000.0,
        "Other Gand A": 14128000.0,
        "Gross Profit": 13373000.0,
        "Cost Of Revenue": 8166000.0,
        "Total Revenue": 21539000.0,
        "Operating Revenue": 21539000.0
    },
    "2022-06-30": {
        "Tax Effect Of Unusual Items": -4051.282051,
        "Tax Rate For Calcs": 0.001709,
        "Normalized EBITDA": -6015000.0,
        "Total Unusual Items": -2370000.0,
        "Total Unusual Items Excluding Goodwill": -2370000.0,
        "Net Income From Continuing Operation Net Minority Interest": -10559000.0,
        "Reconciled Depreciation": 1111000.0,
        "Reconciled Cost Of Revenue": 8220000.0,
        "EBITDA": -8385000.0,
        "EBIT": -9496000.0,
        "Net Interest Income": -1034000.0,
        "Interest Expense": 1034000.0,
        "Normalized Income": -8193051.282051,
        "Net Income From Continuing And Discontinued Operation": -10559000.0,
        "Total Expenses": 34392000.0,
        "Total Operating Income As Reported": -7126000.0,
        "Diluted Average Shares": 4276000.0,
        "Basic Average Shares": 4276000.0,
        "Diluted EPS": -2.47,
        "Basic EPS": -2.47,
        "Diluted NI Availto Com Stockholders": -10559000.0,
        "Net Income Common Stockholders": -10559000.0,
        "Net Income": -10559000.0,
        "Minority Interests": -47000.0,
        "Net Income Including Noncontrolling Interests": -10512000.0,
        "Net Income Continuous Operations": -10512000.0,
        "Tax Provision": -18000.0,
        "Pretax Income": -10530000.0,
        "Other Income Expense": -2370000.0,
        "Special Income Charges": 0.0,
        "Gain On Sale Of Business": NaN,
        "Gain On Sale Of Security": -2370000.0,
        "Net Non Operating Interest Income Expense": -1034000.0,
        "Interest Expense Non Operating": 1034000.0,
        "Operating Income": -7126000.0,
        "Operating Expense": 26172000.0,
        "Research And Development": 2436000.0,
        "Selling General And Administration": 23736000.0,
        "Selling And Marketing Expense": 9487000.0,
        "General And Administrative Expense": 14249000.0,
        "Other Gand A": 14249000.0,
        "Gross Profit": 19046000.0,
        "Cost Of Revenue": 8220000.0,
        "Total Revenue": 27266000.0,
        "Operating Revenue": 27266000.0
    },
    "2022-03-31": {
        "Diluted EPS": -2.02,
        "Total Revenue": 26,
        "Gross Profit": 18,
        "Operating Income": -7,
        "EBIT": -6,
        "Net Income": -9
    },
    "2021-12-31": {
        "Diluted EPS": -1.2,
        "Total Revenue": 33,
        "Gross Profit": 23,
        "Operating Income": -4,
        "EBIT": -3,
        "Net Income": -4
    },
    "2021-09-30": {
        "Diluted EPS": -2.7,
        "Total Revenue": 25,
        "Gross Profit": 17,
        "Operating Income": -5,
        "EBIT": -4,
        "Net Income": -10
    },
    "2021-06-30": {
        "Diluted EPS": 0.15,
        "Total Revenue": 26,
        "Gross Profit": 19,
        "Operating Income": 2,
        "EBIT": 3,
        "Net Income": 0
    },
    "2021-03-31": {
        "Diluted EPS": -2.55,
        "Total Revenue": 23,
        "Gross Profit": 15,
        "Operating Income": -7,
        "EBIT": -6,
        "Net Income": -9
    },
    "2020-12-31": {
        "Diluted EPS": -1.2,
        "Total Revenue": 26,
        "Gross Profit": 17,
        "Operating Income": -10,
        "EBIT": -9,
        "Net Income": -15
    },
    "2020-09-30": {
        "Diluted EPS": -2.7,
        "Total Revenue": 21,
        "Gross Profit": 14,
        "Operating Income": -5,
        "EBIT": -4,
        "Net Income": -7
    },
    "2020-06-30": {
        "Diluted EPS": -5.85,
        "Total Revenue": 17,
        "Gross Profit": 12,
        "Operating Income": -9,
        "EBIT": -8,
        "Net Income": -13
    },
    "2020-03-31": {
        "Diluted EPS": -25.19,
        "Total Revenue": 15,
        "Gross Profit": 9,
        "Operating Income": -44,
        "EBIT": -15,
        "Net Income": -50
    },
    "2019-12-31": {
        "Diluted EPS": -9.9,
        "Total Revenue": 32,
        "Gross Profit": 20,
        "Operating Income": -18,
        "EBIT": -17,
        "Net Income": -21
    },
    "2019-09-30": {
        "Diluted EPS": -26.54,
        "Total Revenue": 26,
        "Gross Profit": 19,
        "Operating Income": -7,
        "EBIT": -6,
        "Net Income": -9
    },
    "2019-06-30": {
        "Diluted EPS": -18.59,
        "Total Revenue": 28,
        "Gross Profit": 20,
        "Operating Income": -4,
        "EBIT": -4,
        "Net Income": -6
    },
    "2019-03-31": {
        "Diluted EPS": -16.49,
        "Total Revenue": 25,
        "Gross Profit": 18,
        "Operating Income": -2,
        "EBIT": -2,
        "Net Income": -5
    },
    "2018-12-31": {
        "Diluted EPS": 103.7,
        "Total Revenue": 87,
        "Gross Profit": 72,
        "Operating Income": 15,
        "EBIT": 16,
        "Net Income": 6
    },
    "2018-09-30": {
        "Diluted EPS": -45.43,
        "Total Revenue": 5,
        "Gross Profit": 2,
        "Operating Income": -6,
        "EBIT": -6,
        "Net Income": -7
    },
    "2018-06-30": {
        "Diluted EPS": -47.2,
        "Total Revenue": 5,
        "Gross Profit": 3,
        "Operating Income": -5,
        "EBIT": -5,
        "Net Income": -6
    },
    "2018-03-31": {
        "Diluted EPS": -58.44,
        "Total Revenue": 5,
        "Gross Profit": 2,
        "Operating Income": -7,
        "EBIT": -7,
        "Net Income": -7
    },
    "2017-12-31": {
        "Diluted EPS": NaN,
        "Total Revenue": 6,
        "Gross Profit": 3,
        "Operating Income": -4,
        "EBIT": -4,
        "Net Income": -1
    },
    "2017-09-30": {
        "Diluted EPS": -914.84,
        "Total Revenue": 4,
        "Gross Profit": 2,
        "Operating Income": -5,
        "EBIT": -4,
        "Net Income": -7
    },
    "2017-06-30": {
        "Diluted EPS": -694.56,
        "Total Revenue": 6,
        "Gross Profit": 2,
        "Operating Income": -4,
        "EBIT": -4,
        "Net Income": -5
    },
    "2017-03-31": {
        "Diluted EPS": -71.93,
        "Total Revenue": 5,
        "Gross Profit": 2,
        "Operating Income": -4,
        "EBIT": -4,
        "Net Income": -5
    },
    "2016-12-31": {
        "Diluted EPS": 0.0,
        "Total Revenue": NaN,
        "Gross Profit": NaN,
        "Operating Income": NaN,
        "EBIT": NaN,
        "Net Income": NaN
    },
    "2016-09-30": {
        "Diluted EPS": -824.93,
        "Total Revenue": 4,
        "Gross Profit": 1,
        "Operating Income": -5,
        "EBIT": -5,
        "Net Income": -6
    },
    "2015-12-31": {
        "Diluted EPS": 0.0,
        "Total Revenue": NaN,
        "Gross Profit": NaN,
        "Operating Income": NaN,
        "EBIT": NaN,
        "Net Income": NaN
    },
    "2023-06-30": {
        "Tax Effect Of Unusual Items": 37590.0,
        "Tax Rate For Calcs": 0.21,
        "Normalized EBITDA": -4733000.0,
        "Total Unusual Items": 179000.0,
        "Total Unusual Items Excluding Goodwill": 179000.0,
        "Net Income From Continuing Operation Net Minority Interest": -7409000.0,
        "Reconciled Depreciation": 1025000.0,
        "Reconciled Cost Of Revenue": 5855000.0,
        "EBITDA": -4554000.0,
        "EBIT": -5579000.0,
        "Net Interest Income": -1553000.0,
        "Interest Expense": 1553000.0,
        "Normalized Income": -7550410.0,
        "Net Income From Continuing And Discontinued Operation": -7409000.0,
        "Total Expenses": 25833000.0,
        "Rent Expense Supplemental": NaN,
        "Total Operating Income As Reported": -5758000.0,
        "Diluted Average Shares": 5471000.0,
        "Basic Average Shares": 5471000.0,
        "Diluted EPS": -1.35,
        "Basic EPS": -1.35,
        "Diluted NI Availto Com Stockholders": -7409000.0,
        "Net Income Common Stockholders": -7409000.0,
        "Net Income": -7409000.0,
        "Minority Interests": -88000.0,
        "Net Income Including Noncontrolling Interests": -7321000.0,
        "Net Income Continuous Operations": -7321000.0,
        "Tax Provision": 189000.0,
        "Pretax Income": -7132000.0,
        "Other Income Expense": 179000.0,
        "Special Income Charges": 1000.0,
        "Gain On Sale Of Business": 1000.0,
        "Other Special Charges": NaN,
        "Gain On Sale Of Security": 178000.0,
        "Net Non Operating Interest Income Expense": -1553000.0,
        "Interest Expense Non Operating": 1553000.0,
        "Operating Income": -5758000.0,
        "Operating Expense": 19978000.0,
        "Research And Development": 1965000.0,
        "Selling General And Administration": 18013000.0,
        "Selling And Marketing Expense": 8380000.0,
        "General And Administrative Expense": 9633000.0,
        "Other Gand A": 9633000.0,
        "Gross Profit": 14220000.0,
        "Cost Of Revenue": 5855000.0,
        "Total Revenue": 20075000.0,
        "Operating Revenue": 20075000.0
    },
    "2023-09-30": {
        "Tax Effect Of Unusual Items": -31487.549854,
        "Tax Rate For Calcs": 0.034602,
        "Normalized EBITDA": -5752000.0,
        "Total Unusual Items": -910000.0,
        "Total Unusual Items Excluding Goodwill": -910000.0,
        "Net Income From Continuing Operation Net Minority Interest": -9068000.0,
        "Reconciled Depreciation": 1010000.0,
        "Reconciled Cost Of Revenue": 5431000.0,
        "EBITDA": -6662000.0,
        "EBIT": -7672000.0,
        "Net Interest Income": -1605000.0,
        "Interest Expense": 1605000.0,
        "Normalized Income": -8189487.549854,
        "Net Income From Continuing And Discontinued Operation": -9068000.0,
        "Total Expenses": 24378000.0,
        "Rent Expense Supplemental": NaN,
        "Total Operating Income As Reported": -6762000.0,
        "Diluted Average Shares": 502454.0,
        "Basic Average Shares": 502454.0,
        "Diluted EPS": -18.04,
        "Basic EPS": -18.04,
        "Diluted NI Availto Com Stockholders": -9068000.0,
        "Net Income Common Stockholders": -9068000.0,
        "Net Income": -9068000.0,
        "Minority Interests": -112000.0,
        "Net Income Including Noncontrolling Interests": -8956000.0,
        "Net Income Continuous Operations": -8956000.0,
        "Tax Provision": -321000.0,
        "Pretax Income": -9277000.0,
        "Other Income Expense": -910000.0,
        "Special Income Charges": -1000.0,
        "Gain On Sale Of Business": -1000.0,
        "Other Special Charges": NaN,
        "Gain On Sale Of Security": -909000.0,
        "Net Non Operating Interest Income Expense": -1605000.0,
        "Interest Expense Non Operating": 1605000.0,
        "Operating Income": -6762000.0,
        "Operating Expense": 18947000.0,
        "Research And Development": 1925000.0,
        "Selling General And Administration": 17022000.0,
        "Selling And Marketing Expense": 6907000.0,
        "General And Administrative Expense": 10115000.0,
        "Other Gand A": 10115000.0,
        "Gross Profit": 12185000.0,
        "Cost Of Revenue": 5431000.0,
        "Total Revenue": 17616000.0,
        "Operating Revenue": 17616000.0
    },
    "2024-03-31": {
        "Tax Effect Of Unusual Items": 61740.0,
        "Tax Rate For Calcs": 0.21,
        "Normalized EBITDA": -6785000.0,
        "Total Unusual Items": 294000.0,
        "Total Unusual Items Excluding Goodwill": 294000.0,
        "Net Income From Continuing Operation Net Minority Interest": -9794000.0,
        "Reconciled Depreciation": 975000.0,
        "Reconciled Cost Of Revenue": 5832000.0,
        "EBITDA": -6491000.0,
        "EBIT": -7466000.0,
        "Net Interest Income": -2286000.0,
        "Interest Expense": 2286000.0,
        "Normalized Income": -10026260.0,
        "Net Income From Continuing And Discontinued Operation": -9794000.0,
        "Total Expenses": 25239000.0,
        "Rent Expense Supplemental": 1477000.0,
        "Total Operating Income As Reported": -7760000.0,
        "Diluted Average Shares": 529909.0,
        "Basic Average Shares": 529909.0,
        "Diluted EPS": -18.48,
        "Basic EPS": -18.48,
        "Diluted NI Availto Com Stockholders": -9794000.0,
        "Net Income Common Stockholders": -9794000.0,
        "Net Income": -9794000.0,
        "Minority Interests": -5000.0,
        "Net Income Including Noncontrolling Interests": -9789000.0,
        "Net Income Continuous Operations": -9789000.0,
        "Tax Provision": 37000.0,
        "Pretax Income": -9752000.0,
        "Other Income Expense": 294000.0,
        "Special Income Charges": 0.0,
        "Gain On Sale Of Business": 0.0,
        "Other Special Charges": NaN,
        "Gain On Sale Of Security": 294000.0,
        "Net Non Operating Interest Income Expense": -2286000.0,
        "Interest Expense Non Operating": 2286000.0,
        "Operating Income": -7760000.0,
        "Operating Expense": 19407000.0,
        "Research And Development": 1785000.0,
        "Selling General And Administration": 17622000.0,
        "Selling And Marketing Expense": 7374000.0,
        "General And Administrative Expense": 10248000.0,
        "Other Gand A": 10248000.0,
        "Gross Profit": 11647000.0,
        "Cost Of Revenue": 5832000.0,
        "Total Revenue": 17479000.0,
        "Operating Revenue": 17479000.0
    },
    "2024-06-30": {
        "Tax Effect Of Unusual Items": -2451750.0,
        "Tax Rate For Calcs": 0.21,
        "Normalized EBITDA": -4619000.0,
        "Total Unusual Items": -11675000.0,
        "Total Unusual Items Excluding Goodwill": -11675000.0,
        "Net Income From Continuing Operation Net Minority Interest": -19951000.0,
        "Reconciled Depreciation": 977000.0,
        "Reconciled Cost Of Revenue": 4733000.0,
        "EBITDA": -16294000.0,
        "EBIT": -17271000.0,
        "Net Interest Income": -2452000.0,
        "Interest Expense": 2452000.0,
        "Normalized Income": -10727750.0,
        "Net Income From Continuing And Discontinued Operation": -19951000.0,
        "Total Expenses": 22178000.0,
        "Rent Expense Supplemental": 410000.0,
        "Total Operating Income As Reported": -5596000.0,
        "Diluted Average Shares": 595454.0,
        "Basic Average Shares": 595454.0,
        "Diluted EPS": -33.55,
        "Basic EPS": -33.55,
        "Diluted NI Availto Com Stockholders": -19951000.0,
        "Net Income Common Stockholders": -19951000.0,
        "Net Income": -19951000.0,
        "Minority Interests": -87000.0,
        "Net Income Including Noncontrolling Interests": -19864000.0,
        "Net Income Continuous Operations": -19864000.0,
        "Tax Provision": 141000.0,
        "Pretax Income": -19723000.0,
        "Other Income Expense": -11675000.0,
        "Special Income Charges": -10901000.0,
        "Gain On Sale Of Business": 0.0,
        "Other Special Charges": 10901000.0,
        "Gain On Sale Of Security": -774000.0,
        "Net Non Operating Interest Income Expense": -2452000.0,
        "Interest Expense Non Operating": 2452000.0,
        "Operating Income": -5596000.0,
        "Operating Expense": 17445000.0,
        "Research And Development": 1737000.0,
        "Selling General And Administration": 15708000.0,
        "Selling And Marketing Expense": 7048000.0,
        "General And Administrative Expense": 8660000.0,
        "Other Gand A": 8660000.0,
        "Gross Profit": 11849000.0,
        "Cost Of Revenue": 4733000.0,
        "Total Revenue": 16582000.0,
        "Operating Revenue": 16582000.0
    },
    "2023-12-31": {
        "Tax Effect Of Unusual Items": NaN,
        "Tax Rate For Calcs": NaN,
        "Normalized EBITDA": NaN,
        "Total Unusual Items": NaN,
        "Total Unusual Items Excluding Goodwill": NaN,
        "Net Income From Continuing Operation Net Minority Interest": NaN,
        "Reconciled Depreciation": NaN,
        "Reconciled Cost Of Revenue": NaN,
        "EBITDA": NaN,
        "EBIT": NaN,
        "Net Interest Income": NaN,
        "Interest Expense": NaN,
        "Normalized Income": NaN,
        "Net Income From Continuing And Discontinued Operation": NaN,
        "Total Expenses": NaN,
        "Rent Expense Supplemental": 679000.0,
        "Total Operating Income As Reported": NaN,
        "Diluted Average Shares": NaN,
        "Basic Average Shares": NaN,
        "Diluted EPS": NaN,
        "Basic EPS": NaN,
        "Diluted NI Availto Com Stockholders": NaN,
        "Net Income Common Stockholders": NaN,
        "Net Income": NaN,
        "Minority Interests": NaN,
        "Net Income Including Noncontrolling Interests": NaN,
        "Net Income Continuous Operations": NaN,
        "Tax Provision": NaN,
        "Pretax Income": NaN,
        "Other Income Expense": NaN,
        "Special Income Charges": NaN,
        "Gain On Sale Of Business": NaN,
        "Other Special Charges": NaN,
        "Gain On Sale Of Security": NaN,
        "Net Non Operating Interest Income Expense": NaN,
        "Interest Expense Non Operating": NaN,
        "Operating Income": NaN,
        "Operating Expense": NaN,
        "Research And Development": NaN,
        "Selling General And Administration": NaN,
        "Selling And Marketing Expense": NaN,
        "General And Administrative Expense": NaN,
        "Other Gand A": NaN,
        "Gross Profit": NaN,
        "Cost Of Revenue": NaN,
        "Total Revenue": NaN,
        "Operating Revenue": NaN
    },
    "2024-09-30": {
        "Tax Effect Of Unusual Items": -1697.310618,
        "Tax Rate For Calcs": 0.003322,
        "Normalized EBITDA": -6185000.0,
        "Total Unusual Items": -511000.0,
        "Total Unusual Items Excluding Goodwill": -511000.0,
        "Net Income From Continuing Operation Net Minority Interest": -9286000.0,
        "Reconciled Depreciation": 972000.0,
        "Reconciled Cost Of Revenue": 5086000.0,
        "EBITDA": -6696000.0,
        "EBIT": -7668000.0,
        "Net Interest Income": -1665000.0,
        "Interest Expense": 1665000.0,
        "Normalized Income": -8776697.310618,
        "Net Income From Continuing And Discontinued Operation": -9286000.0,
        "Total Expenses": 22164000.0,
        "Rent Expense Supplemental": 651000.0,
        "Total Operating Income As Reported": -7157000.0,
        "Diluted Average Shares": 659545.0,
        "Basic Average Shares": 659545.0,
        "Diluted EPS": -14.08,
        "Basic EPS": -14.08,
        "Diluted NI Availto Com Stockholders": -9286000.0,
        "Net Income Common Stockholders": -9286000.0,
        "Net Income": -9286000.0,
        "Minority Interests": 16000.0,
        "Net Income Including Noncontrolling Interests": -9302000.0,
        "Net Income Continuous Operations": -9302000.0,
        "Tax Provision": -31000.0,
        "Pretax Income": -9333000.0,
        "Other Income Expense": -511000.0,
        "Special Income Charges": -454000.0,
        "Gain On Sale Of Business": 0.0,
        "Other Special Charges": 454000.0,
        "Gain On Sale Of Security": -57000.0,
        "Net Non Operating Interest Income Expense": -1665000.0,
        "Interest Expense Non Operating": 1665000.0,
        "Operating Income": -7157000.0,
        "Operating Expense": 17078000.0,
        "Research And Development": 1692000.0,
        "Selling General And Administration": 15386000.0,
        "Selling And Marketing Expense": 6654000.0,
        "General And Administrative Expense": 8732000.0,
        "Other Gand A": 8732000.0,
        "Gross Profit": 9921000.0,
        "Cost Of Revenue": 5086000.0,
        "Total Revenue": 15007000.0,
        "Operating Revenue": 15007000.0
    },
    "2024-12-31": {
        "Tax Effect Of Unusual Items": -73432.869843,
        "Tax Rate For Calcs": 0.086392,
        "Normalized EBITDA": -5706000.0,
        "Total Unusual Items": -850000.0,
        "Total Unusual Items Excluding Goodwill": -850000.0,
        "Net Income From Continuing Operation Net Minority Interest": -7965000.0,
        "Reconciled Depreciation": 965000.0,
        "Reconciled Cost Of Revenue": 4876000.0,
        "EBITDA": -6556000.0,
        "EBIT": -7521000.0,
        "Net Interest Income": -1253000.0,
        "Interest Expense": 1253000.0,
        "Normalized Income": -7188432.869843,
        "Net Income From Continuing And Discontinued Operation": -7965000.0,
        "Total Expenses": 22436000.0,
        "Rent Expense Supplemental": 711000.0,
        "Total Operating Income As Reported": -6671000.0,
        "Diluted Average Shares": 709000.0,
        "Basic Average Shares": 709000.0,
        "Diluted EPS": -11.229999,
        "Basic EPS": -11.229999,
        "Diluted NI Availto Com Stockholders": -7965000.0,
        "Net Income Common Stockholders": -7965000.0,
        "Net Income": -7965000.0,
        "Minority Interests": 51000.0,
        "Net Income Including Noncontrolling Interests": -8016000.0,
        "Net Income Continuous Operations": -8016000.0,
        "Tax Provision": -758000.0,
        "Pretax Income": -8774000.0,
        "Other Income Expense": -850000.0,
        "Special Income Charges": -23000.0,
        "Gain On Sale Of Business": -23000.0,
        "Other Special Charges": 0.0,
        "Gain On Sale Of Security": -827000.0,
        "Net Non Operating Interest Income Expense": -1253000.0,
        "Interest Expense Non Operating": 1253000.0,
        "Operating Income": -6671000.0,
        "Operating Expense": 17560000.0,
        "Research And Development": 1474000.0,
        "Selling General And Administration": 16086000.0,
        "Selling And Marketing Expense": 7256000.0,
        "General And Administrative Expense": 8830000.0,
        "Other Gand A": 8830000.0,
        "Gross Profit": 10889000.0,
        "Cost Of Revenue": 4876000.0,
        "Total Revenue": 15765000.0,
        "Operating Revenue": 15765000.0
    }
}