{
    "2023-03-31": {
        "Tax Effect Of Unusual Items": NaN,
        "Tax Rate For Calcs": NaN,
        "Normalized EBITDA": NaN,
        "Total Unusual Items": NaN,
        "Total Unusual Items Excluding Goodwill": NaN,
        "Net Income From Continuing Operation Net Minority Interest": NaN,
        "Reconciled Depreciation": NaN,
        "Reconciled Cost Of Revenue": NaN,
        "EBITDA": NaN,
        "EBIT": NaN,
        "Net Interest Income": NaN,
        "Interest Expense": NaN,
        "Interest Income": NaN,
        "Normalized Income": NaN,
        "Net Income From Continuing And Discontinued Operation": NaN,
        "Total Expenses": NaN,
        "Diluted Average Shares": NaN,
        "Basic Average Shares": NaN,
        "Diluted EPS": NaN,
        "Basic EPS": NaN,
        "Diluted NI Availto Com Stockholders": NaN,
        "Net Income Common Stockholders": NaN,
        "Net Income": NaN,
        "Minority Interests": NaN,
        "Net Income Including Noncontrolling Interests": NaN,
        "Net Income Continuous Operations": NaN,
        "Earnings From Equity Interest Net Of Tax": 0.0,
        "Tax Provision": NaN,
        "Pretax Income": NaN,
        "Other Income Expense": NaN,
        "Other Non Operating Income Expenses": NaN,
        "Special Income Charges": NaN,
        "Write Off": NaN,
        "Impairment Of Capital Assets": NaN,
        "Gain On Sale Of Security": NaN,
        "Net Non Operating Interest Income Expense": NaN,
        "Interest Expense Non Operating": NaN,
        "Interest Income Non Operating": NaN,
        "Operating Income": NaN,
        "Operating Expense": NaN,
        "Selling General And Administration": NaN,
        "General And Administrative Expense": 17405000.0,
        "Other Gand A": 15673000.0,
        "Salaries And Wages": 1732000.0,
        "Gross Profit": NaN,
        "Cost Of Revenue": NaN,
        "Total Revenue": NaN,
        "Operating Revenue": NaN
    },
    "2022-12-31": {
        "Tax Effect Of Unusual Items": NaN,
        "Tax Rate For Calcs": NaN,
        "Normalized EBITDA": NaN,
        "Total Unusual Items": NaN,
        "Total Unusual Items Excluding Goodwill": NaN,
        "Net Income From Continuing Operation Net Minority Interest": NaN,
        "Reconciled Depreciation": NaN,
        "Reconciled Cost Of Revenue": NaN,
        "EBITDA": NaN,
        "EBIT": NaN,
        "Net Interest Income": NaN,
        "Interest Expense": NaN,
        "Interest Income": NaN,
        "Normalized Income": NaN,
        "Net Income From Continuing And Discontinued Operation": NaN,
        "Total Expenses": NaN,
        "Diluted Average Shares": NaN,
        "Basic Average Shares": NaN,
        "Diluted EPS": NaN,
        "Basic EPS": NaN,
        "Diluted NI Availto Com Stockholders": NaN,
        "Net Income Common Stockholders": NaN,
        "Net Income": NaN,
        "Minority Interests": NaN,
        "Net Income Including Noncontrolling Interests": NaN,
        "Net Income Continuous Operations": NaN,
        "Earnings From Equity Interest Net Of Tax": -1000.0,
        "Tax Provision": NaN,
        "Pretax Income": NaN,
        "Other Income Expense": NaN,
        "Other Non Operating Income Expenses": NaN,
        "Special Income Charges": -13507000.0,
        "Write Off": 0.0,
        "Impairment Of Capital Assets": 13500000.0,
        "Gain On Sale Of Security": NaN,
        "Net Non Operating Interest Income Expense": NaN,
        "Interest Expense Non Operating": NaN,
        "Interest Income Non Operating": NaN,
        "Operating Income": NaN,
        "Operating Expense": NaN,
        "Selling General And Administration": NaN,
        "General And Administrative Expense": NaN,
        "Other Gand A": NaN,
        "Salaries And Wages": 983000.0,
        "Gross Profit": NaN,
        "Cost Of Revenue": NaN,
        "Total Revenue": NaN,
        "Operating Revenue": NaN
    },
    "2022-09-30": {
        "Tax Effect Of Unusual Items": NaN,
        "Tax Rate For Calcs": NaN,
        "Normalized EBITDA": NaN,
        "Total Unusual Items": NaN,
        "Total Unusual Items Excluding Goodwill": NaN,
        "Net Income From Continuing Operation Net Minority Interest": NaN,
        "Reconciled Depreciation": NaN,
        "Reconciled Cost Of Revenue": NaN,
        "EBITDA": NaN,
        "EBIT": NaN,
        "Net Interest Income": NaN,
        "Interest Expense": NaN,
        "Interest Income": NaN,
        "Normalized Income": NaN,
        "Net Income From Continuing And Discontinued Operation": NaN,
        "Total Expenses": NaN,
        "Diluted Average Shares": 88684000.0,
        "Basic Average Shares": 88684000.0,
        "Diluted EPS": -0.1,
        "Basic EPS": -0.1,
        "Diluted NI Availto Com Stockholders": NaN,
        "Net Income Common Stockholders": NaN,
        "Net Income": NaN,
        "Minority Interests": NaN,
        "Net Income Including Noncontrolling Interests": NaN,
        "Net Income Continuous Operations": NaN,
        "Earnings From Equity Interest Net Of Tax": NaN,
        "Tax Provision": NaN,
        "Pretax Income": NaN,
        "Other Income Expense": NaN,
        "Other Non Operating Income Expenses": NaN,
        "Special Income Charges": 0.0,
        "Gain On Sale Of Ppe": 7000.0,
        "Write Off": 0.0,
        "Impairment Of Capital Assets": 0.0,
        "Gain On Sale Of Security": NaN,
        "Net Non Operating Interest Income Expense": NaN,
        "Interest Expense Non Operating": NaN,
        "Interest Income Non Operating": NaN,
        "Operating Income": NaN,
        "Operating Expense": NaN,
        "Selling General And Administration": NaN,
        "General And Administrative Expense": NaN,
        "Other Gand A": NaN,
        "Salaries And Wages": NaN,
        "Gross Profit": NaN,
        "Cost Of Revenue": NaN,
        "Total Revenue": NaN,
        "Operating Revenue": NaN
    },
    "2022-06-30": {
        "Tax Effect Of Unusual Items": -6856080.262978,
        "Tax Rate For Calcs": 0.22175,
        "Normalized EBITDA": -9019000.0,
        "Total Unusual Items": -30918000.0,
        "Total Unusual Items Excluding Goodwill": -30918000.0,
        "Net Income From Continuing Operation Net Minority Interest": -36555000.0,
        "Reconciled Depreciation": 3204000.0,
        "Reconciled Cost Of Revenue": 76580000.0,
        "EBITDA": -39937000.0,
        "EBIT": -43141000.0,
        "Net Interest Income": -665000.0,
        "Interest Expense": 665000.0,
        "Interest Income": 0.0,
        "Normalized Income": -12493080.262978,
        "Net Income From Continuing And Discontinued Operation": -36555000.0,
        "Total Expenses": 95096000.0,
        "Diluted Average Shares": 88567000.0,
        "Basic Average Shares": 88567000.0,
        "Diluted EPS": -0.41,
        "Basic EPS": -0.41,
        "Diluted NI Availto Com Stockholders": -36555000.0,
        "Net Income Common Stockholders": -36555000.0,
        "Net Income": -36555000.0,
        "Minority Interests": 152000.0,
        "Net Income Including Noncontrolling Interests": -36707000.0,
        "Net Income Continuous Operations": -36707000.0,
        "Earnings From Equity Interest Net Of Tax": -2615000.0,
        "Tax Provision": -9714000.0,
        "Pretax Income": -43806000.0,
        "Other Income Expense": -30948000.0,
        "Other Non Operating Income Expenses": -30000.0,
        "Special Income Charges": -30391000.0,
        "Gain On Sale Of Ppe": 0.0,
        "Write Off": 592000.0,
        "Impairment Of Capital Assets": 29799000.0,
        "Gain On Sale Of Security": -527000.0,
        "Net Non Operating Interest Income Expense": -665000.0,
        "Interest Expense Non Operating": 665000.0,
        "Interest Income Non Operating": 0.0,
        "Operating Income": -12193000.0,
        "Operating Expense": 18516000.0,
        "Selling General And Administration": 18516000.0,
        "General And Administrative Expense": 18516000.0,
        "Other Gand A": 17402000.0,
        "Salaries And Wages": 1114000.0,
        "Gross Profit": 6323000.0,
        "Cost Of Revenue": 76580000.0,
        "Total Revenue": 82903000.0,
        "Operating Revenue": 82903000.0
    },
    "2022-03-31": {
        "Diluted EPS": -0.07,
        "Total Revenue": 70,
        "Gross Profit": 10,
        "Operating Income": -8,
        "EBIT": -5,
        "Net Income": -7
    },
    "2021-12-31": {
        "Diluted EPS": 0.04,
        "Total Revenue": 73,
        "Gross Profit": 20,
        "Operating Income": 2,
        "EBIT": 5,
        "Net Income": 2
    },
    "2021-09-30": {
        "Diluted EPS": 0.01,
        "Total Revenue": 72,
        "Gross Profit": 18,
        "Operating Income": 3,
        "EBIT": 6,
        "Net Income": 1
    },
    "2021-06-30": {
        "Diluted EPS": -0.06,
        "Total Revenue": 70,
        "Gross Profit": 5,
        "Operating Income": -6,
        "EBIT": -2,
        "Net Income": -5
    },
    "2021-03-31": {
        "Diluted EPS": -0.1,
        "Total Revenue": 52,
        "Gross Profit": 2,
        "Operating Income": -8,
        "EBIT": -4,
        "Net Income": -7
    },
    "2020-12-31": {
        "Diluted EPS": 0.1,
        "Total Revenue": 47,
        "Gross Profit": 1,
        "Operating Income": -10,
        "EBIT": -8,
        "Net Income": 7
    },
    "2020-09-30": {
        "Diluted EPS": 0.01,
        "Total Revenue": 43,
        "Gross Profit": 6,
        "Operating Income": 0,
        "EBIT": 2,
        "Net Income": 1
    },
    "2020-06-30": {
        "Diluted EPS": 0.0,
        "Total Revenue": 48,
        "Gross Profit": 4,
        "Operating Income": -1,
        "EBIT": 1,
        "Net Income": 0
    },
    "2020-03-31": {
        "Diluted EPS": 0.08,
        "Total Revenue": 32,
        "Gross Profit": 1,
        "Operating Income": -4,
        "EBIT": -2,
        "Net Income": 4
    },
    "2019-12-31": {
        "Diluted EPS": -0.14,
        "Total Revenue": 33,
        "Gross Profit": -4,
        "Operating Income": -11,
        "EBIT": -10,
        "Net Income": -7
    },
    "2019-09-30": {
        "Diluted EPS": -0.01,
        "Total Revenue": 38,
        "Gross Profit": -1,
        "Operating Income": -5,
        "EBIT": -3,
        "Net Income": -1
    },
    "2019-06-30": {
        "Diluted EPS": 0.07,
        "Total Revenue": 41,
        "Gross Profit": -3,
        "Operating Income": -8,
        "EBIT": -6,
        "Net Income": 4
    },
    "2019-03-31": {
        "Diluted EPS": 0.13,
        "Total Revenue": 32,
        "Gross Profit": 1,
        "Operating Income": -5,
        "EBIT": -3,
        "Net Income": 6
    },
    "2018-12-31": {
        "Diluted EPS": 0.01,
        "Total Revenue": 39,
        "Gross Profit": 3,
        "Operating Income": -2,
        "EBIT": 0,
        "Net Income": 0
    },
    "2018-09-30": {
        "Diluted EPS": -0.04,
        "Total Revenue": 40,
        "Gross Profit": 2,
        "Operating Income": -2,
        "EBIT": 0,
        "Net Income": -2
    },
    "2018-06-30": {
        "Diluted EPS": -0.05,
        "Total Revenue": 42,
        "Gross Profit": 2,
        "Operating Income": -2,
        "EBIT": 0,
        "Net Income": -2
    },
    "2018-03-31": {
        "Diluted EPS": -0.03,
        "Total Revenue": 29,
        "Gross Profit": 3,
        "Operating Income": -1,
        "EBIT": 1,
        "Net Income": -1
    },
    "2017-12-31": {
        "Diluted EPS": 0.0,
        "Total Revenue": NaN,
        "Gross Profit": NaN,
        "Operating Income": NaN,
        "EBIT": NaN,
        "Net Income": NaN
    },
    "2023-06-30": {
        "Tax Effect Of Unusual Items": NaN,
        "Tax Rate For Calcs": NaN,
        "Normalized EBITDA": NaN,
        "Total Unusual Items": NaN,
        "Total Unusual Items Excluding Goodwill": NaN,
        "Net Income From Continuing Operation Net Minority Interest": NaN,
        "Reconciled Depreciation": NaN,
        "Reconciled Cost Of Revenue": NaN,
        "EBITDA": NaN,
        "EBIT": NaN,
        "Net Interest Income": NaN,
        "Interest Expense": NaN,
        "Interest Income": NaN,
        "Normalized Income": NaN,
        "Net Income From Continuing And Discontinued Operation": NaN,
        "Total Expenses": NaN,
        "Diluted Average Shares": 110239000.0,
        "Basic Average Shares": 110239000.0,
        "Diluted EPS": -0.01,
        "Basic EPS": -0.01,
        "Diluted NI Availto Com Stockholders": NaN,
        "Net Income Common Stockholders": NaN,
        "Net Income": NaN,
        "Minority Interests": NaN,
        "Net Income Including Noncontrolling Interests": NaN,
        "Net Income Continuous Operations": NaN,
        "Earnings From Equity Interest Net Of Tax": 0.0,
        "Tax Provision": NaN,
        "Pretax Income": NaN,
        "Other Income Expense": NaN,
        "Other Non Operating Income Expenses": NaN,
        "Special Income Charges": NaN,
        "Write Off": 0.0,
        "Impairment Of Capital Assets": NaN,
        "Gain On Sale Of Security": NaN,
        "Net Non Operating Interest Income Expense": NaN,
        "Interest Expense Non Operating": NaN,
        "Interest Income Non Operating": NaN,
        "Operating Income": NaN,
        "Operating Expense": NaN,
        "Selling General And Administration": NaN,
        "General And Administrative Expense": 16753000.0,
        "Other Gand A": 16753000.0,
        "Salaries And Wages": NaN,
        "Gross Profit": NaN,
        "Cost Of Revenue": NaN,
        "Total Revenue": NaN,
        "Operating Revenue": NaN
    },
    "2023-09-30": {
        "Tax Effect Of Unusual Items": NaN,
        "Tax Rate For Calcs": NaN,
        "Normalized EBITDA": NaN,
        "Total Unusual Items": NaN,
        "Total Unusual Items Excluding Goodwill": NaN,
        "Net Income From Continuing Operation Net Minority Interest": NaN,
        "Reconciled Depreciation": NaN,
        "Reconciled Cost Of Revenue": NaN,
        "EBITDA": NaN,
        "EBIT": NaN,
        "Net Interest Income": NaN,
        "Interest Expense": NaN,
        "Interest Income": NaN,
        "Normalized Income": NaN,
        "Net Income From Continuing And Discontinued Operation": NaN,
        "Total Expenses": NaN,
        "Diluted Average Shares": NaN,
        "Basic Average Shares": NaN,
        "Diluted EPS": NaN,
        "Basic EPS": NaN,
        "Diluted NI Availto Com Stockholders": NaN,
        "Net Income Common Stockholders": NaN,
        "Net Income": NaN,
        "Minority Interests": NaN,
        "Net Income Including Noncontrolling Interests": NaN,
        "Net Income Continuous Operations": NaN,
        "Earnings From Equity Interest Net Of Tax": 0.0,
        "Tax Provision": NaN,
        "Pretax Income": NaN,
        "Other Income Expense": NaN,
        "Other Non Operating Income Expenses": NaN,
        "Special Income Charges": 0.0,
        "Write Off": 0.0,
        "Impairment Of Capital Assets": 0.0,
        "Gain On Sale Of Security": NaN,
        "Net Non Operating Interest Income Expense": NaN,
        "Interest Expense Non Operating": NaN,
        "Interest Income Non Operating": NaN,
        "Operating Income": NaN,
        "Operating Expense": NaN,
        "Selling General And Administration": NaN,
        "General And Administrative Expense": 15822000.0,
        "Other Gand A": 15075000.0,
        "Salaries And Wages": 747000.0,
        "Gross Profit": NaN,
        "Cost Of Revenue": NaN,
        "Total Revenue": NaN,
        "Operating Revenue": NaN
    },
    "2023-12-31": {
        "Tax Effect Of Unusual Items": NaN,
        "Tax Rate For Calcs": NaN,
        "Normalized EBITDA": NaN,
        "Total Unusual Items": NaN,
        "Total Unusual Items Excluding Goodwill": NaN,
        "Net Income From Continuing Operation Net Minority Interest": NaN,
        "Reconciled Depreciation": NaN,
        "Reconciled Cost Of Revenue": NaN,
        "EBITDA": NaN,
        "EBIT": NaN,
        "Net Interest Income": NaN,
        "Interest Expense": NaN,
        "Interest Income": NaN,
        "Normalized Income": NaN,
        "Net Income From Continuing And Discontinued Operation": NaN,
        "Total Expenses": NaN,
        "Diluted Average Shares": NaN,
        "Basic Average Shares": NaN,
        "Diluted EPS": NaN,
        "Basic EPS": NaN,
        "Diluted NI Availto Com Stockholders": NaN,
        "Net Income Common Stockholders": NaN,
        "Net Income": NaN,
        "Minority Interests": NaN,
        "Net Income Including Noncontrolling Interests": NaN,
        "Net Income Discontinuous Operations": NaN,
        "Net Income Continuous Operations": NaN,
        "Earnings From Equity Interest Net Of Tax": 0.0,
        "Tax Provision": NaN,
        "Pretax Income": NaN,
        "Other Income Expense": NaN,
        "Other Non Operating Income Expenses": NaN,
        "Special Income Charges": -14020000.0,
        "Write Off": 0.0,
        "Impairment Of Capital Assets": 14020000.0,
        "Gain On Sale Of Security": NaN,
        "Net Non Operating Interest Income Expense": NaN,
        "Interest Expense Non Operating": NaN,
        "Interest Income Non Operating": NaN,
        "Operating Income": NaN,
        "Operating Expense": NaN,
        "Selling General And Administration": NaN,
        "General And Administrative Expense": 15521000.0,
        "Other Gand A": 15545000.0,
        "Salaries And Wages": -24000.0,
        "Gross Profit": NaN,
        "Cost Of Revenue": NaN,
        "Total Revenue": NaN,
        "Operating Revenue": NaN
    },
    "2024-03-31": {
        "Tax Effect Of Unusual Items": NaN,
        "Tax Rate For Calcs": NaN,
        "Normalized EBITDA": NaN,
        "Total Unusual Items": NaN,
        "Total Unusual Items Excluding Goodwill": NaN,
        "Net Income From Continuing Operation Net Minority Interest": NaN,
        "Reconciled Depreciation": NaN,
        "Reconciled Cost Of Revenue": NaN,
        "EBITDA": NaN,
        "EBIT": NaN,
        "Net Interest Income": NaN,
        "Interest Expense": NaN,
        "Interest Income": NaN,
        "Normalized Income": NaN,
        "Net Income From Continuing And Discontinued Operation": NaN,
        "Total Expenses": NaN,
        "Diluted Average Shares": NaN,
        "Basic Average Shares": NaN,
        "Diluted EPS": NaN,
        "Basic EPS": NaN,
        "Diluted NI Availto Com Stockholders": NaN,
        "Net Income Common Stockholders": NaN,
        "Net Income": NaN,
        "Minority Interests": NaN,
        "Net Income Including Noncontrolling Interests": NaN,
        "Net Income Discontinuous Operations": NaN,
        "Net Income Continuous Operations": NaN,
        "Earnings From Equity Interest Net Of Tax": NaN,
        "Tax Provision": NaN,
        "Pretax Income": NaN,
        "Other Income Expense": NaN,
        "Other Non Operating Income Expenses": NaN,
        "Special Income Charges": NaN,
        "Impairment Of Capital Assets": NaN,
        "Gain On Sale Of Security": NaN,
        "Net Non Operating Interest Income Expense": NaN,
        "Interest Expense Non Operating": NaN,
        "Interest Income Non Operating": NaN,
        "Operating Income": NaN,
        "Operating Expense": NaN,
        "Selling General And Administration": NaN,
        "General And Administrative Expense": 16387000.0,
        "Other Gand A": 15982000.0,
        "Salaries And Wages": 405000.0,
        "Gross Profit": NaN,
        "Cost Of Revenue": NaN,
        "Total Revenue": NaN,
        "Operating Revenue": NaN
    },
    "2024-06-30": {
        "Tax Effect Of Unusual Items": NaN,
        "Tax Rate For Calcs": NaN,
        "Normalized EBITDA": NaN,
        "Total Unusual Items": NaN,
        "Total Unusual Items Excluding Goodwill": NaN,
        "Net Income From Continuing Operation Net Minority Interest": NaN,
        "Reconciled Depreciation": NaN,
        "Reconciled Cost Of Revenue": NaN,
        "EBITDA": NaN,
        "EBIT": NaN,
        "Net Interest Income": NaN,
        "Interest Expense": NaN,
        "Interest Income": NaN,
        "Normalized Income": NaN,
        "Net Income From Continuing And Discontinued Operation": NaN,
        "Total Expenses": NaN,
        "Diluted Average Shares": NaN,
        "Basic Average Shares": NaN,
        "Diluted EPS": NaN,
        "Basic EPS": NaN,
        "Diluted NI Availto Com Stockholders": NaN,
        "Net Income Common Stockholders": NaN,
        "Net Income": NaN,
        "Minority Interests": NaN,
        "Net Income Including Noncontrolling Interests": NaN,
        "Net Income Discontinuous Operations": -7003000.0,
        "Net Income Continuous Operations": NaN,
        "Earnings From Equity Interest Net Of Tax": 0.0,
        "Tax Provision": NaN,
        "Pretax Income": NaN,
        "Other Income Expense": NaN,
        "Other Non Operating Income Expenses": NaN,
        "Special Income Charges": -11939000.0,
        "Impairment Of Capital Assets": 11939000.0,
        "Gain On Sale Of Security": NaN,
        "Net Non Operating Interest Income Expense": NaN,
        "Interest Expense Non Operating": NaN,
        "Interest Income Non Operating": NaN,
        "Operating Income": NaN,
        "Operating Expense": NaN,
        "Selling General And Administration": NaN,
        "General And Administrative Expense": 17056000.0,
        "Other Gand A": 14860000.0,
        "Salaries And Wages": 2196000.0,
        "Gross Profit": NaN,
        "Cost Of Revenue": NaN,
        "Total Revenue": NaN,
        "Operating Revenue": NaN
    },
    "2024-09-30": {
        "Tax Effect Of Unusual Items": 73920.0,
        "Tax Rate For Calcs": 0.21,
        "Normalized EBITDA": 5927000.0,
        "Total Unusual Items": 352000.0,
        "Total Unusual Items Excluding Goodwill": 352000.0,
        "Net Income From Continuing Operation Net Minority Interest": -820000.0,
        "Reconciled Depreciation": 6151000.0,
        "Reconciled Cost Of Revenue": 67660000.0,
        "EBITDA": 6279000.0,
        "EBIT": 128000.0,
        "Net Interest Income": -555000.0,
        "Interest Expense": 784000.0,
        "Interest Income": 229000.0,
        "Normalized Income": -1098080.0,
        "Net Income From Continuing And Discontinued Operation": -820000.0,
        "Total Expenses": 84200000.0,
        "Diluted Average Shares": 111917000.0,
        "Basic Average Shares": 111917000.0,
        "Diluted EPS": -0.01,
        "Basic EPS": -0.01,
        "Diluted NI Availto Com Stockholders": -820000.0,
        "Net Income Common Stockholders": -820000.0,
        "Net Income": -820000.0,
        "Minority Interests": -70000.0,
        "Net Income Including Noncontrolling Interests": -750000.0,
        "Net Income Discontinuous Operations": NaN,
        "Net Income Continuous Operations": -750000.0,
        "Earnings From Equity Interest Net Of Tax": NaN,
        "Tax Provision": 94000.0,
        "Pretax Income": -656000.0,
        "Other Income Expense": 731000.0,
        "Other Non Operating Income Expenses": 379000.0,
        "Special Income Charges": 0.0,
        "Impairment Of Capital Assets": 0.0,
        "Gain On Sale Of Security": 352000.0,
        "Net Non Operating Interest Income Expense": -555000.0,
        "Interest Expense Non Operating": 784000.0,
        "Interest Income Non Operating": 229000.0,
        "Operating Income": -832000.0,
        "Operating Expense": 16540000.0,
        "Selling General And Administration": 16540000.0,
        "General And Administrative Expense": NaN,
        "Other Gand A": NaN,
        "Salaries And Wages": NaN,
        "Gross Profit": 15708000.0,
        "Cost Of Revenue": 67660000.0,
        "Total Revenue": 83368000.0,
        "Operating Revenue": 83368000.0
    },
    "2024-12-31": {
        "Tax Effect Of Unusual Items": -500055.312955,
        "Tax Rate For Calcs": 0.212518,
        "Normalized EBITDA": -3549000.0,
        "Total Unusual Items": -2353000.0,
        "Total Unusual Items Excluding Goodwill": -2353000.0,
        "Net Income From Continuing Operation Net Minority Interest": -8629000.0,
        "Reconciled Depreciation": 4331000.0,
        "Reconciled Cost Of Revenue": 75623000.0,
        "EBITDA": -5902000.0,
        "EBIT": -10233000.0,
        "Net Interest Income": -602000.0,
        "Interest Expense": 759000.0,
        "Interest Income": 157000.0,
        "Normalized Income": -6776055.312955,
        "Net Income From Continuing And Discontinued Operation": -8629000.0,
        "Total Expenses": 94078000.0,
        "Diluted Average Shares": 107862500.0,
        "Basic Average Shares": 107862500.0,
        "Diluted EPS": -0.08,
        "Basic EPS": -0.08,
        "Diluted NI Availto Com Stockholders": -8629000.0,
        "Net Income Common Stockholders": -8629000.0,
        "Net Income": -8629000.0,
        "Minority Interests": 27000.0,
        "Net Income Including Noncontrolling Interests": -8656000.0,
        "Net Income Discontinuous Operations": NaN,
        "Net Income Continuous Operations": -8656000.0,
        "Earnings From Equity Interest Net Of Tax": NaN,
        "Tax Provision": -2336000.0,
        "Pretax Income": -10992000.0,
        "Other Income Expense": 1134000.0,
        "Other Non Operating Income Expenses": 3487000.0,
        "Special Income Charges": -439000.0,
        "Impairment Of Capital Assets": 0.0,
        "Gain On Sale Of Security": -1914000.0,
        "Net Non Operating Interest Income Expense": -602000.0,
        "Interest Expense Non Operating": 759000.0,
        "Interest Income Non Operating": 157000.0,
        "Operating Income": -11524000.0,
        "Operating Expense": 18455000.0,
        "Selling General And Administration": 18455000.0,
        "General And Administrative Expense": NaN,
        "Other Gand A": NaN,
        "Salaries And Wages": NaN,
        "Gross Profit": 6931000.0,
        "Cost Of Revenue": 75623000.0,
        "Total Revenue": 82554000.0,
        "Operating Revenue": 82554000.0
    },
    "2025-03-31": {
        "Tax Effect Of Unusual Items": -17640.0,
        "Tax Rate For Calcs": 0.21,
        "Normalized EBITDA": -369000.0,
        "Total Unusual Items": -84000.0,
        "Total Unusual Items Excluding Goodwill": -84000.0,
        "Net Income From Continuing Operation Net Minority Interest": -6703000.0,
        "Reconciled Depreciation": 4973000.0,
        "Reconciled Cost Of Revenue": 65734000.0,
        "EBITDA": -453000.0,
        "EBIT": -5426000.0,
        "Net Interest Income": -631000.0,
        "Interest Expense": 706000.0,
        "Interest Income": 75000.0,
        "Normalized Income": -6636640.0,
        "Net Income From Continuing And Discontinued Operation": -6703000.0,
        "Total Expenses": 82513000.0,
        "Diluted Average Shares": 112337000.0,
        "Basic Average Shares": 112337000.0,
        "Diluted EPS": -0.06,
        "Basic EPS": -0.06,
        "Diluted NI Availto Com Stockholders": -6703000.0,
        "Net Income Common Stockholders": -6703000.0,
        "Net Income": -6703000.0,
        "Minority Interests": 412000.0,
        "Net Income Including Noncontrolling Interests": -7115000.0,
        "Net Income Discontinuous Operations": NaN,
        "Net Income Continuous Operations": -7115000.0,
        "Earnings From Equity Interest Net Of Tax": NaN,
        "Tax Provision": 983000.0,
        "Pretax Income": -6132000.0,
        "Other Income Expense": -62000.0,
        "Other Non Operating Income Expenses": 22000.0,
        "Special Income Charges": NaN,
        "Impairment Of Capital Assets": NaN,
        "Gain On Sale Of Security": -84000.0,
        "Net Non Operating Interest Income Expense": -631000.0,
        "Interest Expense Non Operating": 706000.0,
        "Interest Income Non Operating": 75000.0,
        "Operating Income": -5439000.0,
        "Operating Expense": 16779000.0,
        "Selling General And Administration": 16779000.0,
        "General And Administrative Expense": 16779000.0,
        "Other Gand A": 16634000.0,
        "Salaries And Wages": 145000.0,
        "Gross Profit": 11340000.0,
        "Cost Of Revenue": 65734000.0,
        "Total Revenue": 77074000.0,
        "Operating Revenue": 77074000.0
    },
    "2025-06-30": {
        "Tax Effect Of Unusual Items": 360329.048843,
        "Tax Rate For Calcs": 0.201076,
        "Normalized EBITDA": 14907000.0,
        "Total Unusual Items": 1792000.0,
        "Total Unusual Items Excluding Goodwill": 1792000.0,
        "Net Income From Continuing Operation Net Minority Interest": 10203000.0,
        "Reconciled Depreciation": 3437000.0,
        "Reconciled Cost Of Revenue": 37557000.0,
        "EBITDA": 16699000.0,
        "EBIT": 13262000.0,
        "Net Interest Income": -705000.0,
        "Interest Expense": 814000.0,
        "Interest Income": 109000.0,
        "Normalized Income": 8771329.048843,
        "Net Income From Continuing And Discontinued Operation": 26497000.0,
        "Total Expenses": 52968000.0,
        "Diluted Average Shares": 112736000.0,
        "Basic Average Shares": 112347000.0,
        "Diluted EPS": 0.24,
        "Basic EPS": 0.24,
        "Diluted NI Availto Com Stockholders": 26497000.0,
        "Net Income Common Stockholders": 26497000.0,
        "Net Income": 26497000.0,
        "Minority Interests": 258000.0,
        "Net Income Including Noncontrolling Interests": 26239000.0,
        "Net Income Discontinuous Operations": 16294000.0,
        "Net Income Continuous Operations": 9945000.0,
        "Earnings From Equity Interest Net Of Tax": 0.0,
        "Tax Provision": 2503000.0,
        "Pretax Income": 12448000.0,
        "Other Income Expense": 6222000.0,
        "Other Non Operating Income Expenses": 4430000.0,
        "Special Income Charges": 0.0,
        "Impairment Of Capital Assets": 0.0,
        "Gain On Sale Of Security": 1792000.0,
        "Net Non Operating Interest Income Expense": -705000.0,
        "Interest Expense Non Operating": 814000.0,
        "Interest Income Non Operating": 109000.0,
        "Operating Income": 6931000.0,
        "Operating Expense": 15411000.0,
        "Selling General And Administration": 15411000.0,
        "General And Administrative Expense": 15411000.0,
        "Other Gand A": 15288000.0,
        "Salaries And Wages": 123000.0,
        "Gross Profit": 22342000.0,
        "Cost Of Revenue": 37557000.0,
        "Total Revenue": 59899000.0,
        "Operating Revenue": 59899000.0
    },
    "2025-09-30": {
        "Tax Effect Of Unusual Items": -72274.898603,
        "Tax Rate For Calcs": 0.303676,
        "Normalized EBITDA": 20579000.0,
        "Total Unusual Items": -238000.0,
        "Total Unusual Items Excluding Goodwill": -238000.0,
        "Net Income From Continuing Operation Net Minority Interest": 10493000.0,
        "Reconciled Depreciation": 4162000.0,
        "Reconciled Cost Of Revenue": 34803000.0,
        "EBITDA": 20341000.0,
        "EBIT": 16179000.0,
        "Net Interest Income": -286000.0,
        "Interest Expense": 646000.0,
        "Interest Income": 360000.0,
        "Normalized Income": 10658725.101397,
        "Net Income From Continuing And Discontinued Operation": 10217000.0,
        "Total Expenses": 50402000.0,
        "Diluted Average Shares": 120565000.0,
        "Basic Average Shares": 113039000.0,
        "Diluted EPS": 0.08,
        "Basic EPS": 0.09,
        "Diluted NI Availto Com Stockholders": 10217000.0,
        "Net Income Common Stockholders": 10217000.0,
        "Net Income": 10217000.0,
        "Minority Interests": -323000.0,
        "Net Income Including Noncontrolling Interests": 10540000.0,
        "Net Income Discontinuous Operations": -276000.0,
        "Net Income Continuous Operations": 10816000.0,
        "Earnings From Equity Interest Net Of Tax": 0.0,
        "Tax Provision": 4717000.0,
        "Pretax Income": 15533000.0,
        "Other Income Expense": -520000.0,
        "Other Non Operating Income Expenses": -282000.0,
        "Special Income Charges": 0.0,
        "Impairment Of Capital Assets": 0.0,
        "Gain On Sale Of Security": -238000.0,
        "Net Non Operating Interest Income Expense": -286000.0,
        "Interest Expense Non Operating": 646000.0,
        "Interest Income Non Operating": 360000.0,
        "Operating Income": 16339000.0,
        "Operating Expense": 15599000.0,
        "Selling General And Administration": 15599000.0,
        "General And Administrative Expense": 15599000.0,
        "Other Gand A": 14585000.0,
        "Salaries And Wages": 1014000.0,
        "Gross Profit": 31938000.0,
        "Cost Of Revenue": 34803000.0,
        "Total Revenue": 66741000.0,
        "Operating Revenue": 66741000.0
    }
}