{
    "2023-03-31": {
        "Tax Effect Of Unusual Items": NaN,
        "Tax Rate For Calcs": NaN,
        "Normalized EBITDA": NaN,
        "Total Unusual Items": NaN,
        "Total Unusual Items Excluding Goodwill": NaN,
        "Net Income From Continuing Operation Net Minority Interest": NaN,
        "Reconciled Depreciation": NaN,
        "Reconciled Cost Of Revenue": NaN,
        "EBITDA": NaN,
        "EBIT": NaN,
        "Net Interest Income": NaN,
        "Interest Expense": NaN,
        "Interest Income": NaN,
        "Normalized Income": NaN,
        "Net Income From Continuing And Discontinued Operation": NaN,
        "Total Expenses": NaN,
        "Total Operating Income As Reported": NaN,
        "Diluted Average Shares": NaN,
        "Basic Average Shares": NaN,
        "Diluted EPS": NaN,
        "Basic EPS": NaN,
        "Diluted NI Availto Com Stockholders": NaN,
        "Net Income Common Stockholders": NaN,
        "Otherunder Preferred Stock Dividend": NaN,
        "Net Income": NaN,
        "Net Income Including Noncontrolling Interests": NaN,
        "Net Income Continuous Operations": NaN,
        "Tax Provision": NaN,
        "Pretax Income": NaN,
        "Other Income Expense": NaN,
        "Other Non Operating Income Expenses": NaN,
        "Special Income Charges": NaN,
        "Other Special Charges": NaN,
        "Write Off": NaN,
        "Earnings From Equity Interest": NaN,
        "Gain On Sale Of Security": NaN,
        "Net Non Operating Interest Income Expense": NaN,
        "Interest Expense Non Operating": NaN,
        "Interest Income Non Operating": NaN,
        "Operating Income": NaN,
        "Operating Expense": NaN,
        "Selling General And Administration": 27292000.0,
        "Gross Profit": NaN,
        "Cost Of Revenue": NaN,
        "Total Revenue": NaN,
        "Operating Revenue": NaN
    },
    "2022-12-31": {
        "Tax Effect Of Unusual Items": NaN,
        "Tax Rate For Calcs": NaN,
        "Normalized EBITDA": NaN,
        "Total Unusual Items": NaN,
        "Total Unusual Items Excluding Goodwill": NaN,
        "Net Income From Continuing Operation Net Minority Interest": NaN,
        "Reconciled Depreciation": NaN,
        "Reconciled Cost Of Revenue": NaN,
        "EBITDA": NaN,
        "EBIT": NaN,
        "Net Interest Income": NaN,
        "Interest Expense": NaN,
        "Interest Income": NaN,
        "Normalized Income": NaN,
        "Net Income From Continuing And Discontinued Operation": NaN,
        "Total Expenses": NaN,
        "Total Operating Income As Reported": NaN,
        "Diluted Average Shares": NaN,
        "Basic Average Shares": NaN,
        "Diluted EPS": NaN,
        "Basic EPS": NaN,
        "Diluted NI Availto Com Stockholders": NaN,
        "Net Income Common Stockholders": NaN,
        "Otherunder Preferred Stock Dividend": NaN,
        "Net Income": NaN,
        "Minority Interests": 0.0,
        "Net Income Including Noncontrolling Interests": NaN,
        "Net Income Discontinuous Operations": 0.0,
        "Net Income Continuous Operations": NaN,
        "Tax Provision": NaN,
        "Pretax Income": NaN,
        "Other Income Expense": NaN,
        "Other Non Operating Income Expenses": NaN,
        "Special Income Charges": NaN,
        "Gain On Sale Of Ppe": 0.0,
        "Other Special Charges": NaN,
        "Write Off": NaN,
        "Earnings From Equity Interest": NaN,
        "Gain On Sale Of Security": NaN,
        "Net Non Operating Interest Income Expense": NaN,
        "Interest Expense Non Operating": NaN,
        "Interest Income Non Operating": NaN,
        "Operating Income": NaN,
        "Operating Expense": NaN,
        "Selling General And Administration": NaN,
        "Gross Profit": NaN,
        "Cost Of Revenue": NaN,
        "Total Revenue": NaN,
        "Operating Revenue": NaN
    },
    "2022-09-30": {
        "Tax Effect Of Unusual Items": NaN,
        "Tax Rate For Calcs": NaN,
        "Normalized EBITDA": NaN,
        "Total Unusual Items": NaN,
        "Total Unusual Items Excluding Goodwill": NaN,
        "Net Income From Continuing Operation Net Minority Interest": NaN,
        "Reconciled Depreciation": NaN,
        "Reconciled Cost Of Revenue": NaN,
        "EBITDA": NaN,
        "EBIT": NaN,
        "Net Interest Income": NaN,
        "Interest Expense": NaN,
        "Interest Income": NaN,
        "Normalized Income": NaN,
        "Net Income From Continuing And Discontinued Operation": NaN,
        "Total Expenses": NaN,
        "Total Operating Income As Reported": NaN,
        "Diluted Average Shares": NaN,
        "Basic Average Shares": NaN,
        "Diluted EPS": NaN,
        "Basic EPS": NaN,
        "Diluted NI Availto Com Stockholders": NaN,
        "Net Income Common Stockholders": NaN,
        "Otherunder Preferred Stock Dividend": NaN,
        "Net Income": NaN,
        "Minority Interests": 0.0,
        "Net Income Including Noncontrolling Interests": NaN,
        "Net Income Discontinuous Operations": 0.0,
        "Net Income Continuous Operations": NaN,
        "Tax Provision": NaN,
        "Pretax Income": NaN,
        "Other Income Expense": NaN,
        "Other Non Operating Income Expenses": NaN,
        "Special Income Charges": NaN,
        "Gain On Sale Of Ppe": 0.0,
        "Other Special Charges": NaN,
        "Write Off": 953000.0,
        "Earnings From Equity Interest": NaN,
        "Gain On Sale Of Security": NaN,
        "Net Non Operating Interest Income Expense": NaN,
        "Interest Expense Non Operating": NaN,
        "Interest Income Non Operating": NaN,
        "Operating Income": NaN,
        "Operating Expense": NaN,
        "Selling General And Administration": NaN,
        "Gross Profit": NaN,
        "Cost Of Revenue": NaN,
        "Total Revenue": NaN,
        "Operating Revenue": NaN
    },
    "2022-06-30": {
        "Tax Effect Of Unusual Items": -1797209.304904,
        "Tax Rate For Calcs": 0.276579,
        "Normalized EBITDA": 91344000.0,
        "Total Unusual Items": -6498000.0,
        "Total Unusual Items Excluding Goodwill": -6498000.0,
        "Net Income From Continuing Operation Net Minority Interest": 39153000.0,
        "Reconciled Depreciation": NaN,
        "Reconciled Cost Of Revenue": 271238000.0,
        "EBITDA": 84846000.0,
        "EBIT": 84846000.0,
        "Net Interest Income": -29789000.0,
        "Interest Expense": 30724000.0,
        "Interest Income": 935000.0,
        "Normalized Income": 43853790.695096,
        "Net Income From Continuing And Discontinued Operation": 39153000.0,
        "Total Expenses": 296434000.0,
        "Total Operating Income As Reported": 90711000.0,
        "Diluted Average Shares": 152963496.0,
        "Basic Average Shares": 152700134.0,
        "Diluted EPS": 0.25,
        "Basic EPS": 0.25,
        "Diluted NI Availto Com Stockholders": 37904000.0,
        "Net Income Common Stockholders": 37904000.0,
        "Otherunder Preferred Stock Dividend": 1249000.0,
        "Net Income": 39153000.0,
        "Minority Interests": NaN,
        "Net Income Including Noncontrolling Interests": 39153000.0,
        "Net Income Discontinuous Operations": 0.0,
        "Net Income Continuous Operations": 39153000.0,
        "Tax Provision": 14969000.0,
        "Pretax Income": 54122000.0,
        "Other Income Expense": -6857000.0,
        "Other Non Operating Income Expenses": 101000.0,
        "Special Income Charges": -57000.0,
        "Gain On Sale Of Ppe": NaN,
        "Other Special Charges": 57000.0,
        "Earnings From Equity Interest": -460000.0,
        "Gain On Sale Of Security": -6441000.0,
        "Net Non Operating Interest Income Expense": -29789000.0,
        "Interest Expense Non Operating": 30724000.0,
        "Interest Income Non Operating": 935000.0,
        "Operating Income": 90768000.0,
        "Operating Expense": 25196000.0,
        "Selling General And Administration": 25196000.0,
        "Gross Profit": 115964000.0,
        "Cost Of Revenue": 271238000.0,
        "Total Revenue": 387202000.0,
        "Operating Revenue": 387202000.0
    },
    "2022-03-31": {
        "Diluted EPS": 0.21,
        "Total Revenue": 312,
        "Gross Profit": 99,
        "Operating Income": 75,
        "EBIT": 77,
        "Net Income": 32
    },
    "2021-12-31": {
        "Diluted EPS": 0.29,
        "Total Revenue": 314,
        "Gross Profit": 110,
        "Operating Income": 69,
        "EBIT": 69,
        "Net Income": 45
    },
    "2021-09-30": {
        "Diluted EPS": 0.31,
        "Total Revenue": 298,
        "Gross Profit": 111,
        "Operating Income": 82,
        "EBIT": 82,
        "Net Income": 49
    },
    "2021-06-30": {
        "Diluted EPS": 0.6,
        "Total Revenue": 338,
        "Gross Profit": 124,
        "Operating Income": 94,
        "EBIT": 94,
        "Net Income": 91
    },
    "2021-03-31": {
        "Diluted EPS": 0.2,
        "Total Revenue": 271,
        "Gross Profit": 106,
        "Operating Income": 76,
        "EBIT": 76,
        "Net Income": 31
    },
    "2020-12-31": {
        "Diluted EPS": 0.21,
        "Total Revenue": 287,
        "Gross Profit": 106,
        "Operating Income": 74,
        "EBIT": 74,
        "Net Income": 32
    },
    "2020-09-30": {
        "Diluted EPS": 0.25,
        "Total Revenue": 548,
        "Gross Profit": 173,
        "Operating Income": 96,
        "EBIT": 96,
        "Net Income": 38
    },
    "2020-06-30": {
        "Diluted EPS": 0.16,
        "Total Revenue": 446,
        "Gross Profit": 141,
        "Operating Income": 67,
        "EBIT": 67,
        "Net Income": 25
    },
    "2020-03-31": {
        "Diluted EPS": -0.03,
        "Total Revenue": 454,
        "Gross Profit": 144,
        "Operating Income": -5,
        "EBIT": -5,
        "Net Income": -4
    },
    "2019-12-31": {
        "Diluted EPS": 0.07,
        "Total Revenue": -345,
        "Gross Profit": -120,
        "Operating Income": 49,
        "EBIT": 49,
        "Net Income": 7
    },
    "2019-09-30": {
        "Diluted EPS": 0.23,
        "Total Revenue": 505,
        "Gross Profit": 159,
        "Operating Income": 67,
        "EBIT": 67,
        "Net Income": 34
    },
    "2019-06-30": {
        "Diluted EPS": 0.25,
        "Total Revenue": 538,
        "Gross Profit": 170,
        "Operating Income": 76,
        "EBIT": 76,
        "Net Income": 39
    },
    "2019-03-31": {
        "Diluted EPS": 0.08,
        "Total Revenue": 421,
        "Gross Profit": 135,
        "Operating Income": 43,
        "EBIT": 43,
        "Net Income": 13
    },
    "2018-12-31": {
        "Diluted EPS": 0.13,
        "Total Revenue": 446,
        "Gross Profit": 141,
        "Operating Income": 48,
        "EBIT": 48,
        "Net Income": 19
    },
    "2018-09-30": {
        "Diluted EPS": 0.07,
        "Total Revenue": 514,
        "Gross Profit": 154,
        "Operating Income": 66,
        "EBIT": 66,
        "Net Income": 10
    },
    "2018-06-30": {
        "Diluted EPS": 0.11,
        "Total Revenue": 481,
        "Gross Profit": 149,
        "Operating Income": 62,
        "EBIT": 62,
        "Net Income": 16
    },
    "2018-03-31": {
        "Diluted EPS": 0.04,
        "Total Revenue": 429,
        "Gross Profit": 135,
        "Operating Income": 48,
        "EBIT": 48,
        "Net Income": 5
    },
    "2017-12-31": {
        "Diluted EPS": 0.28,
        "Total Revenue": 436,
        "Gross Profit": 137,
        "Operating Income": 48,
        "EBIT": 48,
        "Net Income": 41
    },
    "2017-09-30": {
        "Diluted EPS": 0.12,
        "Total Revenue": 485,
        "Gross Profit": 147,
        "Operating Income": 60,
        "EBIT": 60,
        "Net Income": 18
    },
    "2017-06-30": {
        "Diluted EPS": 0.17,
        "Total Revenue": 472,
        "Gross Profit": 157,
        "Operating Income": 74,
        "EBIT": 74,
        "Net Income": 25
    },
    "2017-03-31": {
        "Diluted EPS": -0.04,
        "Total Revenue": 415,
        "Gross Profit": 139,
        "Operating Income": 53,
        "EBIT": 53,
        "Net Income": -6
    },
    "2016-12-31": {
        "Diluted EPS": 0.03,
        "Total Revenue": 413,
        "Gross Profit": 139,
        "Operating Income": 32,
        "EBIT": 32,
        "Net Income": 3
    },
    "2016-09-30": {
        "Diluted EPS": 0.15,
        "Total Revenue": 459,
        "Gross Profit": 156,
        "Operating Income": 69,
        "EBIT": 69,
        "Net Income": 23
    },
    "2016-06-30": {
        "Diluted EPS": 0.16,
        "Total Revenue": 438,
        "Gross Profit": 155,
        "Operating Income": 71,
        "EBIT": 71,
        "Net Income": 23
    },
    "2016-03-31": {
        "Diluted EPS": 0.13,
        "Total Revenue": 381,
        "Gross Profit": 144,
        "Operating Income": 62,
        "EBIT": 62,
        "Net Income": 19
    },
    "2015-12-31": {
        "Diluted EPS": 0.05,
        "Total Revenue": 430,
        "Gross Profit": 138,
        "Operating Income": 31,
        "EBIT": 31,
        "Net Income": 8
    },
    "2015-09-30": {
        "Diluted EPS": 0.09,
        "Total Revenue": 450,
        "Gross Profit": 154,
        "Operating Income": 69,
        "EBIT": 69,
        "Net Income": 12
    },
    "2015-06-30": {
        "Diluted EPS": 0.12,
        "Total Revenue": 416,
        "Gross Profit": 137,
        "Operating Income": 56,
        "EBIT": 56,
        "Net Income": 17
    },
    "2015-03-31": {
        "Diluted EPS": 0.15,
        "Total Revenue": 361,
        "Gross Profit": 119,
        "Operating Income": 44,
        "EBIT": 44,
        "Net Income": 21
    },
    "2014-12-31": {
        "Diluted EPS": 0.08,
        "Total Revenue": 418,
        "Gross Profit": 126,
        "Operating Income": 46,
        "EBIT": 46,
        "Net Income": 11
    },
    "2014-09-30": {
        "Diluted EPS": 0.11,
        "Total Revenue": 420,
        "Gross Profit": 133,
        "Operating Income": 63,
        "EBIT": 63,
        "Net Income": 14
    },
    "2014-06-30": {
        "Diluted EPS": 0.06,
        "Total Revenue": 407,
        "Gross Profit": 127,
        "Operating Income": 60,
        "EBIT": 60,
        "Net Income": 8
    },
    "2014-03-31": {
        "Diluted EPS": 0.02,
        "Total Revenue": 347,
        "Gross Profit": 108,
        "Operating Income": 43,
        "EBIT": 43,
        "Net Income": 3
    },
    "2013-12-31": {
        "Diluted EPS": 0.51,
        "Total Revenue": 300,
        "Gross Profit": 97,
        "Operating Income": 61,
        "EBIT": 61,
        "Net Income": 63
    },
    "2013-09-30": {
        "Diluted EPS": -0.31,
        "Total Revenue": 278,
        "Gross Profit": 77,
        "Operating Income": -37,
        "EBIT": -37,
        "Net Income": -37
    },
    "2013-06-30": {
        "Diluted EPS": 0.11,
        "Total Revenue": 256,
        "Gross Profit": 70,
        "Operating Income": 44,
        "EBIT": 44,
        "Net Income": 13
    },
    "2013-03-31": {
        "Diluted EPS": -0.02,
        "Total Revenue": 246,
        "Gross Profit": 69,
        "Operating Income": 43,
        "EBIT": 43,
        "Net Income": -2
    },
    "2012-12-31": {
        "Diluted EPS": 0.13,
        "Total Revenue": 289,
        "Gross Profit": 72,
        "Operating Income": 37,
        "EBIT": 37,
        "Net Income": 16
    },
    "2012-09-30": {
        "Diluted EPS": 0.15,
        "Total Revenue": 273,
        "Gross Profit": 69,
        "Operating Income": 43,
        "EBIT": 43,
        "Net Income": 18
    },
    "2012-06-30": {
        "Diluted EPS": 0.04,
        "Total Revenue": 277,
        "Gross Profit": 65,
        "Operating Income": 41,
        "EBIT": 41,
        "Net Income": 4
    },
    "2012-03-31": {
        "Diluted EPS": -0.06,
        "Total Revenue": 258,
        "Gross Profit": 57,
        "Operating Income": 33,
        "EBIT": 33,
        "Net Income": -8
    },
    "2011-12-31": {
        "Diluted EPS": 0.09,
        "Total Revenue": 293,
        "Gross Profit": 64,
        "Operating Income": 36,
        "EBIT": 36,
        "Net Income": 7
    },
    "2011-09-30": {
        "Diluted EPS": 0.14,
        "Total Revenue": 289,
        "Gross Profit": 61,
        "Operating Income": 38,
        "EBIT": 38,
        "Net Income": 17
    },
    "2011-06-30": {
        "Diluted EPS": 0.23,
        "Total Revenue": 291,
        "Gross Profit": 60,
        "Operating Income": 38,
        "EBIT": 38,
        "Net Income": 30
    },
    "2011-03-31": {
        "Diluted EPS": 0.16,
        "Total Revenue": 260,
        "Gross Profit": 55,
        "Operating Income": 31,
        "EBIT": 31,
        "Net Income": 19
    },
    "2010-12-31": {
        "Diluted EPS": 0.15,
        "Total Revenue": 278,
        "Gross Profit": 53,
        "Operating Income": 29,
        "EBIT": 29,
        "Net Income": 11
    },
    "2010-09-30": {
        "Diluted EPS": 0.1,
        "Total Revenue": 295,
        "Gross Profit": 56,
        "Operating Income": 30,
        "EBIT": 30,
        "Net Income": 11
    },
    "2010-06-30": {
        "Diluted EPS": 0.12,
        "Total Revenue": 268,
        "Gross Profit": 57,
        "Operating Income": 21,
        "EBIT": 21,
        "Net Income": 19
    },
    "2010-03-31": {
        "Diluted EPS": 0.09,
        "Total Revenue": 222,
        "Gross Profit": 52,
        "Operating Income": 31,
        "EBIT": 31,
        "Net Income": 12
    },
    "2009-12-31": {
        "Diluted EPS": 0.12,
        "Total Revenue": 237,
        "Gross Profit": 57,
        "Operating Income": 36,
        "EBIT": 36,
        "Net Income": 13
    },
    "2009-09-30": {
        "Diluted EPS": 0.14,
        "Total Revenue": 237,
        "Gross Profit": 59,
        "Operating Income": 37,
        "EBIT": 37,
        "Net Income": 16
    },
    "2009-06-30": {
        "Diluted EPS": -0.07,
        "Total Revenue": 207,
        "Gross Profit": 59,
        "Operating Income": 39,
        "EBIT": 39,
        "Net Income": -8
    },
    "2009-03-31": {
        "Diluted EPS": 0.03,
        "Total Revenue": 121,
        "Gross Profit": 49,
        "Operating Income": 31,
        "EBIT": 31,
        "Net Income": 3
    },
    "2023-06-30": {
        "Tax Effect Of Unusual Items": -5089325.68678,
        "Tax Rate For Calcs": 0.283812,
        "Normalized EBITDA": 99970000.0,
        "Total Unusual Items": -17932000.0,
        "Total Unusual Items Excluding Goodwill": -17932000.0,
        "Net Income From Continuing Operation Net Minority Interest": 38089000.0,
        "Reconciled Depreciation": 1731000.0,
        "Reconciled Cost Of Revenue": 248984000.0,
        "EBITDA": 82038000.0,
        "EBIT": 80307000.0,
        "Net Interest Income": -22208000.0,
        "Interest Expense": 27124000.0,
        "Interest Income": 4916000.0,
        "Normalized Income": 50931674.31322,
        "Net Income From Continuing And Discontinued Operation": 38089000.0,
        "Total Expenses": 275914000.0,
        "Total Operating Income As Reported": 71643000.0,
        "Diluted Average Shares": 158704167.0,
        "Basic Average Shares": 158704167.0,
        "Diluted EPS": 0.24,
        "Basic EPS": 0.24,
        "Diluted NI Availto Com Stockholders": 37046000.0,
        "Net Income Common Stockholders": 37046000.0,
        "Otherunder Preferred Stock Dividend": 1043000.0,
        "Net Income": 38089000.0,
        "Net Income Including Noncontrolling Interests": 38089000.0,
        "Net Income Continuous Operations": 38089000.0,
        "Tax Provision": 15094000.0,
        "Pretax Income": 53183000.0,
        "Other Income Expense": -14357000.0,
        "Other Non Operating Income Expenses": -338000.0,
        "Special Income Charges": -18145000.0,
        "Other Special Charges": 18145000.0,
        "Write Off": NaN,
        "Earnings From Equity Interest": 3913000.0,
        "Gain On Sale Of Security": 213000.0,
        "Net Non Operating Interest Income Expense": -22208000.0,
        "Interest Expense Non Operating": 27124000.0,
        "Interest Income Non Operating": 4916000.0,
        "Operating Income": 89748000.0,
        "Operating Expense": 26930000.0,
        "Selling General And Administration": 26930000.0,
        "Gross Profit": 116678000.0,
        "Cost Of Revenue": 248984000.0,
        "Total Revenue": 365662000.0,
        "Operating Revenue": 365662000.0
    },
    "2023-09-30": {
        "Tax Effect Of Unusual Items": -69344.670148,
        "Tax Rate For Calcs": 0.279616,
        "Normalized EBITDA": 102420000.0,
        "Total Unusual Items": -248000.0,
        "Total Unusual Items Excluding Goodwill": -248000.0,
        "Net Income From Continuing Operation Net Minority Interest": 52699000.0,
        "Reconciled Depreciation": 1762000.0,
        "Reconciled Cost Of Revenue": 245680000.0,
        "EBITDA": 102172000.0,
        "EBIT": 100410000.0,
        "Net Interest Income": -20448000.0,
        "Interest Expense": 27256000.0,
        "Interest Income": 6808000.0,
        "Normalized Income": 52877655.329852,
        "Net Income From Continuing And Discontinued Operation": 52699000.0,
        "Total Expenses": 273192000.0,
        "Total Operating Income As Reported": 90505000.0,
        "Diluted Average Shares": 159693939.0,
        "Basic Average Shares": 159693939.0,
        "Diluted EPS": 0.33,
        "Basic EPS": 0.33,
        "Diluted NI Availto Com Stockholders": 51261000.0,
        "Net Income Common Stockholders": 51261000.0,
        "Otherunder Preferred Stock Dividend": 1438000.0,
        "Net Income": 52699000.0,
        "Net Income Including Noncontrolling Interests": 52699000.0,
        "Net Income Continuous Operations": 52699000.0,
        "Tax Provision": 20455000.0,
        "Pretax Income": 73154000.0,
        "Other Income Expense": 2683000.0,
        "Other Non Operating Income Expenses": 133000.0,
        "Special Income Charges": -448000.0,
        "Other Special Charges": 414000.0,
        "Write Off": 34000.0,
        "Earnings From Equity Interest": 2798000.0,
        "Gain On Sale Of Security": 200000.0,
        "Net Non Operating Interest Income Expense": -20448000.0,
        "Interest Expense Non Operating": 27256000.0,
        "Interest Income Non Operating": 6808000.0,
        "Operating Income": 90919000.0,
        "Operating Expense": 27512000.0,
        "Selling General And Administration": 27512000.0,
        "Gross Profit": 118431000.0,
        "Cost Of Revenue": 245680000.0,
        "Total Revenue": 364111000.0,
        "Operating Revenue": 364111000.0
    },
    "2023-12-31": {
        "Tax Effect Of Unusual Items": 395921.261761,
        "Tax Rate For Calcs": 0.214824,
        "Normalized EBITDA": 100541000.0,
        "Total Unusual Items": 1843000.0,
        "Total Unusual Items Excluding Goodwill": 1843000.0,
        "Net Income From Continuing Operation Net Minority Interest": 57997000.0,
        "Reconciled Depreciation": 1756000.0,
        "Reconciled Cost Of Revenue": 238398000.0,
        "EBITDA": 102384000.0,
        "EBIT": 100628000.0,
        "Net Interest Income": -18931000.0,
        "Interest Expense": 26763000.0,
        "Interest Income": 7832000.0,
        "Normalized Income": 56549921.261761,
        "Net Income From Continuing And Discontinued Operation": 57997000.0,
        "Total Expenses": 268750000.0,
        "Total Operating Income As Reported": 91590000.0,
        "Diluted Average Shares": 156748649.0,
        "Basic Average Shares": 156748649.0,
        "Diluted EPS": 0.37,
        "Basic EPS": 0.37,
        "Diluted NI Availto Com Stockholders": 56410000.0,
        "Net Income Common Stockholders": 56410000.0,
        "Otherunder Preferred Stock Dividend": 1587000.0,
        "Net Income": 57997000.0,
        "Net Income Including Noncontrolling Interests": 57997000.0,
        "Net Income Continuous Operations": 57997000.0,
        "Tax Provision": 15868000.0,
        "Pretax Income": 73865000.0,
        "Other Income Expense": 1196000.0,
        "Other Non Operating Income Expenses": 548000.0,
        "Special Income Charges": -88000.0,
        "Other Special Charges": 378000.0,
        "Write Off": NaN,
        "Earnings From Equity Interest": -1195000.0,
        "Gain On Sale Of Security": 1931000.0,
        "Net Non Operating Interest Income Expense": -18931000.0,
        "Interest Expense Non Operating": 26763000.0,
        "Interest Income Non Operating": 7832000.0,
        "Operating Income": 91600000.0,
        "Operating Expense": 30352000.0,
        "Selling General And Administration": 30352000.0,
        "Gross Profit": 121952000.0,
        "Cost Of Revenue": 238398000.0,
        "Total Revenue": 360350000.0,
        "Operating Revenue": 360350000.0
    },
    "2024-03-31": {
        "Tax Effect Of Unusual Items": 278403.415465,
        "Tax Rate For Calcs": 0.277018,
        "Normalized EBITDA": 76211000.0,
        "Total Unusual Items": 1005000.0,
        "Total Unusual Items Excluding Goodwill": 1005000.0,
        "Net Income From Continuing Operation Net Minority Interest": 34800000.0,
        "Reconciled Depreciation": 1633000.0,
        "Reconciled Cost Of Revenue": 217901000.0,
        "EBITDA": 77216000.0,
        "EBIT": 75583000.0,
        "Net Interest Income": -21990000.0,
        "Interest Expense": 27449000.0,
        "Interest Income": 5459000.0,
        "Normalized Income": 34073403.415465,
        "Net Income From Continuing And Discontinued Operation": 34800000.0,
        "Total Expenses": 246595000.0,
        "Total Operating Income As Reported": 77781000.0,
        "Diluted Average Shares": 158181818.0,
        "Basic Average Shares": 158181818.0,
        "Diluted EPS": 0.22,
        "Basic EPS": 0.22,
        "Diluted NI Availto Com Stockholders": 33918000.0,
        "Net Income Common Stockholders": 33918000.0,
        "Otherunder Preferred Stock Dividend": 882000.0,
        "Net Income": 34800000.0,
        "Net Income Including Noncontrolling Interests": 34800000.0,
        "Net Income Continuous Operations": 34800000.0,
        "Tax Provision": 13334000.0,
        "Pretax Income": 48134000.0,
        "Other Income Expense": -7848000.0,
        "Other Non Operating Income Expenses": -270000.0,
        "Special Income Charges": -191000.0,
        "Other Special Charges": 191000.0,
        "Write Off": NaN,
        "Earnings From Equity Interest": -8583000.0,
        "Gain On Sale Of Security": 1196000.0,
        "Net Non Operating Interest Income Expense": -21990000.0,
        "Interest Expense Non Operating": 27449000.0,
        "Interest Income Non Operating": 5459000.0,
        "Operating Income": 77972000.0,
        "Operating Expense": 28694000.0,
        "Selling General And Administration": NaN,
        "Gross Profit": 106666000.0,
        "Cost Of Revenue": 217901000.0,
        "Total Revenue": 324567000.0,
        "Operating Revenue": 324567000.0
    },
    "2024-06-30": {
        "Tax Effect Of Unusual Items": -247075.453065,
        "Tax Rate For Calcs": 0.27699,
        "Normalized EBITDA": 104038000.0,
        "Total Unusual Items": -892000.0,
        "Total Unusual Items Excluding Goodwill": -892000.0,
        "Net Income From Continuing Operation Net Minority Interest": 54178000.0,
        "Reconciled Depreciation": 1629000.0,
        "Reconciled Cost Of Revenue": 244594000.0,
        "EBITDA": 103146000.0,
        "EBIT": 101517000.0,
        "Net Interest Income": -20555000.0,
        "Interest Expense": 26583000.0,
        "Interest Income": 6028000.0,
        "Normalized Income": 54822924.546935,
        "Net Income From Continuing And Discontinued Operation": 54178000.0,
        "Total Expenses": 274055000.0,
        "Total Operating Income As Reported": 97786000.0,
        "Diluted Average Shares": 159347059.0,
        "Basic Average Shares": 159347059.0,
        "Diluted EPS": 0.34,
        "Basic EPS": 0.34,
        "Diluted NI Availto Com Stockholders": 52823000.0,
        "Net Income Common Stockholders": 52823000.0,
        "Otherunder Preferred Stock Dividend": 1355000.0,
        "Net Income": 54178000.0,
        "Net Income Including Noncontrolling Interests": 54178000.0,
        "Net Income Continuous Operations": 54178000.0,
        "Tax Provision": 20756000.0,
        "Pretax Income": 74934000.0,
        "Other Income Expense": -2370000.0,
        "Other Non Operating Income Expenses": -265000.0,
        "Special Income Charges": -73000.0,
        "Other Special Charges": 73000.0,
        "Write Off": NaN,
        "Earnings From Equity Interest": -1213000.0,
        "Gain On Sale Of Security": -819000.0,
        "Net Non Operating Interest Income Expense": -20555000.0,
        "Interest Expense Non Operating": 26583000.0,
        "Interest Income Non Operating": 6028000.0,
        "Operating Income": 97859000.0,
        "Operating Expense": 29461000.0,
        "Selling General And Administration": 29461000.0,
        "Gross Profit": 127320000.0,
        "Cost Of Revenue": 244594000.0,
        "Total Revenue": 371914000.0,
        "Operating Revenue": 371914000.0
    }
}