{
    "2023-03-31": {
        "Tax Effect Of Unusual Items": 0.0,
        "Tax Rate For Calcs": 0.228,
        "Normalized EBITDA": -3343000.0,
        "Net Income From Continuing Operation Net Minority Interest": -187000.0,
        "Reconciled Depreciation": 3336000.0,
        "Reconciled Cost Of Revenue": 117441000.0,
        "EBITDA": -3343000.0,
        "EBIT": -6679000.0,
        "Net Interest Income": -2617000.0,
        "Interest Expense": 2088000.0,
        "Interest Income": 80000.0,
        "Normalized Income": -187000.0,
        "Net Income From Continuing And Discontinued Operation": -187000.0,
        "Total Expenses": 138002000.0,
        "Total Operating Income As Reported": -6150000.0,
        "Diluted Average Shares": 7173000.0,
        "Basic Average Shares": 3173000.0,
        "Diluted EPS": -1.26,
        "Basic EPS": -0.86,
        "Diluted NI Availto Com Stockholders": -9058000.0,
        "Average Dilution Earnings": -6327000.0,
        "Net Income Common Stockholders": -2731000.0,
        "Preferred Stock Dividends": 2544000.0,
        "Net Income": -187000.0,
        "Minority Interests": 6584000.0,
        "Net Income Including Noncontrolling Interests": -6771000.0,
        "Net Income Continuous Operations": -6771000.0,
        "Tax Provision": -1996000.0,
        "Pretax Income": -8767000.0,
        "Net Non Operating Interest Income Expense": -2617000.0,
        "Total Other Finance Cost": 609000.0,
        "Interest Expense Non Operating": 2088000.0,
        "Interest Income Non Operating": 80000.0,
        "Operating Income": -6150000.0,
        "Operating Expense": 20561000.0,
        "Depreciation Amortization Depletion Income Statement": 3336000.0,
        "Depreciation And Amortization In Income Statement": 3336000.0,
        "Selling General And Administration": 17225000.0,
        "General And Administrative Expense": 17225000.0,
        "Other Gand A": 17225000.0,
        "Gross Profit": 14411000.0,
        "Cost Of Revenue": 117441000.0,
        "Total Revenue": 131852000.0,
        "Operating Revenue": 135125000.0
    },
    "2022-12-31": {
        "Tax Effect Of Unusual Items": 0.0,
        "Tax Rate For Calcs": 0.075443,
        "Normalized EBITDA": -24920000.0,
        "Net Income From Continuing Operation Net Minority Interest": -9132000.0,
        "Reconciled Depreciation": 3313000.0,
        "Reconciled Cost Of Revenue": 124475000.0,
        "EBITDA": -24920000.0,
        "EBIT": -28233000.0,
        "Net Interest Income": -2211000.0,
        "Interest Expense": 1498000.0,
        "Interest Income": -136000.0,
        "Normalized Income": -9132000.0,
        "Net Income From Continuing And Discontinued Operation": -9132000.0,
        "Total Expenses": 144901000.0,
        "Total Operating Income As Reported": -27520000.0,
        "Diluted Average Shares": NaN,
        "Basic Average Shares": NaN,
        "Diluted EPS": NaN,
        "Basic EPS": NaN,
        "Diluted NI Availto Com Stockholders": -11509000.0,
        "Average Dilution Earnings": NaN,
        "Net Income Common Stockholders": -11509000.0,
        "Preferred Stock Dividends": 2377000.0,
        "Net Income": -9132000.0,
        "Minority Interests": 18356000.0,
        "Net Income Including Noncontrolling Interests": -27488000.0,
        "Net Income Continuous Operations": -27488000.0,
        "Tax Provision": -2243000.0,
        "Pretax Income": -29731000.0,
        "Net Non Operating Interest Income Expense": -2211000.0,
        "Total Other Finance Cost": 577000.0,
        "Interest Expense Non Operating": 1498000.0,
        "Interest Income Non Operating": -136000.0,
        "Operating Income": -27520000.0,
        "Operating Expense": 20426000.0,
        "Depreciation Amortization Depletion Income Statement": 3313000.0,
        "Depreciation And Amortization In Income Statement": 3313000.0,
        "Selling General And Administration": 17113000.0,
        "General And Administrative Expense": 17113000.0,
        "Other Gand A": 17113000.0,
        "Gross Profit": -7094000.0,
        "Cost Of Revenue": 124475000.0,
        "Total Revenue": 117381000.0,
        "Operating Revenue": 119223000.0
    },
    "2022-09-30": {
        "Tax Effect Of Unusual Items": NaN,
        "Tax Rate For Calcs": NaN,
        "Normalized EBITDA": NaN,
        "Net Income From Continuing Operation Net Minority Interest": NaN,
        "Reconciled Depreciation": NaN,
        "Reconciled Cost Of Revenue": NaN,
        "EBITDA": NaN,
        "EBIT": NaN,
        "Net Interest Income": NaN,
        "Interest Expense": NaN,
        "Interest Income": NaN,
        "Normalized Income": NaN,
        "Net Income From Continuing And Discontinued Operation": NaN,
        "Total Expenses": NaN,
        "Total Operating Income As Reported": NaN,
        "Diluted Average Shares": 3172000.0,
        "Basic Average Shares": 3172000.0,
        "Diluted EPS": -0.92,
        "Basic EPS": -0.92,
        "Diluted NI Availto Com Stockholders": NaN,
        "Average Dilution Earnings": NaN,
        "Net Income Common Stockholders": NaN,
        "Preferred Stock Dividends": NaN,
        "Net Income": NaN,
        "Minority Interests": NaN,
        "Net Income Including Noncontrolling Interests": NaN,
        "Net Income Continuous Operations": NaN,
        "Tax Provision": NaN,
        "Pretax Income": NaN,
        "Net Non Operating Interest Income Expense": NaN,
        "Total Other Finance Cost": NaN,
        "Interest Expense Non Operating": NaN,
        "Interest Income Non Operating": NaN,
        "Operating Income": NaN,
        "Operating Expense": NaN,
        "Depreciation Amortization Depletion Income Statement": NaN,
        "Depreciation And Amortization In Income Statement": NaN,
        "Selling General And Administration": NaN,
        "General And Administrative Expense": NaN,
        "Other Gand A": NaN,
        "Gross Profit": NaN,
        "Cost Of Revenue": NaN,
        "Total Revenue": NaN,
        "Operating Revenue": NaN
    },
    "2022-06-30": {
        "Tax Effect Of Unusual Items": 0.0,
        "Tax Rate For Calcs": 0.179,
        "Normalized EBITDA": 21155000.0,
        "Net Income From Continuing Operation Net Minority Interest": 4618000.0,
        "Reconciled Depreciation": 4936000.0,
        "Reconciled Cost Of Revenue": 61702000.0,
        "EBITDA": 21155000.0,
        "EBIT": 16219000.0,
        "Net Interest Income": -1614000.0,
        "Interest Expense": 955000.0,
        "Interest Income": 206000.0,
        "Normalized Income": 4618000.0,
        "Net Income From Continuing And Discontinued Operation": 4618000.0,
        "Total Expenses": 80221000.0,
        "Total Operating Income As Reported": 16878000.0,
        "Diluted Average Shares": 3155000.0,
        "Basic Average Shares": 3149000.0,
        "Diluted EPS": 0.92,
        "Basic EPS": 0.93,
        "Diluted NI Availto Com Stockholders": 2918000.0,
        "Average Dilution Earnings": NaN,
        "Net Income Common Stockholders": 2918000.0,
        "Preferred Stock Dividends": 1700000.0,
        "Net Income": 4618000.0,
        "Minority Interests": -7916000.0,
        "Net Income Including Noncontrolling Interests": 12534000.0,
        "Net Income Continuous Operations": 12534000.0,
        "Tax Provision": 2730000.0,
        "Pretax Income": 15264000.0,
        "Net Non Operating Interest Income Expense": -1614000.0,
        "Total Other Finance Cost": 865000.0,
        "Interest Expense Non Operating": 955000.0,
        "Interest Income Non Operating": 206000.0,
        "Operating Income": 16878000.0,
        "Operating Expense": 18519000.0,
        "Depreciation Amortization Depletion Income Statement": 4936000.0,
        "Depreciation And Amortization In Income Statement": 4936000.0,
        "Selling General And Administration": 13583000.0,
        "General And Administrative Expense": 13583000.0,
        "Other Gand A": 13583000.0,
        "Gross Profit": 35397000.0,
        "Cost Of Revenue": 61702000.0,
        "Total Revenue": 97099000.0,
        "Operating Revenue": 98347000.0
    },
    "2023-06-30": {
        "Tax Effect Of Unusual Items": 0.0,
        "Tax Rate For Calcs": 0.215,
        "Normalized EBITDA": 28099000.0,
        "Net Income From Continuing Operation Net Minority Interest": 7981000.0,
        "Reconciled Depreciation": 1994000.0,
        "Reconciled Cost Of Revenue": 45926000.0,
        "EBITDA": 28099000.0,
        "EBIT": 26105000.0,
        "Net Interest Income": -2440000.0,
        "Interest Expense": 1779000.0,
        "Interest Income": 7000.0,
        "Normalized Income": 7981000.0,
        "Net Income From Continuing And Discontinued Operation": 7981000.0,
        "Total Expenses": 64633000.0,
        "Total Operating Income As Reported": 26766000.0,
        "Diluted Average Shares": 3205000.0,
        "Basic Average Shares": 3205000.0,
        "Diluted EPS": 1.67,
        "Basic EPS": 1.67,
        "Diluted NI Availto Com Stockholders": 5341000.0,
        "Average Dilution Earnings": NaN,
        "Net Income Common Stockholders": 5341000.0,
        "Preferred Stock Dividends": 2640000.0,
        "Net Income": 7981000.0,
        "Minority Interests": -11105000.0,
        "Net Income Including Noncontrolling Interests": 19086000.0,
        "Net Income Continuous Operations": 19086000.0,
        "Tax Provision": 5240000.0,
        "Pretax Income": 24326000.0,
        "Net Non Operating Interest Income Expense": -2440000.0,
        "Total Other Finance Cost": 668000.0,
        "Interest Expense Non Operating": 1779000.0,
        "Interest Income Non Operating": 7000.0,
        "Operating Income": 26766000.0,
        "Operating Expense": 18707000.0,
        "Depreciation Amortization Depletion Income Statement": 1994000.0,
        "Depreciation And Amortization In Income Statement": 1994000.0,
        "Selling General And Administration": 16713000.0,
        "General And Administrative Expense": 16713000.0,
        "Other Gand A": 16713000.0,
        "Gross Profit": 45473000.0,
        "Cost Of Revenue": 45926000.0,
        "Total Revenue": 91399000.0,
        "Operating Revenue": 92621000.0
    },
    "2022-03-31": {
        "Diluted EPS": 3.49,
        "Total Revenue": 127,
        "Gross Profit": 58,
        "Operating Income": 38,
        "EBIT": 44,
        "Net Income": 11
    },
    "2021-12-31": {
        "Diluted EPS": -5.05,
        "Total Revenue": 100,
        "Gross Profit": -24,
        "Operating Income": -41,
        "EBIT": -35,
        "Net Income": -16
    },
    "2021-09-30": {
        "Diluted EPS": 4.1,
        "Total Revenue": 98,
        "Gross Profit": 58,
        "Operating Income": 43,
        "EBIT": 48,
        "Net Income": 13
    },
    "2021-06-30": {
        "Diluted EPS": 2.9,
        "Total Revenue": 82,
        "Gross Profit": 46,
        "Operating Income": 30,
        "EBIT": 36,
        "Net Income": 9
    },
    "2021-03-31": {
        "Diluted EPS": -3.3,
        "Total Revenue": 113,
        "Gross Profit": -9,
        "Operating Income": -28,
        "EBIT": -22,
        "Net Income": -10
    },
    "2020-12-31": {
        "Diluted EPS": 0.05,
        "Total Revenue": 119,
        "Gross Profit": 44,
        "Operating Income": 13,
        "EBIT": 20,
        "Net Income": 0
    },
    "2020-09-30": {
        "Diluted EPS": 2.6,
        "Total Revenue": 141,
        "Gross Profit": 56,
        "Operating Income": 29,
        "EBIT": 37,
        "Net Income": 8
    },
    "2020-06-30": {
        "Diluted EPS": 3.1,
        "Total Revenue": 129,
        "Gross Profit": 63,
        "Operating Income": 34,
        "EBIT": 42,
        "Net Income": 9
    },
    "2020-03-31": {
        "Diluted EPS": 1.0,
        "Total Revenue": 167,
        "Gross Profit": 48,
        "Operating Income": 13,
        "EBIT": 22,
        "Net Income": 3
    },
    "2019-12-31": {
        "Diluted EPS": -0.45,
        "Total Revenue": 186,
        "Gross Profit": 49,
        "Operating Income": 1,
        "EBIT": 10,
        "Net Income": -3
    },
    "2019-09-30": {
        "Diluted EPS": 4.65,
        "Total Revenue": 207,
        "Gross Profit": 83,
        "Operating Income": 46,
        "EBIT": 56,
        "Net Income": 14
    },
    "2019-06-30": {
        "Diluted EPS": -3.65,
        "Total Revenue": 178,
        "Gross Profit": 19,
        "Operating Income": -29,
        "EBIT": -18,
        "Net Income": -9
    },
    "2019-03-31": {
        "Diluted EPS": -0.45,
        "Total Revenue": 243,
        "Gross Profit": 47,
        "Operating Income": 6,
        "EBIT": 18,
        "Net Income": -1
    },
    "2018-12-31": {
        "Diluted EPS": -2.55,
        "Total Revenue": 229,
        "Gross Profit": 29,
        "Operating Income": -12,
        "EBIT": 1,
        "Net Income": -8
    },
    "2018-09-30": {
        "Diluted EPS": 1.75,
        "Total Revenue": 258,
        "Gross Profit": 65,
        "Operating Income": 25,
        "EBIT": 40,
        "Net Income": 5
    },
    "2018-06-30": {
        "Diluted EPS": 2.55,
        "Total Revenue": 232,
        "Gross Profit": 70,
        "Operating Income": 29,
        "EBIT": 42,
        "Net Income": 7
    },
    "2018-03-31": {
        "Diluted EPS": -5.2,
        "Total Revenue": 287,
        "Gross Profit": -3,
        "Operating Income": -46,
        "EBIT": -34,
        "Net Income": -13
    },
    "2017-12-31": {
        "Diluted EPS": 4.65,
        "Total Revenue": 235,
        "Gross Profit": 103,
        "Operating Income": 60,
        "EBIT": 72,
        "Net Income": 13
    },
    "2017-09-30": {
        "Diluted EPS": 0.55,
        "Total Revenue": 216,
        "Gross Profit": 55,
        "Operating Income": 18,
        "EBIT": 30,
        "Net Income": 1
    },
    "2017-06-30": {
        "Diluted EPS": 0.05,
        "Total Revenue": 151,
        "Gross Profit": 37,
        "Operating Income": 8,
        "EBIT": 18,
        "Net Income": 0
    },
    "2017-03-31": {
        "Diluted EPS": 0.8,
        "Total Revenue": 196,
        "Gross Profit": 51,
        "Operating Income": 17,
        "EBIT": 26,
        "Net Income": 2
    },
    "2016-12-31": {
        "Diluted EPS": 3.2,
        "Total Revenue": 169,
        "Gross Profit": 72,
        "Operating Income": 33,
        "EBIT": 49,
        "Net Income": 8
    },
    "2016-09-30": {
        "Diluted EPS": -0.1,
        "Total Revenue": 158,
        "Gross Profit": 35,
        "Operating Income": 9,
        "EBIT": 24,
        "Net Income": 0
    },
    "2016-06-30": {
        "Diluted EPS": 0.75,
        "Total Revenue": 109,
        "Gross Profit": 52,
        "Operating Income": 24,
        "EBIT": 35,
        "Net Income": 2
    },
    "2016-03-31": {
        "Diluted EPS": 1.7,
        "Total Revenue": 111,
        "Gross Profit": 42,
        "Operating Income": 18,
        "EBIT": 25,
        "Net Income": 4
    },
    "2015-12-31": {
        "Diluted EPS": -0.25,
        "Total Revenue": 95,
        "Gross Profit": 30,
        "Operating Income": 4,
        "EBIT": 12,
        "Net Income": 0
    },
    "2015-09-30": {
        "Diluted EPS": 0.78,
        "Total Revenue": 91,
        "Gross Profit": 30,
        "Operating Income": 7,
        "EBIT": 15,
        "Net Income": 1
    },
    "2015-06-30": {
        "Diluted EPS": 0.13,
        "Total Revenue": 70,
        "Gross Profit": 24,
        "Operating Income": 5,
        "EBIT": 11,
        "Net Income": 0
    },
    "2015-03-31": {
        "Diluted EPS": 2.0,
        "Total Revenue": 102,
        "Gross Profit": 33,
        "Operating Income": 14,
        "EBIT": 18,
        "Net Income": 2
    },
    "2014-12-31": {
        "Diluted EPS": -0.13,
        "Total Revenue": 83,
        "Gross Profit": 16,
        "Operating Income": -13,
        "EBIT": -1,
        "Net Income": -8
    },
    "2014-09-30": {
        "Diluted EPS": 0.08,
        "Total Revenue": 68,
        "Gross Profit": 16,
        "Operating Income": 2,
        "EBIT": 6,
        "Net Income": 1
    },
    "2014-06-30": {
        "Diluted EPS": 0.0,
        "Total Revenue": 66,
        "Gross Profit": 14,
        "Operating Income": 1,
        "EBIT": 4,
        "Net Income": 0
    },
    "2014-03-31": {
        "Diluted EPS": 0.0,
        "Total Revenue": 106,
        "Gross Profit": 18,
        "Operating Income": 7,
        "EBIT": 10,
        "Net Income": 7
    },
    "2013-12-31": {
        "Diluted EPS": 0.0,
        "Total Revenue": NaN,
        "Gross Profit": NaN,
        "Operating Income": NaN,
        "EBIT": NaN,
        "Net Income": NaN
    },
    "2013-09-30": {
        "Diluted EPS": 0.0,
        "Total Revenue": 70,
        "Gross Profit": 10,
        "Operating Income": -1,
        "EBIT": 3,
        "Net Income": -2
    },
    "2013-06-30": {
        "Diluted EPS": 0.0,
        "Total Revenue": 65,
        "Gross Profit": 13,
        "Operating Income": -1,
        "EBIT": -1,
        "Net Income": -1
    },
    "2012-12-31": {
        "Diluted EPS": 0.0,
        "Total Revenue": NaN,
        "Gross Profit": NaN,
        "Operating Income": NaN,
        "EBIT": NaN,
        "Net Income": NaN
    },
    "2023-09-30": {
        "Tax Effect Of Unusual Items": 0.0,
        "Tax Rate For Calcs": 0.186,
        "Normalized EBITDA": 21423000.0,
        "Net Income From Continuing Operation Net Minority Interest": 7519000.0,
        "Reconciled Depreciation": 1816000.0,
        "Reconciled Cost Of Revenue": 71050000.0,
        "EBITDA": 21423000.0,
        "EBIT": 19607000.0,
        "Net Interest Income": -2224000.0,
        "Interest Expense": 1593000.0,
        "Interest Income": 10000.0,
        "Normalized Income": 7519000.0,
        "Net Income From Continuing And Discontinued Operation": 7519000.0,
        "Total Expenses": 90001000.0,
        "Total Operating Income As Reported": 20238000.0,
        "Diluted Average Shares": 7232000.0,
        "Basic Average Shares": 3232000.0,
        "Diluted EPS": 1.47,
        "Basic EPS": 1.49,
        "Diluted NI Availto Com Stockholders": 4811000.0,
        "Average Dilution Earnings": NaN,
        "Net Income Common Stockholders": 4811000.0,
        "Preferred Stock Dividends": 2708000.0,
        "Net Income": 7519000.0,
        "Minority Interests": -7140000.0,
        "Net Income Including Noncontrolling Interests": 14659000.0,
        "Net Income Continuous Operations": 14659000.0,
        "Tax Provision": 3355000.0,
        "Pretax Income": 18014000.0,
        "Net Non Operating Interest Income Expense": -2224000.0,
        "Total Other Finance Cost": 641000.0,
        "Interest Expense Non Operating": 1593000.0,
        "Interest Income Non Operating": 10000.0,
        "Operating Income": 20238000.0,
        "Operating Expense": 18951000.0,
        "Depreciation Amortization Depletion Income Statement": 1816000.0,
        "Depreciation And Amortization In Income Statement": 1816000.0,
        "Selling General And Administration": 17135000.0,
        "General And Administrative Expense": 17135000.0,
        "Other Gand A": 17135000.0,
        "Gross Profit": 39189000.0,
        "Cost Of Revenue": 71050000.0,
        "Total Revenue": 110239000.0,
        "Operating Revenue": 109753000.0
    },
    "2023-12-31": {
        "Tax Effect Of Unusual Items": 0.0,
        "Tax Rate For Calcs": 0.21,
        "Normalized EBITDA": 7040000.0,
        "Net Income From Continuing Operation Net Minority Interest": -338000.0,
        "Reconciled Depreciation": 1956000.0,
        "Reconciled Cost Of Revenue": 76327000.0,
        "EBITDA": 7040000.0,
        "EBIT": 5084000.0,
        "Net Interest Income": -1944000.0,
        "Interest Expense": 1410000.0,
        "Interest Income": 13000.0,
        "Normalized Income": -338000.0,
        "Net Income From Continuing And Discontinued Operation": -338000.0,
        "Total Expenses": 96084000.0,
        "Total Operating Income As Reported": 5618000.0,
        "Diluted Average Shares": NaN,
        "Basic Average Shares": NaN,
        "Diluted EPS": NaN,
        "Basic EPS": NaN,
        "Diluted NI Availto Com Stockholders": -3065000.0,
        "Average Dilution Earnings": NaN,
        "Net Income Common Stockholders": -3065000.0,
        "Preferred Stock Dividends": 2727000.0,
        "Net Income": -338000.0,
        "Minority Interests": 531000.0,
        "Net Income Including Noncontrolling Interests": -869000.0,
        "Net Income Continuous Operations": -869000.0,
        "Tax Provision": 4543000.0,
        "Pretax Income": 3674000.0,
        "Net Non Operating Interest Income Expense": -1944000.0,
        "Total Other Finance Cost": 547000.0,
        "Interest Expense Non Operating": 1410000.0,
        "Interest Income Non Operating": 13000.0,
        "Operating Income": 5618000.0,
        "Operating Expense": 19757000.0,
        "Depreciation Amortization Depletion Income Statement": 1956000.0,
        "Depreciation And Amortization In Income Statement": 1956000.0,
        "Selling General And Administration": 17801000.0,
        "General And Administrative Expense": 17801000.0,
        "Other Gand A": 17801000.0,
        "Gross Profit": 25375000.0,
        "Cost Of Revenue": 76327000.0,
        "Total Revenue": 101702000.0,
        "Operating Revenue": 101861000.0
    },
    "2024-03-31": {
        "Tax Effect Of Unusual Items": 0.0,
        "Tax Rate For Calcs": 0.2,
        "Normalized EBITDA": 27195000.0,
        "Net Income From Continuing Operation Net Minority Interest": 8567000.0,
        "Reconciled Depreciation": 2040000.0,
        "Reconciled Cost Of Revenue": 68962000.0,
        "EBITDA": 27195000.0,
        "EBIT": 25155000.0,
        "Net Interest Income": -1905000.0,
        "Interest Expense": 1339000.0,
        "Interest Income": 24000.0,
        "Normalized Income": 8567000.0,
        "Net Income From Continuing And Discontinued Operation": 8567000.0,
        "Total Expenses": 88335000.0,
        "Total Operating Income As Reported": 25721000.0,
        "Diluted Average Shares": 3233000.0,
        "Basic Average Shares": 3233000.0,
        "Diluted EPS": 1.81,
        "Basic EPS": 1.81,
        "Diluted NI Availto Com Stockholders": 5857000.0,
        "Average Dilution Earnings": 0.0,
        "Net Income Common Stockholders": 5857000.0,
        "Preferred Stock Dividends": 2710000.0,
        "Net Income": 8567000.0,
        "Minority Interests": -10497000.0,
        "Net Income Including Noncontrolling Interests": 19064000.0,
        "Net Income Continuous Operations": 19064000.0,
        "Tax Provision": 4752000.0,
        "Pretax Income": 23816000.0,
        "Net Non Operating Interest Income Expense": -1905000.0,
        "Total Other Finance Cost": 590000.0,
        "Interest Expense Non Operating": 1339000.0,
        "Interest Income Non Operating": 24000.0,
        "Operating Income": 25721000.0,
        "Operating Expense": 19373000.0,
        "Depreciation Amortization Depletion Income Statement": 2040000.0,
        "Depreciation And Amortization In Income Statement": 2040000.0,
        "Selling General And Administration": 17333000.0,
        "General And Administrative Expense": 17333000.0,
        "Other Gand A": 17333000.0,
        "Gross Profit": 45094000.0,
        "Cost Of Revenue": 68962000.0,
        "Total Revenue": 114056000.0,
        "Operating Revenue": 114388000.0
    },
    "2025-09-30": {
        "Tax Effect Of Unusual Items": -3374490.0,
        "Tax Rate For Calcs": 0.21,
        "Normalized EBITDA": -16105000.0,
        "Total Unusual Items": -16069000.0,
        "Total Unusual Items Excluding Goodwill": -16069000.0,
        "Net Income From Continuing Operation Net Minority Interest": -36887000.0,
        "Reconciled Depreciation": 2076000.0,
        "Reconciled Cost Of Revenue": 65266000.0,
        "EBITDA": -32174000.0,
        "EBIT": -34250000.0,
        "Net Interest Income": -1264000.0,
        "Interest Expense": 2147000.0,
        "Interest Income": 883000.0,
        "Normalized Income": -24192490.0,
        "Net Income From Continuing And Discontinued Operation": -36887000.0,
        "Total Expenses": 128544000.0,
        "Total Operating Income As Reported": -18891000.0,
        "Diluted Average Shares": 79588847.0,
        "Basic Average Shares": 79588847.0,
        "Diluted EPS": -0.463469,
        "Basic EPS": -0.463469,
        "Diluted NI Availto Com Stockholders": -36887000.0,
        "Net Income Common Stockholders": -36887000.0,
        "Net Income": -36887000.0,
        "Minority Interests": 0.0,
        "Net Income Including Noncontrolling Interests": -36887000.0,
        "Net Income Continuous Operations": -36887000.0,
        "Tax Provision": 490000.0,
        "Pretax Income": -36397000.0,
        "Other Income Expense": -16242000.0,
        "Other Non Operating Income Expenses": -173000.0,
        "Special Income Charges": -10508000.0,
        "Other Special Charges": 10508000.0,
        "Gain On Sale Of Security": -5561000.0,
        "Net Non Operating Interest Income Expense": -1264000.0,
        "Interest Expense Non Operating": 2147000.0,
        "Interest Income Non Operating": 883000.0,
        "Operating Income": -18891000.0,
        "Operating Expense": 61977000.0,
        "Depreciation Amortization Depletion Income Statement": 775000.0,
        "Depreciation And Amortization In Income Statement": 775000.0,
        "Amortization": 775000.0,
        "Amortization Of Intangibles Income Statement": 775000.0,
        "Research And Development": 23131000.0,
        "Selling General And Administration": 38071000.0,
        "Selling And Marketing Expense": 17657000.0,
        "General And Administrative Expense": 20414000.0,
        "Other Gand A": 16781000.0,
        "Salaries And Wages": 3633000.0,
        "Gross Profit": 43086000.0,
        "Cost Of Revenue": 66567000.0,
        "Total Revenue": 109653000.0,
        "Operating Revenue": 109653000.0
    },
    "2024-12-31": {
        "Tax Effect Of Unusual Items": -61740.0,
        "Tax Rate For Calcs": 0.21,
        "Normalized EBITDA": -14231000.0,
        "Total Unusual Items": -294000.0,
        "Total Unusual Items Excluding Goodwill": -294000.0,
        "Net Income From Continuing Operation Net Minority Interest": -18786000.0,
        "Reconciled Depreciation": 2193000.0,
        "Reconciled Cost Of Revenue": 54705000.0,
        "EBITDA": -14525000.0,
        "EBIT": -16718000.0,
        "Net Interest Income": -1436000.0,
        "Interest Expense": 1871000.0,
        "Interest Income": 435000.0,
        "Normalized Income": -18553740.0,
        "Net Income From Continuing And Discontinued Operation": -18786000.0,
        "Total Expenses": 108539000.0,
        "Total Operating Income As Reported": -16855000.0,
        "Diluted Average Shares": NaN,
        "Basic Average Shares": NaN,
        "Diluted EPS": NaN,
        "Basic EPS": NaN,
        "Diluted NI Availto Com Stockholders": -18786000.0,
        "Net Income Common Stockholders": -18786000.0,
        "Net Income": -18786000.0,
        "Minority Interests": 112000.0,
        "Net Income Including Noncontrolling Interests": -18898000.0,
        "Net Income Continuous Operations": -18898000.0,
        "Tax Provision": 309000.0,
        "Pretax Income": -18589000.0,
        "Other Income Expense": -298000.0,
        "Other Non Operating Income Expenses": -4000.0,
        "Special Income Charges": 1857000.0,
        "Other Special Charges": NaN,
        "Gain On Sale Of Security": -2151000.0,
        "Net Non Operating Interest Income Expense": -1436000.0,
        "Interest Expense Non Operating": 1871000.0,
        "Interest Income Non Operating": 435000.0,
        "Operating Income": -16855000.0,
        "Operating Expense": 53834000.0,
        "Depreciation Amortization Depletion Income Statement": NaN,
        "Depreciation And Amortization In Income Statement": NaN,
        "Amortization": NaN,
        "Amortization Of Intangibles Income Statement": NaN,
        "Research And Development": 21363000.0,
        "Selling General And Administration": 34850000.0,
        "Selling And Marketing Expense": 14767000.0,
        "General And Administrative Expense": 20083000.0,
        "Other Gand A": 28162000.0,
        "Salaries And Wages": NaN,
        "Gross Profit": 36979000.0,
        "Cost Of Revenue": 54705000.0,
        "Total Revenue": 91684000.0,
        "Operating Revenue": 91684000.0
    },
    "2024-09-30": {
        "Tax Effect Of Unusual Items": 67830.0,
        "Tax Rate For Calcs": 0.21,
        "Normalized EBITDA": -18048000.0,
        "Total Unusual Items": 323000.0,
        "Total Unusual Items Excluding Goodwill": 323000.0,
        "Net Income From Continuing Operation Net Minority Interest": -21325000.0,
        "Reconciled Depreciation": 2207000.0,
        "Reconciled Cost Of Revenue": 49873000.0,
        "EBITDA": -17725000.0,
        "EBIT": -19932000.0,
        "Net Interest Income": -507000.0,
        "Interest Expense": 945000.0,
        "Interest Income": 438000.0,
        "Normalized Income": -21580170.0,
        "Net Income From Continuing And Discontinued Operation": -21325000.0,
        "Total Expenses": 104007000.0,
        "Total Operating Income As Reported": -20693000.0,
        "Diluted Average Shares": 72071839.0,
        "Basic Average Shares": 72071839.0,
        "Diluted EPS": -0.295885,
        "Basic EPS": -0.295885,
        "Diluted NI Availto Com Stockholders": -21325000.0,
        "Net Income Common Stockholders": -21325000.0,
        "Net Income": -21325000.0,
        "Minority Interests": -49000.0,
        "Net Income Including Noncontrolling Interests": -21276000.0,
        "Net Income Continuous Operations": -21276000.0,
        "Tax Provision": 399000.0,
        "Pretax Income": -20877000.0,
        "Other Income Expense": 323000.0,
        "Other Non Operating Income Expenses": NaN,
        "Special Income Charges": 0.0,
        "Other Special Charges": NaN,
        "Gain On Sale Of Security": 323000.0,
        "Net Non Operating Interest Income Expense": -507000.0,
        "Interest Expense Non Operating": 945000.0,
        "Interest Income Non Operating": 438000.0,
        "Operating Income": -20693000.0,
        "Operating Expense": 52727000.0,
        "Depreciation Amortization Depletion Income Statement": 800000.0,
        "Depreciation And Amortization In Income Statement": 800000.0,
        "Amortization": 800000.0,
        "Amortization Of Intangibles Income Statement": 800000.0,
        "Research And Development": 22166000.0,
        "Selling General And Administration": 29761000.0,
        "Selling And Marketing Expense": 13434000.0,
        "General And Administrative Expense": 16327000.0,
        "Other Gand A": 14244000.0,
        "Salaries And Wages": 2083000.0,
        "Gross Profit": 32034000.0,
        "Cost Of Revenue": 51280000.0,
        "Total Revenue": 83314000.0,
        "Operating Revenue": 83314000.0
    }
}