{
    "2023-03-31": {
        "Tax Effect Of Unusual Items": NaN,
        "Tax Rate For Calcs": NaN,
        "Normalized EBITDA": NaN,
        "Total Unusual Items": NaN,
        "Total Unusual Items Excluding Goodwill": NaN,
        "Net Income From Continuing Operation Net Minority Interest": NaN,
        "Reconciled Depreciation": NaN,
        "Reconciled Cost Of Revenue": NaN,
        "EBITDA": NaN,
        "EBIT": NaN,
        "Net Interest Income": NaN,
        "Interest Expense": NaN,
        "Interest Income": NaN,
        "Normalized Income": NaN,
        "Net Income From Continuing And Discontinued Operation": NaN,
        "Total Expenses": NaN,
        "Total Operating Income As Reported": NaN,
        "Diluted Average Shares": NaN,
        "Basic Average Shares": NaN,
        "Diluted EPS": NaN,
        "Basic EPS": NaN,
        "Diluted NI Availto Com Stockholders": NaN,
        "Net Income Common Stockholders": NaN,
        "Net Income": NaN,
        "Net Income Including Noncontrolling Interests": NaN,
        "Net Income Continuous Operations": NaN,
        "Tax Provision": NaN,
        "Pretax Income": NaN,
        "Other Income Expense": NaN,
        "Other Non Operating Income Expenses": -2200000.0,
        "Special Income Charges": NaN,
        "Other Special Charges": 2200000.0,
        "Restructuring And Mergern Acquisition": NaN,
        "Net Non Operating Interest Income Expense": NaN,
        "Total Other Finance Cost": NaN,
        "Interest Expense Non Operating": NaN,
        "Interest Income Non Operating": NaN,
        "Operating Income": NaN,
        "Operating Expense": NaN,
        "Depreciation Amortization Depletion Income Statement": NaN,
        "Depreciation And Amortization In Income Statement": NaN,
        "Amortization": NaN,
        "Amortization Of Intangibles Income Statement": NaN,
        "Research And Development": NaN,
        "Selling General And Administration": NaN,
        "Gross Profit": NaN,
        "Cost Of Revenue": NaN,
        "Total Revenue": NaN,
        "Operating Revenue": NaN
    },
    "2022-12-31": {
        "Tax Effect Of Unusual Items": 0.0,
        "Tax Rate For Calcs": 0.21,
        "Normalized EBITDA": 41000000.0,
        "Total Unusual Items": 0.0,
        "Total Unusual Items Excluding Goodwill": 0.0,
        "Net Income From Continuing Operation Net Minority Interest": 8400000.0,
        "Reconciled Depreciation": 16500000.0,
        "Reconciled Cost Of Revenue": 103200000.0,
        "EBITDA": 41000000.0,
        "EBIT": 24500000.0,
        "Net Interest Income": -4000000.0,
        "Interest Expense": 5600000.0,
        "Interest Income": 2200000.0,
        "Normalized Income": 8400000.0,
        "Net Income From Continuing And Discontinued Operation": 8400000.0,
        "Total Expenses": 261600000.0,
        "Total Operating Income As Reported": 22900000.0,
        "Diluted Average Shares": 227100000.0,
        "Basic Average Shares": 225900000.0,
        "Diluted EPS": 0.04,
        "Basic EPS": 0.04,
        "Diluted NI Availto Com Stockholders": 8400000.0,
        "Net Income Common Stockholders": 8400000.0,
        "Net Income": 8400000.0,
        "Net Income Including Noncontrolling Interests": 8400000.0,
        "Net Income Continuous Operations": 8400000.0,
        "Tax Provision": 10500000.0,
        "Pretax Income": 18900000.0,
        "Other Income Expense": NaN,
        "Other Non Operating Income Expenses": NaN,
        "Special Income Charges": 0.0,
        "Other Special Charges": NaN,
        "Restructuring And Mergern Acquisition": 0.0,
        "Net Non Operating Interest Income Expense": -4000000.0,
        "Total Other Finance Cost": 600000.0,
        "Interest Expense Non Operating": 5600000.0,
        "Interest Income Non Operating": 2200000.0,
        "Operating Income": 22900000.0,
        "Operating Expense": 144100000.0,
        "Depreciation Amortization Depletion Income Statement": 2200000.0,
        "Depreciation And Amortization In Income Statement": 2200000.0,
        "Amortization": 2200000.0,
        "Amortization Of Intangibles Income Statement": 2200000.0,
        "Research And Development": 51900000.0,
        "Selling General And Administration": 90000000.0,
        "Gross Profit": 167000000.0,
        "Cost Of Revenue": 117500000.0,
        "Total Revenue": 284500000.0,
        "Operating Revenue": 284500000.0
    },
    "2022-09-30": {
        "Tax Effect Of Unusual Items": 0.0,
        "Tax Rate For Calcs": 0.272321,
        "Normalized EBITDA": 68100000.0,
        "Total Unusual Items": 0.0,
        "Total Unusual Items Excluding Goodwill": 0.0,
        "Net Income From Continuing Operation Net Minority Interest": 32600000.0,
        "Reconciled Depreciation": 17800000.0,
        "Reconciled Cost Of Revenue": 109800000.0,
        "EBITDA": 68100000.0,
        "EBIT": 50300000.0,
        "Net Interest Income": -5000000.0,
        "Interest Expense": 5500000.0,
        "Interest Income": 1100000.0,
        "Normalized Income": 32600000.0,
        "Net Income From Continuing And Discontinued Operation": 32600000.0,
        "Total Expenses": 260400000.0,
        "Total Operating Income As Reported": 49800000.0,
        "Diluted Average Shares": 230400000.0,
        "Basic Average Shares": 226300000.0,
        "Diluted EPS": 0.14,
        "Basic EPS": 0.14,
        "Diluted NI Availto Com Stockholders": 32600000.0,
        "Net Income Common Stockholders": 32600000.0,
        "Net Income": 32600000.0,
        "Net Income Including Noncontrolling Interests": 32600000.0,
        "Net Income Continuous Operations": 32600000.0,
        "Tax Provision": 12200000.0,
        "Pretax Income": 44800000.0,
        "Other Income Expense": NaN,
        "Other Non Operating Income Expenses": NaN,
        "Special Income Charges": 0.0,
        "Other Special Charges": NaN,
        "Restructuring And Mergern Acquisition": NaN,
        "Net Non Operating Interest Income Expense": -5000000.0,
        "Total Other Finance Cost": 600000.0,
        "Interest Expense Non Operating": 5500000.0,
        "Interest Income Non Operating": 1100000.0,
        "Operating Income": 49800000.0,
        "Operating Expense": 135000000.0,
        "Depreciation Amortization Depletion Income Statement": 2200000.0,
        "Depreciation And Amortization In Income Statement": 2200000.0,
        "Amortization": 2200000.0,
        "Amortization Of Intangibles Income Statement": 2200000.0,
        "Research And Development": 52600000.0,
        "Selling General And Administration": 80200000.0,
        "Gross Profit": 184800000.0,
        "Cost Of Revenue": 125400000.0,
        "Total Revenue": 310200000.0,
        "Operating Revenue": 310200000.0
    },
    "2022-06-30": {
        "Tax Effect Of Unusual Items": 0.0,
        "Tax Rate For Calcs": 0.4,
        "Normalized EBITDA": 50200000.0,
        "Total Unusual Items": 0.0,
        "Total Unusual Items Excluding Goodwill": 0.0,
        "Net Income From Continuing Operation Net Minority Interest": 16500000.0,
        "Reconciled Depreciation": 2200000.0,
        "Reconciled Cost Of Revenue": 134200000.0,
        "EBITDA": 50200000.0,
        "EBIT": 48000000.0,
        "Net Interest Income": -7200000.0,
        "Interest Expense": 7200000.0,
        "Interest Income": 300000.0,
        "Normalized Income": 16500000.0,
        "Net Income From Continuing And Discontinued Operation": 16500000.0,
        "Total Expenses": 287300000.0,
        "Total Operating Income As Reported": 48000000.0,
        "Diluted Average Shares": 256500000.0,
        "Basic Average Shares": 227300000.0,
        "Diluted EPS": 0.07,
        "Basic EPS": 0.07,
        "Diluted NI Availto Com Stockholders": 16500000.0,
        "Net Income Common Stockholders": 16500000.0,
        "Net Income": 16500000.0,
        "Net Income Including Noncontrolling Interests": 16500000.0,
        "Net Income Continuous Operations": 16500000.0,
        "Tax Provision": 24300000.0,
        "Pretax Income": 40800000.0,
        "Other Income Expense": -1300000.0,
        "Other Non Operating Income Expenses": NaN,
        "Special Income Charges": 0.0,
        "Other Special Charges": 3100000.0,
        "Restructuring And Mergern Acquisition": 0.0,
        "Net Non Operating Interest Income Expense": -7200000.0,
        "Total Other Finance Cost": 600000.0,
        "Interest Expense Non Operating": 7200000.0,
        "Interest Income Non Operating": 300000.0,
        "Operating Income": 48000000.0,
        "Operating Expense": 153100000.0,
        "Depreciation Amortization Depletion Income Statement": 2200000.0,
        "Depreciation And Amortization In Income Statement": 2200000.0,
        "Amortization": 2200000.0,
        "Amortization Of Intangibles Income Statement": 2200000.0,
        "Research And Development": 54200000.0,
        "Selling General And Administration": 96700000.0,
        "Gross Profit": 201100000.0,
        "Cost Of Revenue": 134200000.0,
        "Total Revenue": 335300000.0,
        "Operating Revenue": 335300000.0
    },
    "2022-03-31": {
        "Diluted EPS": 0.08,
        "Total Revenue": 316,
        "Gross Profit": 187,
        "Operating Income": 41,
        "EBIT": 63,
        "Net Income": 19
    },
    "2021-12-31": {
        "Diluted EPS": 0.14,
        "Total Revenue": 315,
        "Gross Profit": 191,
        "Operating Income": 49,
        "EBIT": 69,
        "Net Income": 35
    },
    "2021-09-30": {
        "Diluted EPS": -0.24,
        "Total Revenue": 327,
        "Gross Profit": 195,
        "Operating Income": 47,
        "EBIT": 67,
        "Net Income": -55
    },
    "2021-06-30": {
        "Diluted EPS": 0.02,
        "Total Revenue": 311,
        "Gross Profit": 183,
        "Operating Income": 33,
        "EBIT": 59,
        "Net Income": 3
    },
    "2021-03-31": {
        "Diluted EPS": 0.07,
        "Total Revenue": 303,
        "Gross Profit": 182,
        "Operating Income": 36,
        "EBIT": 62,
        "Net Income": 17
    },
    "2020-12-31": {
        "Diluted EPS": 0.12,
        "Total Revenue": 300,
        "Gross Profit": 180,
        "Operating Income": 42,
        "EBIT": 68,
        "Net Income": 27
    },
    "2020-09-30": {
        "Diluted EPS": 0.08,
        "Total Revenue": 285,
        "Gross Profit": 169,
        "Operating Income": 31,
        "EBIT": 57,
        "Net Income": 20
    },
    "2020-06-30": {
        "Diluted EPS": 0.2,
        "Total Revenue": 267,
        "Gross Profit": 155,
        "Operating Income": 43,
        "EBIT": 55,
        "Net Income": 47
    },
    "2020-03-31": {
        "Diluted EPS": -0.14,
        "Total Revenue": 256,
        "Gross Profit": 147,
        "Operating Income": 9,
        "EBIT": 42,
        "Net Income": -33
    },
    "2019-12-31": {
        "Diluted EPS": 0.12,
        "Total Revenue": 314,
        "Gross Profit": 190,
        "Operating Income": 45,
        "EBIT": 78,
        "Net Income": 28
    },
    "2019-09-30": {
        "Diluted EPS": 0.03,
        "Total Revenue": 300,
        "Gross Profit": 174,
        "Operating Income": 21,
        "EBIT": 53,
        "Net Income": 7
    },
    "2019-06-30": {
        "Diluted EPS": 0.05,
        "Total Revenue": 290,
        "Gross Profit": 170,
        "Operating Income": 28,
        "EBIT": 61,
        "Net Income": 13
    },
    "2019-03-31": {
        "Diluted EPS": -0.02,
        "Total Revenue": 265,
        "Gross Profit": 154,
        "Operating Income": 8,
        "EBIT": 40,
        "Net Income": -5
    },
    "2018-12-31": {
        "Diluted EPS": 0.06,
        "Total Revenue": 307,
        "Gross Profit": 178,
        "Operating Income": 33,
        "EBIT": 67,
        "Net Income": 13
    },
    "2018-09-30": {
        "Diluted EPS": -0.07,
        "Total Revenue": 269,
        "Gross Profit": 150,
        "Operating Income": -1,
        "EBIT": 35,
        "Net Income": -15
    },
    "2018-06-30": {
        "Diluted EPS": -0.13,
        "Total Revenue": 261,
        "Gross Profit": 133,
        "Operating Income": -12,
        "EBIT": 29,
        "Net Income": -29
    },
    "2018-03-31": {
        "Diluted EPS": -0.05,
        "Total Revenue": 219,
        "Gross Profit": 123,
        "Operating Income": 0,
        "EBIT": 29,
        "Net Income": -11
    },
    "2017-12-31": {
        "Diluted EPS": 0.0,
        "Total Revenue": 205,
        "Gross Profit": 119,
        "Operating Income": 7,
        "EBIT": 32,
        "Net Income": -1
    },
    "2017-09-30": {
        "Diluted EPS": -0.03,
        "Total Revenue": 191,
        "Gross Profit": 113,
        "Operating Income": 7,
        "EBIT": 32,
        "Net Income": -8
    },
    "2017-06-30": {
        "Diluted EPS": 0.03,
        "Total Revenue": 192,
        "Gross Profit": 112,
        "Operating Income": 5,
        "EBIT": 30,
        "Net Income": 7
    },
    "2017-03-31": {
        "Diluted EPS": 0.11,
        "Total Revenue": 196,
        "Gross Profit": 117,
        "Operating Income": -15,
        "EBIT": 7,
        "Net Income": 26
    },
    "2016-12-31": {
        "Diluted EPS": 0.21,
        "Total Revenue": 207,
        "Gross Profit": 125,
        "Operating Income": 7,
        "EBIT": 30,
        "Net Income": 49
    },
    "2016-09-30": {
        "Diluted EPS": 0.33,
        "Total Revenue": 211,
        "Gross Profit": 125,
        "Operating Income": 10,
        "EBIT": 33,
        "Net Income": 78
    },
    "2016-06-30": {
        "Diluted EPS": -0.29,
        "Total Revenue": 224,
        "Gross Profit": 136,
        "Operating Income": -98,
        "EBIT": 17,
        "Net Income": -68
    },
    "2016-03-31": {
        "Diluted EPS": 0.14,
        "Total Revenue": 220,
        "Gross Profit": 131,
        "Operating Income": 7,
        "EBIT": 30,
        "Net Income": 34
    },
    "2015-12-31": {
        "Diluted EPS": 0.02,
        "Total Revenue": 232,
        "Gross Profit": 142,
        "Operating Income": 9,
        "EBIT": 34,
        "Net Income": 4
    },
    "2015-09-30": {
        "Diluted EPS": -0.29,
        "Total Revenue": 230,
        "Gross Profit": 141,
        "Operating Income": -3,
        "EBIT": 26,
        "Net Income": -69
    },
    "2015-06-30": {
        "Diluted EPS": -0.17,
        "Total Revenue": 220,
        "Gross Profit": 131,
        "Operating Income": -19,
        "EBIT": 21,
        "Net Income": -40
    },
    "2015-03-31": {
        "Diluted EPS": -0.06,
        "Total Revenue": 212,
        "Gross Profit": 127,
        "Operating Income": -23,
        "EBIT": 20,
        "Net Income": -13
    },
    "2014-12-31": {
        "Diluted EPS": -0.11,
        "Total Revenue": 226,
        "Gross Profit": 133,
        "Operating Income": -21,
        "EBIT": 23,
        "Net Income": -25
    },
    "2014-09-30": {
        "Diluted EPS": -0.04,
        "Total Revenue": 215,
        "Gross Profit": 129,
        "Operating Income": -12,
        "EBIT": 30,
        "Net Income": -10
    },
    "2014-06-30": {
        "Diluted EPS": -0.11,
        "Total Revenue": -368,
        "Gross Profit": -47,
        "Operating Income": -70,
        "EBIT": -28,
        "Net Income": -25
    },
    "2014-03-31": {
        "Diluted EPS": -0.01,
        "Total Revenue": 418,
        "Gross Profit": 185,
        "Operating Income": -12,
        "EBIT": 31,
        "Net Income": -2
    },
    "2013-12-31": {
        "Diluted EPS": 0.04,
        "Total Revenue": 448,
        "Gross Profit": 205,
        "Operating Income": 20,
        "EBIT": 59,
        "Net Income": 9
    },
    "2013-09-30": {
        "Diluted EPS": 0.0,
        "Total Revenue": 429,
        "Gross Profit": 185,
        "Operating Income": 7,
        "EBIT": 42,
        "Net Income": 0
    },
    "2013-06-30": {
        "Diluted EPS": 0.39,
        "Total Revenue": 421,
        "Gross Profit": 178,
        "Operating Income": -19,
        "EBIT": 20,
        "Net Income": 93
    },
    "2013-03-31": {
        "Diluted EPS": -0.12,
        "Total Revenue": 405,
        "Gross Profit": 155,
        "Operating Income": -21,
        "EBIT": 20,
        "Net Income": -28
    },
    "2012-12-31": {
        "Diluted EPS": 0.02,
        "Total Revenue": 429,
        "Gross Profit": 189,
        "Operating Income": 15,
        "EBIT": 54,
        "Net Income": 4
    },
    "2012-09-30": {
        "Diluted EPS": -0.05,
        "Total Revenue": 421,
        "Gross Profit": 173,
        "Operating Income": 0,
        "EBIT": 42,
        "Net Income": -12
    },
    "2012-06-30": {
        "Diluted EPS": -0.09,
        "Total Revenue": 434,
        "Gross Profit": 182,
        "Operating Income": 1,
        "EBIT": 43,
        "Net Income": -22
    },
    "2012-03-31": {
        "Diluted EPS": -0.08,
        "Total Revenue": 403,
        "Gross Profit": 168,
        "Operating Income": -6,
        "EBIT": 39,
        "Net Income": -17
    },
    "2011-12-31": {
        "Diluted EPS": -0.04,
        "Total Revenue": 409,
        "Gross Profit": 175,
        "Operating Income": 1,
        "EBIT": 47,
        "Net Income": -10
    },
    "2011-09-30": {
        "Diluted EPS": -0.03,
        "Total Revenue": 416,
        "Gross Profit": 182,
        "Operating Income": 5,
        "EBIT": 50,
        "Net Income": -6
    },
    "2011-06-30": {
        "Diluted EPS": 0.05,
        "Total Revenue": 449,
        "Gross Profit": 199,
        "Operating Income": 26,
        "EBIT": 66,
        "Net Income": 9
    },
    "2011-03-31": {
        "Diluted EPS": 0.16,
        "Total Revenue": 454,
        "Gross Profit": 200,
        "Operating Income": 13,
        "EBIT": 59,
        "Net Income": 39
    },
    "2010-12-31": {
        "Diluted EPS": 0.1,
        "Total Revenue": 474,
        "Gross Profit": 214,
        "Operating Income": 34,
        "EBIT": 77,
        "Net Income": 24
    },
    "2010-09-30": {
        "Diluted EPS": 0.0,
        "Total Revenue": 405,
        "Gross Profit": 173,
        "Operating Income": 1,
        "EBIT": 43,
        "Net Income": 0
    },
    "2010-06-30": {
        "Diluted EPS": 0.01,
        "Total Revenue": 391,
        "Gross Profit": 160,
        "Operating Income": -3,
        "EBIT": 80,
        "Net Income": 2
    },
    "2010-03-31": {
        "Diluted EPS": -0.05,
        "Total Revenue": 332,
        "Gross Profit": 132,
        "Operating Income": -11,
        "EBIT": 27,
        "Net Income": -12
    },
    "2009-12-31": {
        "Diluted EPS": -0.09,
        "Total Revenue": 343,
        "Gross Profit": 138,
        "Operating Income": -13,
        "EBIT": 25,
        "Net Income": -20
    },
    "2009-09-30": {
        "Diluted EPS": -0.15,
        "Total Revenue": 298,
        "Gross Profit": 117,
        "Operating Income": -28,
        "EBIT": 12,
        "Net Income": -32
    },
    "2009-06-30": {
        "Diluted EPS": -0.29,
        "Total Revenue": 273,
        "Gross Profit": 101,
        "Operating Income": -60,
        "EBIT": 34,
        "Net Income": -64
    },
    "2009-03-31": {
        "Diluted EPS": -0.47,
        "Total Revenue": 279,
        "Gross Profit": 101,
        "Operating Income": -103,
        "EBIT": -17,
        "Net Income": -102
    },
    "2023-06-30": {
        "Tax Effect Of Unusual Items": NaN,
        "Tax Rate For Calcs": NaN,
        "Normalized EBITDA": NaN,
        "Total Unusual Items": NaN,
        "Total Unusual Items Excluding Goodwill": NaN,
        "Net Income From Continuing Operation Net Minority Interest": NaN,
        "Reconciled Depreciation": NaN,
        "Reconciled Cost Of Revenue": NaN,
        "EBITDA": NaN,
        "EBIT": NaN,
        "Net Interest Income": NaN,
        "Interest Expense": NaN,
        "Interest Income": NaN,
        "Normalized Income": NaN,
        "Net Income From Continuing And Discontinued Operation": NaN,
        "Total Expenses": NaN,
        "Total Operating Income As Reported": NaN,
        "Diluted Average Shares": NaN,
        "Basic Average Shares": NaN,
        "Diluted EPS": NaN,
        "Basic EPS": NaN,
        "Diluted NI Availto Com Stockholders": NaN,
        "Net Income Common Stockholders": NaN,
        "Net Income": NaN,
        "Net Income Including Noncontrolling Interests": NaN,
        "Net Income Continuous Operations": NaN,
        "Tax Provision": NaN,
        "Pretax Income": NaN,
        "Other Income Expense": NaN,
        "Special Income Charges": NaN,
        "Other Special Charges": 0.0,
        "Restructuring And Mergern Acquisition": NaN,
        "Net Non Operating Interest Income Expense": NaN,
        "Total Other Finance Cost": NaN,
        "Interest Expense Non Operating": NaN,
        "Interest Income Non Operating": NaN,
        "Operating Income": NaN,
        "Operating Expense": NaN,
        "Depreciation Amortization Depletion Income Statement": NaN,
        "Depreciation And Amortization In Income Statement": NaN,
        "Amortization": NaN,
        "Amortization Of Intangibles Income Statement": NaN,
        "Research And Development": NaN,
        "Selling General And Administration": NaN,
        "Gross Profit": NaN,
        "Cost Of Revenue": NaN,
        "Total Revenue": NaN,
        "Operating Revenue": NaN
    },
    "2023-09-30": {
        "Tax Effect Of Unusual Items": NaN,
        "Tax Rate For Calcs": NaN,
        "Normalized EBITDA": NaN,
        "Total Unusual Items": NaN,
        "Total Unusual Items Excluding Goodwill": NaN,
        "Net Income From Continuing Operation Net Minority Interest": NaN,
        "Reconciled Depreciation": NaN,
        "Reconciled Cost Of Revenue": NaN,
        "EBITDA": NaN,
        "EBIT": NaN,
        "Net Interest Income": NaN,
        "Interest Expense": NaN,
        "Interest Income": NaN,
        "Normalized Income": NaN,
        "Net Income From Continuing And Discontinued Operation": NaN,
        "Total Expenses": NaN,
        "Total Operating Income As Reported": NaN,
        "Diluted Average Shares": NaN,
        "Basic Average Shares": NaN,
        "Diluted EPS": NaN,
        "Basic EPS": NaN,
        "Diluted NI Availto Com Stockholders": NaN,
        "Net Income Common Stockholders": NaN,
        "Net Income": NaN,
        "Net Income Including Noncontrolling Interests": NaN,
        "Net Income Continuous Operations": NaN,
        "Tax Provision": NaN,
        "Pretax Income": NaN,
        "Other Income Expense": 800000.0,
        "Special Income Charges": NaN,
        "Restructuring And Mergern Acquisition": NaN,
        "Net Non Operating Interest Income Expense": NaN,
        "Total Other Finance Cost": NaN,
        "Interest Expense Non Operating": NaN,
        "Interest Income Non Operating": NaN,
        "Operating Income": NaN,
        "Operating Expense": NaN,
        "Depreciation Amortization Depletion Income Statement": NaN,
        "Depreciation And Amortization In Income Statement": NaN,
        "Amortization": NaN,
        "Amortization Of Intangibles Income Statement": NaN,
        "Research And Development": NaN,
        "Selling General And Administration": NaN,
        "Gross Profit": NaN,
        "Cost Of Revenue": NaN,
        "Total Revenue": NaN,
        "Operating Revenue": NaN
    },
    "2023-12-31": {
        "Tax Effect Of Unusual Items": NaN,
        "Tax Rate For Calcs": NaN,
        "Normalized EBITDA": NaN,
        "Total Unusual Items": NaN,
        "Total Unusual Items Excluding Goodwill": NaN,
        "Net Income From Continuing Operation Net Minority Interest": NaN,
        "Reconciled Depreciation": NaN,
        "Reconciled Cost Of Revenue": NaN,
        "EBITDA": NaN,
        "EBIT": NaN,
        "Net Interest Income": NaN,
        "Interest Expense": NaN,
        "Interest Income": NaN,
        "Normalized Income": NaN,
        "Net Income From Continuing And Discontinued Operation": NaN,
        "Total Expenses": NaN,
        "Total Operating Income As Reported": NaN,
        "Diluted Average Shares": NaN,
        "Basic Average Shares": NaN,
        "Diluted EPS": NaN,
        "Basic EPS": NaN,
        "Diluted NI Availto Com Stockholders": NaN,
        "Net Income Common Stockholders": NaN,
        "Net Income": NaN,
        "Net Income Including Noncontrolling Interests": NaN,
        "Net Income Continuous Operations": NaN,
        "Tax Provision": NaN,
        "Pretax Income": NaN,
        "Other Income Expense": 100000.0,
        "Special Income Charges": NaN,
        "Restructuring And Mergern Acquisition": NaN,
        "Net Non Operating Interest Income Expense": NaN,
        "Total Other Finance Cost": NaN,
        "Interest Expense Non Operating": NaN,
        "Interest Income Non Operating": NaN,
        "Operating Income": NaN,
        "Operating Expense": NaN,
        "Depreciation Amortization Depletion Income Statement": NaN,
        "Depreciation And Amortization In Income Statement": NaN,
        "Amortization": NaN,
        "Amortization Of Intangibles Income Statement": NaN,
        "Research And Development": NaN,
        "Selling General And Administration": NaN,
        "Gross Profit": NaN,
        "Cost Of Revenue": NaN,
        "Total Revenue": NaN,
        "Operating Revenue": NaN
    },
    "2024-03-31": {
        "Tax Effect Of Unusual Items": NaN,
        "Tax Rate For Calcs": NaN,
        "Normalized EBITDA": NaN,
        "Total Unusual Items": NaN,
        "Total Unusual Items Excluding Goodwill": NaN,
        "Net Income From Continuing Operation Net Minority Interest": NaN,
        "Reconciled Depreciation": NaN,
        "Reconciled Cost Of Revenue": NaN,
        "EBITDA": NaN,
        "EBIT": NaN,
        "Net Interest Income": NaN,
        "Interest Expense": NaN,
        "Interest Income": NaN,
        "Normalized Income": NaN,
        "Net Income From Continuing And Discontinued Operation": NaN,
        "Total Expenses": NaN,
        "Total Operating Income As Reported": NaN,
        "Diluted Average Shares": NaN,
        "Basic Average Shares": NaN,
        "Diluted EPS": NaN,
        "Basic EPS": NaN,
        "Diluted NI Availto Com Stockholders": NaN,
        "Net Income Common Stockholders": NaN,
        "Net Income": NaN,
        "Net Income Including Noncontrolling Interests": NaN,
        "Net Income Continuous Operations": NaN,
        "Tax Provision": NaN,
        "Pretax Income": NaN,
        "Other Income Expense": -100000.0,
        "Special Income Charges": NaN,
        "Restructuring And Mergern Acquisition": NaN,
        "Net Non Operating Interest Income Expense": NaN,
        "Total Other Finance Cost": NaN,
        "Interest Expense Non Operating": NaN,
        "Interest Income Non Operating": NaN,
        "Operating Income": NaN,
        "Operating Expense": NaN,
        "Depreciation Amortization Depletion Income Statement": NaN,
        "Depreciation And Amortization In Income Statement": NaN,
        "Amortization": NaN,
        "Amortization Of Intangibles Income Statement": NaN,
        "Research And Development": NaN,
        "Selling General And Administration": NaN,
        "Gross Profit": NaN,
        "Cost Of Revenue": NaN,
        "Total Revenue": NaN,
        "Operating Revenue": NaN
    },
    "2024-06-30": {
        "Tax Effect Of Unusual Items": NaN,
        "Tax Rate For Calcs": NaN,
        "Normalized EBITDA": NaN,
        "Total Unusual Items": NaN,
        "Total Unusual Items Excluding Goodwill": NaN,
        "Net Income From Continuing Operation Net Minority Interest": NaN,
        "Reconciled Depreciation": NaN,
        "Reconciled Cost Of Revenue": NaN,
        "EBITDA": NaN,
        "EBIT": NaN,
        "Net Interest Income": NaN,
        "Interest Expense": NaN,
        "Interest Income": NaN,
        "Normalized Income": NaN,
        "Net Income From Continuing And Discontinued Operation": NaN,
        "Total Expenses": NaN,
        "Total Operating Income As Reported": NaN,
        "Diluted Average Shares": NaN,
        "Basic Average Shares": NaN,
        "Diluted EPS": NaN,
        "Basic EPS": NaN,
        "Diluted NI Availto Com Stockholders": NaN,
        "Net Income Common Stockholders": NaN,
        "Net Income": NaN,
        "Net Income Including Noncontrolling Interests": NaN,
        "Net Income Continuous Operations": NaN,
        "Earnings From Equity Interest Net Of Tax": NaN,
        "Tax Provision": NaN,
        "Pretax Income": NaN,
        "Other Income Expense": -11600000.0,
        "Special Income Charges": NaN,
        "Other Special Charges": NaN,
        "Restructuring And Mergern Acquisition": NaN,
        "Net Non Operating Interest Income Expense": NaN,
        "Total Other Finance Cost": NaN,
        "Interest Expense Non Operating": NaN,
        "Interest Income Non Operating": NaN,
        "Operating Income": NaN,
        "Operating Expense": NaN,
        "Depreciation Amortization Depletion Income Statement": NaN,
        "Depreciation And Amortization In Income Statement": NaN,
        "Amortization": NaN,
        "Amortization Of Intangibles Income Statement": NaN,
        "Research And Development": NaN,
        "Selling General And Administration": NaN,
        "Gross Profit": NaN,
        "Cost Of Revenue": NaN,
        "Total Revenue": NaN,
        "Operating Revenue": NaN
    },
    "2024-09-30": {
        "Tax Effect Of Unusual Items": 0.0,
        "Tax Rate For Calcs": 0.21,
        "Normalized EBITDA": 28200000.0,
        "Total Unusual Items": 0.0,
        "Total Unusual Items Excluding Goodwill": 0.0,
        "Net Income From Continuing Operation Net Minority Interest": -1800000.0,
        "Reconciled Depreciation": 14100000.0,
        "Reconciled Cost Of Revenue": 89100000.0,
        "EBITDA": 28200000.0,
        "EBIT": 14100000.0,
        "Net Interest Income": -4300000.0,
        "Interest Expense": 6900000.0,
        "Interest Income": 3200000.0,
        "Normalized Income": -1800000.0,
        "Net Income From Continuing And Discontinued Operation": -1800000.0,
        "Total Expenses": 226700000.0,
        "Total Operating Income As Reported": 11500000.0,
        "Diluted Average Shares": NaN,
        "Basic Average Shares": NaN,
        "Diluted EPS": NaN,
        "Basic EPS": NaN,
        "Diluted NI Availto Com Stockholders": -1800000.0,
        "Net Income Common Stockholders": -1800000.0,
        "Net Income": -1800000.0,
        "Net Income Including Noncontrolling Interests": -1800000.0,
        "Net Income Continuous Operations": -1800000.0,
        "Earnings From Equity Interest Net Of Tax": NaN,
        "Tax Provision": 9000000.0,
        "Pretax Income": 7200000.0,
        "Other Income Expense": NaN,
        "Special Income Charges": 0.0,
        "Other Special Charges": NaN,
        "Restructuring And Mergern Acquisition": 0.0,
        "Net Non Operating Interest Income Expense": -4300000.0,
        "Total Other Finance Cost": 600000.0,
        "Interest Expense Non Operating": 6900000.0,
        "Interest Income Non Operating": 3200000.0,
        "Operating Income": 11500000.0,
        "Operating Expense": 124600000.0,
        "Depreciation Amortization Depletion Income Statement": 1100000.0,
        "Depreciation And Amortization In Income Statement": 1100000.0,
        "Amortization": 1100000.0,
        "Amortization Of Intangibles Income Statement": 1100000.0,
        "Research And Development": 49400000.0,
        "Selling General And Administration": 74100000.0,
        "Gross Profit": 136100000.0,
        "Cost Of Revenue": 102100000.0,
        "Total Revenue": 238200000.0,
        "Operating Revenue": 238200000.0
    },
    "2024-12-31": {
        "Tax Effect Of Unusual Items": -252000.0,
        "Tax Rate For Calcs": 0.21,
        "Normalized EBITDA": 40800000.0,
        "Total Unusual Items": -1200000.0,
        "Total Unusual Items Excluding Goodwill": -1200000.0,
        "Net Income From Continuing Operation Net Minority Interest": 9100000.0,
        "Reconciled Depreciation": 14100000.0,
        "Reconciled Cost Of Revenue": 96900000.0,
        "EBITDA": 39600000.0,
        "EBIT": 25500000.0,
        "Net Interest Income": -3600000.0,
        "Interest Expense": 6900000.0,
        "Interest Income": 3900000.0,
        "Normalized Income": 10048000.0,
        "Net Income From Continuing And Discontinued Operation": 9100000.0,
        "Total Expenses": 247400000.0,
        "Total Operating Income As Reported": 22200000.0,
        "Diluted Average Shares": 224800000.0,
        "Basic Average Shares": 222000000.0,
        "Diluted EPS": 0.04,
        "Basic EPS": 0.04,
        "Diluted NI Availto Com Stockholders": 9100000.0,
        "Net Income Common Stockholders": 9100000.0,
        "Net Income": 9100000.0,
        "Net Income Including Noncontrolling Interests": 9100000.0,
        "Net Income Continuous Operations": 9100000.0,
        "Earnings From Equity Interest Net Of Tax": 0.0,
        "Tax Provision": 9500000.0,
        "Pretax Income": 18600000.0,
        "Other Income Expense": -1200000.0,
        "Special Income Charges": -1200000.0,
        "Other Special Charges": NaN,
        "Restructuring And Mergern Acquisition": 1200000.0,
        "Net Non Operating Interest Income Expense": -3600000.0,
        "Total Other Finance Cost": 600000.0,
        "Interest Expense Non Operating": 6900000.0,
        "Interest Income Non Operating": 3900000.0,
        "Operating Income": 23400000.0,
        "Operating Expense": 137400000.0,
        "Depreciation Amortization Depletion Income Statement": 1000000.0,
        "Depreciation And Amortization In Income Statement": 1000000.0,
        "Amortization": 1000000.0,
        "Amortization Of Intangibles Income Statement": 1000000.0,
        "Research And Development": 52100000.0,
        "Selling General And Administration": 84300000.0,
        "Gross Profit": 160800000.0,
        "Cost Of Revenue": 110000000.0,
        "Total Revenue": 270800000.0,
        "Operating Revenue": 270800000.0
    },
    "2025-03-31": {
        "Tax Effect Of Unusual Items": 63000.0,
        "Tax Rate For Calcs": 0.21,
        "Normalized EBITDA": 26400000.0,
        "Total Unusual Items": 300000.0,
        "Total Unusual Items Excluding Goodwill": 300000.0,
        "Net Income From Continuing Operation Net Minority Interest": 19500000.0,
        "Reconciled Depreciation": 16600000.0,
        "Reconciled Cost Of Revenue": 108700000.0,
        "EBITDA": 26700000.0,
        "EBIT": 10100000.0,
        "Net Interest Income": -5300000.0,
        "Interest Expense": 6900000.0,
        "Interest Income": 2200000.0,
        "Normalized Income": 19263000.0,
        "Net Income From Continuing And Discontinued Operation": 19500000.0,
        "Total Expenses": 276600000.0,
        "Total Operating Income As Reported": 8500000.0,
        "Diluted Average Shares": 226900000.0,
        "Basic Average Shares": 222600000.0,
        "Diluted EPS": 0.09,
        "Basic EPS": 0.09,
        "Diluted NI Availto Com Stockholders": 19500000.0,
        "Net Income Common Stockholders": 19500000.0,
        "Net Income": 19500000.0,
        "Net Income Including Noncontrolling Interests": 19500000.0,
        "Net Income Continuous Operations": 19500000.0,
        "Earnings From Equity Interest Net Of Tax": NaN,
        "Tax Provision": -16300000.0,
        "Pretax Income": 3200000.0,
        "Other Income Expense": 300000.0,
        "Special Income Charges": 300000.0,
        "Other Special Charges": NaN,
        "Restructuring And Mergern Acquisition": -300000.0,
        "Net Non Operating Interest Income Expense": -5300000.0,
        "Total Other Finance Cost": 600000.0,
        "Interest Expense Non Operating": 6900000.0,
        "Interest Income Non Operating": 2200000.0,
        "Operating Income": 8200000.0,
        "Operating Expense": 152500000.0,
        "Depreciation Amortization Depletion Income Statement": 1200000.0,
        "Depreciation And Amortization In Income Statement": 1200000.0,
        "Amortization": 1200000.0,
        "Amortization Of Intangibles Income Statement": 1200000.0,
        "Research And Development": 50000000.0,
        "Selling General And Administration": 101300000.0,
        "Gross Profit": 160700000.0,
        "Cost Of Revenue": 124100000.0,
        "Total Revenue": 284800000.0,
        "Operating Revenue": 284800000.0
    },
    "2025-06-30": {
        "Tax Effect Of Unusual Items": -343750.0,
        "Tax Rate For Calcs": 0.229167,
        "Normalized EBITDA": 35900000.0,
        "Total Unusual Items": -1500000.0,
        "Total Unusual Items Excluding Goodwill": -1500000.0,
        "Net Income From Continuing Operation Net Minority Interest": 8000000.0,
        "Reconciled Depreciation": 17900000.0,
        "Reconciled Cost Of Revenue": 110600000.0,
        "EBITDA": 34400000.0,
        "EBIT": 16500000.0,
        "Net Interest Income": -3700000.0,
        "Interest Expense": 6900000.0,
        "Interest Income": 3800000.0,
        "Normalized Income": 9156250.0,
        "Net Income From Continuing And Discontinued Operation": 8000000.0,
        "Total Expenses": 275400000.0,
        "Total Operating Income As Reported": 15300000.0,
        "Diluted Average Shares": 227000000.0,
        "Basic Average Shares": 223200000.0,
        "Diluted EPS": 0.04,
        "Basic EPS": 0.04,
        "Diluted NI Availto Com Stockholders": 8000000.0,
        "Net Income Common Stockholders": 8000000.0,
        "Net Income": 8000000.0,
        "Net Income Including Noncontrolling Interests": 8000000.0,
        "Net Income Continuous Operations": 8000000.0,
        "Earnings From Equity Interest Net Of Tax": NaN,
        "Tax Provision": 2200000.0,
        "Pretax Income": 9600000.0,
        "Other Income Expense": -1800000.0,
        "Special Income Charges": 200000.0,
        "Other Special Charges": NaN,
        "Restructuring And Mergern Acquisition": -200000.0,
        "Net Non Operating Interest Income Expense": -3700000.0,
        "Total Other Finance Cost": 600000.0,
        "Interest Expense Non Operating": 6900000.0,
        "Interest Income Non Operating": 3800000.0,
        "Operating Income": 15100000.0,
        "Operating Expense": 148400000.0,
        "Depreciation Amortization Depletion Income Statement": 1500000.0,
        "Depreciation And Amortization In Income Statement": 1500000.0,
        "Amortization": 1500000.0,
        "Amortization Of Intangibles Income Statement": 1500000.0,
        "Research And Development": 57200000.0,
        "Selling General And Administration": 89700000.0,
        "Gross Profit": 163500000.0,
        "Cost Of Revenue": 127000000.0,
        "Total Revenue": 290500000.0,
        "Operating Revenue": 290500000.0
    },
    "2025-09-30": {
        "Tax Effect Of Unusual Items": -735000.0,
        "Tax Rate For Calcs": 0.21,
        "Normalized EBITDA": 26100000.0,
        "Total Unusual Items": -3500000.0,
        "Total Unusual Items Excluding Goodwill": -3500000.0,
        "Net Income From Continuing Operation Net Minority Interest": -21400000.0,
        "Reconciled Depreciation": 18200000.0,
        "Reconciled Cost Of Revenue": 113400000.0,
        "EBITDA": 22600000.0,
        "EBIT": 4400000.0,
        "Net Interest Income": -6100000.0,
        "Interest Expense": 6700000.0,
        "Interest Income": 1300000.0,
        "Normalized Income": -18635000.0,
        "Net Income From Continuing And Discontinued Operation": -21400000.0,
        "Total Expenses": 291800000.0,
        "Total Operating Income As Reported": 7600000.0,
        "Diluted Average Shares": 222900000.0,
        "Basic Average Shares": 222900000.0,
        "Diluted EPS": -0.1,
        "Basic EPS": -0.1,
        "Diluted NI Availto Com Stockholders": -21400000.0,
        "Net Income Common Stockholders": -21400000.0,
        "Net Income": -21400000.0,
        "Net Income Including Noncontrolling Interests": -21400000.0,
        "Net Income Continuous Operations": -21400000.0,
        "Earnings From Equity Interest Net Of Tax": -100000.0,
        "Tax Provision": 19000000.0,
        "Pretax Income": -2300000.0,
        "Other Income Expense": -3500000.0,
        "Special Income Charges": -3500000.0,
        "Other Special Charges": 3800000.0,
        "Restructuring And Mergern Acquisition": -300000.0,
        "Net Non Operating Interest Income Expense": -6100000.0,
        "Total Other Finance Cost": 700000.0,
        "Interest Expense Non Operating": 6700000.0,
        "Interest Income Non Operating": 1300000.0,
        "Operating Income": 7300000.0,
        "Operating Expense": 161700000.0,
        "Depreciation Amortization Depletion Income Statement": 1500000.0,
        "Depreciation And Amortization In Income Statement": 1500000.0,
        "Amortization": 1500000.0,
        "Amortization Of Intangibles Income Statement": 1500000.0,
        "Research And Development": 56000000.0,
        "Selling General And Administration": 104200000.0,
        "Gross Profit": 169000000.0,
        "Cost Of Revenue": 130100000.0,
        "Total Revenue": 299100000.0,
        "Operating Revenue": 299100000.0
    },
    "2025-12-31": {
        "Tax Effect Of Unusual Items": -8106000.0,
        "Tax Rate For Calcs": 0.21,
        "Normalized EBITDA": 42800000.0,
        "Total Unusual Items": -38600000.0,
        "Total Unusual Items Excluding Goodwill": -38600000.0,
        "Net Income From Continuing Operation Net Minority Interest": -48100000.0,
        "Reconciled Depreciation": 28800000.0,
        "Reconciled Cost Of Revenue": 136200000.0,
        "EBITDA": 4200000.0,
        "EBIT": -24600000.0,
        "Net Interest Income": -11400000.0,
        "Interest Expense": 14100000.0,
        "Interest Income": 3900000.0,
        "Normalized Income": -17606000.0,
        "Net Income From Continuing And Discontinued Operation": -48100000.0,
        "Total Expenses": 358000000.0,
        "Total Operating Income As Reported": 11400000.0,
        "Diluted Average Shares": 223900000.0,
        "Basic Average Shares": 223900000.0,
        "Diluted EPS": -0.21,
        "Basic EPS": -0.21,
        "Diluted NI Availto Com Stockholders": -48100000.0,
        "Net Income Common Stockholders": -48100000.0,
        "Net Income": -48100000.0,
        "Net Income Including Noncontrolling Interests": -48100000.0,
        "Net Income Continuous Operations": -48100000.0,
        "Earnings From Equity Interest Net Of Tax": 300000.0,
        "Tax Provision": 9700000.0,
        "Pretax Income": -38700000.0,
        "Other Income Expense": -38600000.0,
        "Special Income Charges": -38600000.0,
        "Other Special Charges": 38700000.0,
        "Restructuring And Mergern Acquisition": -100000.0,
        "Net Non Operating Interest Income Expense": -11400000.0,
        "Total Other Finance Cost": 1200000.0,
        "Interest Expense Non Operating": 14100000.0,
        "Interest Income Non Operating": 3900000.0,
        "Operating Income": 11300000.0,
        "Operating Expense": 199300000.0,
        "Depreciation Amortization Depletion Income Statement": 6300000.0,
        "Depreciation And Amortization In Income Statement": 6300000.0,
        "Amortization": 6300000.0,
        "Amortization Of Intangibles Income Statement": 6300000.0,
        "Research And Development": 65900000.0,
        "Selling General And Administration": 127100000.0,
        "Gross Profit": 210600000.0,
        "Cost Of Revenue": 158700000.0,
        "Total Revenue": 369300000.0,
        "Operating Revenue": 369300000.0
    }
}