{
    "2023-06-30": {
        "Tax Effect Of Unusual Items": NaN,
        "Tax Rate For Calcs": NaN,
        "Normalized EBITDA": NaN,
        "Total Unusual Items": NaN,
        "Total Unusual Items Excluding Goodwill": NaN,
        "Net Income From Continuing Operation Net Minority Interest": NaN,
        "Reconciled Depreciation": NaN,
        "Reconciled Cost Of Revenue": NaN,
        "EBITDA": NaN,
        "EBIT": NaN,
        "Net Interest Income": NaN,
        "Interest Income": NaN,
        "Normalized Income": NaN,
        "Net Income From Continuing And Discontinued Operation": NaN,
        "Total Expenses": NaN,
        "Total Operating Income As Reported": NaN,
        "Diluted Average Shares": NaN,
        "Basic Average Shares": NaN,
        "Diluted EPS": NaN,
        "Basic EPS": NaN,
        "Diluted NI Availto Com Stockholders": NaN,
        "Net Income Common Stockholders": NaN,
        "Net Income": NaN,
        "Minority Interests": NaN,
        "Net Income Including Noncontrolling Interests": NaN,
        "Net Income Continuous Operations": NaN,
        "Tax Provision": NaN,
        "Pretax Income": NaN,
        "Other Income Expense": NaN,
        "Other Non Operating Income Expenses": NaN,
        "Special Income Charges": NaN,
        "Other Special Charges": NaN,
        "Gain On Sale Of Security": NaN,
        "Net Non Operating Interest Income Expense": NaN,
        "Total Other Finance Cost": -1785000.0,
        "Interest Income Non Operating": NaN,
        "Operating Income": NaN,
        "Operating Expense": NaN,
        "Research And Development": NaN,
        "Selling General And Administration": NaN,
        "Gross Profit": NaN,
        "Cost Of Revenue": NaN,
        "Total Revenue": NaN,
        "Operating Revenue": NaN
    },
    "2023-03-31": {
        "Tax Effect Of Unusual Items": NaN,
        "Tax Rate For Calcs": NaN,
        "Normalized EBITDA": NaN,
        "Total Unusual Items": NaN,
        "Total Unusual Items Excluding Goodwill": NaN,
        "Net Income From Continuing Operation Net Minority Interest": NaN,
        "Reconciled Depreciation": NaN,
        "Reconciled Cost Of Revenue": NaN,
        "EBITDA": NaN,
        "EBIT": NaN,
        "Net Interest Income": NaN,
        "Interest Income": 1732000.0,
        "Normalized Income": NaN,
        "Net Income From Continuing And Discontinued Operation": NaN,
        "Total Expenses": NaN,
        "Total Operating Income As Reported": NaN,
        "Diluted Average Shares": NaN,
        "Basic Average Shares": NaN,
        "Diluted EPS": NaN,
        "Basic EPS": NaN,
        "Diluted NI Availto Com Stockholders": NaN,
        "Net Income Common Stockholders": NaN,
        "Net Income": NaN,
        "Minority Interests": NaN,
        "Net Income Including Noncontrolling Interests": NaN,
        "Net Income Continuous Operations": NaN,
        "Tax Provision": NaN,
        "Pretax Income": NaN,
        "Other Income Expense": NaN,
        "Other Non Operating Income Expenses": NaN,
        "Special Income Charges": 0.0,
        "Other Special Charges": NaN,
        "Gain On Sale Of Security": NaN,
        "Net Non Operating Interest Income Expense": NaN,
        "Total Other Finance Cost": NaN,
        "Interest Income Non Operating": 1732000.0,
        "Operating Income": NaN,
        "Operating Expense": NaN,
        "Research And Development": NaN,
        "Selling General And Administration": NaN,
        "Gross Profit": NaN,
        "Cost Of Revenue": NaN,
        "Total Revenue": NaN,
        "Operating Revenue": NaN
    },
    "2022-12-31": {
        "Tax Effect Of Unusual Items": NaN,
        "Tax Rate For Calcs": NaN,
        "Normalized EBITDA": NaN,
        "Total Unusual Items": NaN,
        "Total Unusual Items Excluding Goodwill": NaN,
        "Net Income From Continuing Operation Net Minority Interest": NaN,
        "Reconciled Depreciation": NaN,
        "Reconciled Cost Of Revenue": NaN,
        "EBITDA": NaN,
        "EBIT": NaN,
        "Net Interest Income": NaN,
        "Interest Income": NaN,
        "Normalized Income": NaN,
        "Net Income From Continuing And Discontinued Operation": NaN,
        "Total Expenses": NaN,
        "Total Operating Income As Reported": NaN,
        "Diluted Average Shares": NaN,
        "Basic Average Shares": NaN,
        "Diluted EPS": NaN,
        "Basic EPS": NaN,
        "Diluted NI Availto Com Stockholders": NaN,
        "Net Income Common Stockholders": NaN,
        "Net Income": NaN,
        "Minority Interests": NaN,
        "Net Income Including Noncontrolling Interests": NaN,
        "Net Income Continuous Operations": NaN,
        "Tax Provision": NaN,
        "Pretax Income": NaN,
        "Other Income Expense": NaN,
        "Other Non Operating Income Expenses": NaN,
        "Special Income Charges": NaN,
        "Other Special Charges": 0.0,
        "Gain On Sale Of Security": NaN,
        "Net Non Operating Interest Income Expense": NaN,
        "Total Other Finance Cost": NaN,
        "Interest Income Non Operating": NaN,
        "Operating Income": NaN,
        "Operating Expense": NaN,
        "Research And Development": NaN,
        "Selling General And Administration": NaN,
        "Gross Profit": NaN,
        "Cost Of Revenue": NaN,
        "Total Revenue": NaN,
        "Operating Revenue": NaN
    },
    "2022-09-30": {
        "Tax Effect Of Unusual Items": NaN,
        "Tax Rate For Calcs": NaN,
        "Normalized EBITDA": NaN,
        "Total Unusual Items": NaN,
        "Total Unusual Items Excluding Goodwill": NaN,
        "Net Income From Continuing Operation Net Minority Interest": NaN,
        "Reconciled Depreciation": NaN,
        "Reconciled Cost Of Revenue": NaN,
        "EBITDA": NaN,
        "EBIT": NaN,
        "Net Interest Income": NaN,
        "Interest Expense": 315000.0,
        "Interest Income": NaN,
        "Normalized Income": NaN,
        "Net Income From Continuing And Discontinued Operation": NaN,
        "Total Expenses": NaN,
        "Total Operating Income As Reported": NaN,
        "Diluted Average Shares": NaN,
        "Basic Average Shares": NaN,
        "Diluted EPS": NaN,
        "Basic EPS": NaN,
        "Diluted NI Availto Com Stockholders": NaN,
        "Net Income Common Stockholders": NaN,
        "Net Income": NaN,
        "Minority Interests": NaN,
        "Net Income Including Noncontrolling Interests": NaN,
        "Net Income Continuous Operations": NaN,
        "Tax Provision": NaN,
        "Pretax Income": NaN,
        "Other Income Expense": NaN,
        "Other Non Operating Income Expenses": NaN,
        "Special Income Charges": NaN,
        "Other Special Charges": 6500000.0,
        "Gain On Sale Of Security": NaN,
        "Net Non Operating Interest Income Expense": NaN,
        "Total Other Finance Cost": 315000.0,
        "Interest Expense Non Operating": 315000.0,
        "Interest Income Non Operating": NaN,
        "Operating Income": NaN,
        "Operating Expense": NaN,
        "Research And Development": NaN,
        "Selling General And Administration": NaN,
        "Gross Profit": NaN,
        "Cost Of Revenue": NaN,
        "Total Revenue": NaN,
        "Operating Revenue": NaN
    },
    "2022-06-30": {
        "Tax Effect Of Unusual Items": 0.0,
        "Tax Rate For Calcs": 0.070462,
        "Normalized EBITDA": 11298000.0,
        "Total Unusual Items": -396000.0,
        "Total Unusual Items Excluding Goodwill": -396000.0,
        "Net Income From Continuing Operation Net Minority Interest": 10593000.0,
        "Reconciled Depreciation": 3369000.0,
        "Reconciled Cost Of Revenue": 55337000.0,
        "EBITDA": 11298000.0,
        "EBIT": 11298000.0,
        "Net Interest Income": 274000.0,
        "Interest Income": 274000.0,
        "Normalized Income": 10593000.0,
        "Net Income From Continuing And Discontinued Operation": 10593000.0,
        "Total Expenses": 90888000.0,
        "Total Operating Income As Reported": 11298000.0,
        "Diluted Average Shares": 44866000.0,
        "Basic Average Shares": 43973000.0,
        "Diluted EPS": 0.24,
        "Basic EPS": 0.24,
        "Diluted NI Availto Com Stockholders": 10593000.0,
        "Net Income Common Stockholders": 10593000.0,
        "Net Income": 10593000.0,
        "Minority Interests": 13000.0,
        "Net Income Including Noncontrolling Interests": 10580000.0,
        "Net Income Continuous Operations": 10580000.0,
        "Tax Provision": 802000.0,
        "Pretax Income": 11382000.0,
        "Other Income Expense": 84000.0,
        "Other Non Operating Income Expenses": 84000.0,
        "Special Income Charges": NaN,
        "Other Special Charges": NaN,
        "Gain On Sale Of Security": -396000.0,
        "Net Non Operating Interest Income Expense": 274000.0,
        "Total Other Finance Cost": NaN,
        "Interest Income Non Operating": 274000.0,
        "Operating Income": 11298000.0,
        "Operating Expense": 35551000.0,
        "Research And Development": 15516000.0,
        "Selling General And Administration": 20035000.0,
        "Gross Profit": 46849000.0,
        "Cost Of Revenue": 55337000.0,
        "Total Revenue": 102186000.0,
        "Operating Revenue": 102186000.0
    },
    "2022-03-31": {
        "Diluted EPS": 0.11,
        "Total Revenue": 88,
        "Gross Profit": 38,
        "Operating Income": 5,
        "EBIT": 8,
        "Net Income": 5
    },
    "2021-12-31": {
        "Diluted EPS": 0.2,
        "Total Revenue": 90,
        "Gross Profit": 41,
        "Operating Income": 9,
        "EBIT": 12,
        "Net Income": 9
    },
    "2021-09-30": {
        "Diluted EPS": 0.29,
        "Total Revenue": 85,
        "Gross Profit": 43,
        "Operating Income": 12,
        "EBIT": 15,
        "Net Income": 13
    },
    "2021-06-30": {
        "Diluted EPS": 0.43,
        "Total Revenue": 95,
        "Gross Profit": 50,
        "Operating Income": 20,
        "EBIT": 23,
        "Net Income": 19
    },
    "2021-03-31": {
        "Diluted EPS": 0.34,
        "Total Revenue": 89,
        "Gross Profit": 45,
        "Operating Income": 15,
        "EBIT": 18,
        "Net Income": 15
    },
    "2020-12-31": {
        "Diluted EPS": 0.26,
        "Total Revenue": 84,
        "Gross Profit": 40,
        "Operating Income": 12,
        "EBIT": 14,
        "Net Income": 11
    },
    "2020-09-30": {
        "Diluted EPS": 0.13,
        "Total Revenue": 78,
        "Gross Profit": 33,
        "Operating Income": 6,
        "EBIT": 9,
        "Net Income": 6
    },
    "2020-06-30": {
        "Diluted EPS": 0.06,
        "Total Revenue": 71,
        "Gross Profit": 30,
        "Operating Income": 2,
        "EBIT": 5,
        "Net Income": 3
    },
    "2020-03-31": {
        "Diluted EPS": -0.04,
        "Total Revenue": 63,
        "Gross Profit": 27,
        "Operating Income": -2,
        "EBIT": 0,
        "Net Income": -2
    },
    "2019-12-31": {
        "Diluted EPS": 0.04,
        "Total Revenue": 63,
        "Gross Profit": 30,
        "Operating Income": 1,
        "EBIT": 4,
        "Net Income": 1
    },
    "2019-09-30": {
        "Diluted EPS": 0.14,
        "Total Revenue": 71,
        "Gross Profit": 33,
        "Operating Income": 6,
        "EBIT": 9,
        "Net Income": 6
    },
    "2019-06-30": {
        "Diluted EPS": 0.06,
        "Total Revenue": 63,
        "Gross Profit": 29,
        "Operating Income": 2,
        "EBIT": 5,
        "Net Income": 3
    },
    "2019-03-31": {
        "Diluted EPS": 0.1,
        "Total Revenue": 66,
        "Gross Profit": 31,
        "Operating Income": 4,
        "EBIT": 7,
        "Net Income": 4
    },
    "2018-12-31": {
        "Diluted EPS": 0.17,
        "Total Revenue": 74,
        "Gross Profit": 34,
        "Operating Income": 7,
        "EBIT": 9,
        "Net Income": 7
    },
    "2018-09-30": {
        "Diluted EPS": 0.32,
        "Total Revenue": 78,
        "Gross Profit": 39,
        "Operating Income": 13,
        "EBIT": 15,
        "Net Income": 13
    },
    "2018-06-30": {
        "Diluted EPS": 0.19,
        "Total Revenue": 74,
        "Gross Profit": 36,
        "Operating Income": 8,
        "EBIT": 11,
        "Net Income": 8
    },
    "2018-03-31": {
        "Diluted EPS": 0.1,
        "Total Revenue": 65,
        "Gross Profit": 30,
        "Operating Income": 4,
        "EBIT": 6,
        "Net Income": 4
    },
    "2017-12-31": {
        "Diluted EPS": 0.03,
        "Total Revenue": 59,
        "Gross Profit": 27,
        "Operating Income": 0,
        "EBIT": 3,
        "Net Income": 2
    },
    "2017-09-30": {
        "Diluted EPS": 0.0,
        "Total Revenue": 57,
        "Gross Profit": 25,
        "Operating Income": 0,
        "EBIT": 2,
        "Net Income": 0
    },
    "2017-06-30": {
        "Diluted EPS": -0.01,
        "Total Revenue": 58,
        "Gross Profit": 26,
        "Operating Income": -1,
        "EBIT": 2,
        "Net Income": 0
    },
    "2017-03-31": {
        "Diluted EPS": -0.02,
        "Total Revenue": 54,
        "Gross Profit": 24,
        "Operating Income": -1,
        "EBIT": 1,
        "Net Income": -1
    },
    "2016-12-31": {
        "Diluted EPS": -0.07,
        "Total Revenue": 48,
        "Gross Profit": 21,
        "Operating Income": -3,
        "EBIT": -1,
        "Net Income": -3
    },
    "2016-09-30": {
        "Diluted EPS": 0.06,
        "Total Revenue": 53,
        "Gross Profit": 26,
        "Operating Income": 2,
        "EBIT": 4,
        "Net Income": 2
    },
    "2016-06-30": {
        "Diluted EPS": -0.01,
        "Total Revenue": 53,
        "Gross Profit": 24,
        "Operating Income": -1,
        "EBIT": 2,
        "Net Income": -1
    },
    "2016-03-31": {
        "Diluted EPS": -0.14,
        "Total Revenue": 46,
        "Gross Profit": 19,
        "Operating Income": -5,
        "EBIT": -3,
        "Net Income": -5
    },
    "2015-12-31": {
        "Diluted EPS": -0.04,
        "Total Revenue": 51,
        "Gross Profit": 23,
        "Operating Income": -2,
        "EBIT": 0,
        "Net Income": -2
    },
    "2015-09-30": {
        "Diluted EPS": 0.06,
        "Total Revenue": 49,
        "Gross Profit": 21,
        "Operating Income": -2,
        "EBIT": 0,
        "Net Income": 3
    },
    "2015-06-30": {
        "Diluted EPS": 0.02,
        "Total Revenue": 56,
        "Gross Profit": 27,
        "Operating Income": 1,
        "EBIT": 3,
        "Net Income": 1
    },
    "2015-03-31": {
        "Diluted EPS": 0.09,
        "Total Revenue": 64,
        "Gross Profit": 29,
        "Operating Income": 4,
        "EBIT": 6,
        "Net Income": 3
    },
    "2014-12-31": {
        "Diluted EPS": 0.01,
        "Total Revenue": 61,
        "Gross Profit": 26,
        "Operating Income": 0,
        "EBIT": 2,
        "Net Income": 0
    },
    "2014-09-30": {
        "Diluted EPS": -0.1,
        "Total Revenue": 58,
        "Gross Profit": 26,
        "Operating Income": -4,
        "EBIT": -2,
        "Net Income": -4
    },
    "2014-06-30": {
        "Diluted EPS": -0.13,
        "Total Revenue": 53,
        "Gross Profit": 23,
        "Operating Income": -5,
        "EBIT": -3,
        "Net Income": -5
    },
    "2014-03-31": {
        "Diluted EPS": -0.14,
        "Total Revenue": 53,
        "Gross Profit": 23,
        "Operating Income": -5,
        "EBIT": -3,
        "Net Income": -5
    },
    "2013-12-31": {
        "Diluted EPS": -0.34,
        "Total Revenue": 55,
        "Gross Profit": 23,
        "Operating Income": -4,
        "EBIT": -1,
        "Net Income": -13
    },
    "2013-09-30": {
        "Diluted EPS": -0.02,
        "Total Revenue": 55,
        "Gross Profit": 23,
        "Operating Income": -1,
        "EBIT": 1,
        "Net Income": -1
    },
    "2013-06-30": {
        "Diluted EPS": -0.12,
        "Total Revenue": 47,
        "Gross Profit": 18,
        "Operating Income": -7,
        "EBIT": -4,
        "Net Income": -5
    },
    "2013-03-31": {
        "Diluted EPS": -0.12,
        "Total Revenue": 42,
        "Gross Profit": 17,
        "Operating Income": -8,
        "EBIT": -6,
        "Net Income": -5
    },
    "2012-12-31": {
        "Diluted EPS": -0.13,
        "Total Revenue": 50,
        "Gross Profit": 20,
        "Operating Income": -4,
        "EBIT": -2,
        "Net Income": -5
    },
    "2012-09-30": {
        "Diluted EPS": 0.01,
        "Total Revenue": 53,
        "Gross Profit": 23,
        "Operating Income": 0,
        "EBIT": 3,
        "Net Income": 0
    },
    "2012-06-30": {
        "Diluted EPS": 0.01,
        "Total Revenue": 55,
        "Gross Profit": 24,
        "Operating Income": 1,
        "EBIT": 3,
        "Net Income": 0
    },
    "2012-03-31": {
        "Diluted EPS": 0.01,
        "Total Revenue": 60,
        "Gross Profit": 24,
        "Operating Income": 0,
        "EBIT": 3,
        "Net Income": 0
    },
    "2011-12-31": {
        "Diluted EPS": 0.01,
        "Total Revenue": 59,
        "Gross Profit": 24,
        "Operating Income": 1,
        "EBIT": 4,
        "Net Income": 1
    },
    "2011-09-30": {
        "Diluted EPS": 0.03,
        "Total Revenue": 59,
        "Gross Profit": 24,
        "Operating Income": 2,
        "EBIT": 4,
        "Net Income": 1
    },
    "2011-06-30": {
        "Diluted EPS": 0.07,
        "Total Revenue": 65,
        "Gross Profit": 27,
        "Operating Income": 4,
        "EBIT": 7,
        "Net Income": 3
    },
    "2011-03-31": {
        "Diluted EPS": 0.1,
        "Total Revenue": 70,
        "Gross Profit": 30,
        "Operating Income": 6,
        "EBIT": 9,
        "Net Income": 4
    },
    "2010-12-31": {
        "Diluted EPS": 0.26,
        "Total Revenue": 73,
        "Gross Profit": 33,
        "Operating Income": 11,
        "EBIT": 13,
        "Net Income": 11
    },
    "2010-09-30": {
        "Diluted EPS": 0.38,
        "Total Revenue": 69,
        "Gross Profit": 32,
        "Operating Income": 11,
        "EBIT": 14,
        "Net Income": 16
    },
    "2010-06-30": {
        "Diluted EPS": 0.11,
        "Total Revenue": 57,
        "Gross Profit": 26,
        "Operating Income": 5,
        "EBIT": 7,
        "Net Income": 5
    },
    "2010-03-31": {
        "Diluted EPS": 0.05,
        "Total Revenue": 52,
        "Gross Profit": 23,
        "Operating Income": 3,
        "EBIT": 5,
        "Net Income": 2
    },
    "2009-12-31": {
        "Diluted EPS": 0.06,
        "Total Revenue": 49,
        "Gross Profit": 22,
        "Operating Income": 3,
        "EBIT": 5,
        "Net Income": 2
    },
    "2009-09-30": {
        "Diluted EPS": 0.04,
        "Total Revenue": 48,
        "Gross Profit": 21,
        "Operating Income": 2,
        "EBIT": 4,
        "Net Income": 2
    },
    "2009-06-30": {
        "Diluted EPS": 0.03,
        "Total Revenue": 51,
        "Gross Profit": 23,
        "Operating Income": 2,
        "EBIT": 5,
        "Net Income": 1
    },
    "2009-03-31": {
        "Diluted EPS": -0.06,
        "Total Revenue": 50,
        "Gross Profit": 22,
        "Operating Income": -2,
        "EBIT": 1,
        "Net Income": -3
    },
    "2023-09-30": {
        "Tax Effect Of Unusual Items": NaN,
        "Tax Rate For Calcs": NaN,
        "Normalized EBITDA": NaN,
        "Total Unusual Items": NaN,
        "Total Unusual Items Excluding Goodwill": NaN,
        "Net Income From Continuing Operation Net Minority Interest": NaN,
        "Reconciled Depreciation": NaN,
        "Reconciled Cost Of Revenue": NaN,
        "EBITDA": NaN,
        "EBIT": NaN,
        "Net Interest Income": NaN,
        "Interest Income": NaN,
        "Normalized Income": NaN,
        "Net Income From Continuing And Discontinued Operation": NaN,
        "Total Expenses": NaN,
        "Total Operating Income As Reported": NaN,
        "Diluted Average Shares": 45187000.0,
        "Basic Average Shares": 44433000.0,
        "Diluted EPS": 0.37,
        "Basic EPS": 0.37,
        "Diluted NI Availto Com Stockholders": NaN,
        "Net Income Common Stockholders": NaN,
        "Net Income": NaN,
        "Minority Interests": NaN,
        "Net Income Including Noncontrolling Interests": NaN,
        "Net Income Continuous Operations": NaN,
        "Tax Provision": NaN,
        "Pretax Income": NaN,
        "Other Income Expense": NaN,
        "Other Non Operating Income Expenses": NaN,
        "Special Income Charges": NaN,
        "Other Special Charges": NaN,
        "Gain On Sale Of Security": NaN,
        "Net Non Operating Interest Income Expense": NaN,
        "Total Other Finance Cost": NaN,
        "Interest Income Non Operating": NaN,
        "Operating Income": NaN,
        "Operating Expense": NaN,
        "Research And Development": NaN,
        "Selling General And Administration": NaN,
        "Gross Profit": NaN,
        "Cost Of Revenue": NaN,
        "Total Revenue": NaN,
        "Operating Revenue": NaN
    },
    "2023-12-31": {
        "Tax Effect Of Unusual Items": 55517.371601,
        "Tax Rate For Calcs": 0.182024,
        "Normalized EBITDA": 11082000.0,
        "Total Unusual Items": 305000.0,
        "Total Unusual Items Excluding Goodwill": 305000.0,
        "Net Income From Continuing Operation Net Minority Interest": 8668000.0,
        "Reconciled Depreciation": 4038000.0,
        "Reconciled Cost Of Revenue": 45308000.0,
        "EBITDA": 11387000.0,
        "EBIT": 7349000.0,
        "Net Interest Income": 2717000.0,
        "Interest Income": 2717000.0,
        "Normalized Income": 8418517.371601,
        "Net Income From Continuing And Discontinued Operation": 8668000.0,
        "Total Expenses": 85303000.0,
        "Total Operating Income As Reported": 7349000.0,
        "Diluted Average Shares": 45017000.0,
        "Basic Average Shares": 44455000.0,
        "Diluted EPS": 0.19,
        "Basic EPS": 0.19,
        "Diluted NI Availto Com Stockholders": 8668000.0,
        "Net Income Common Stockholders": 8668000.0,
        "Net Income": 8668000.0,
        "Minority Interests": 4000.0,
        "Net Income Including Noncontrolling Interests": 8664000.0,
        "Net Income Continuous Operations": 8664000.0,
        "Tax Provision": 1928000.0,
        "Pretax Income": 10592000.0,
        "Other Income Expense": 526000.0,
        "Other Non Operating Income Expenses": 221000.0,
        "Special Income Charges": 0.0,
        "Other Special Charges": NaN,
        "Gain On Sale Of Security": 305000.0,
        "Net Non Operating Interest Income Expense": 2717000.0,
        "Total Other Finance Cost": NaN,
        "Interest Income Non Operating": 2717000.0,
        "Operating Income": 7349000.0,
        "Operating Expense": 39995000.0,
        "Research And Development": 17301000.0,
        "Selling General And Administration": 22694000.0,
        "Gross Profit": 47344000.0,
        "Cost Of Revenue": 45308000.0,
        "Total Revenue": 92652000.0,
        "Operating Revenue": 92652000.0
    },
    "2024-03-31": {
        "Tax Effect Of Unusual Items": -3670590.0,
        "Tax Rate For Calcs": 0.21,
        "Normalized EBITDA": 23178000.0,
        "Total Unusual Items": -17479000.0,
        "Total Unusual Items Excluding Goodwill": -17479000.0,
        "Net Income From Continuing Operation Net Minority Interest": -14473000.0,
        "Reconciled Depreciation": 4614000.0,
        "Reconciled Cost Of Revenue": 38749000.0,
        "EBITDA": 5699000.0,
        "EBIT": 1085000.0,
        "Net Interest Income": 2787000.0,
        "Interest Income": 2787000.0,
        "Normalized Income": -664590.0,
        "Net Income From Continuing And Discontinued Operation": -14473000.0,
        "Total Expenses": 82787000.0,
        "Total Operating Income As Reported": -16115000.0,
        "Diluted Average Shares": 44516000.0,
        "Basic Average Shares": 44516000.0,
        "Diluted EPS": -0.33,
        "Basic EPS": -0.33,
        "Diluted NI Availto Com Stockholders": -14473000.0,
        "Net Income Common Stockholders": -14473000.0,
        "Net Income": -14473000.0,
        "Minority Interests": -11000.0,
        "Net Income Including Noncontrolling Interests": -14462000.0,
        "Net Income Continuous Operations": -14462000.0,
        "Tax Provision": 1071000.0,
        "Pretax Income": -13391000.0,
        "Other Income Expense": -17263000.0,
        "Other Non Operating Income Expenses": 216000.0,
        "Special Income Charges": -17200000.0,
        "Other Special Charges": 17200000.0,
        "Gain On Sale Of Security": -279000.0,
        "Net Non Operating Interest Income Expense": 2787000.0,
        "Total Other Finance Cost": NaN,
        "Interest Income Non Operating": 2787000.0,
        "Operating Income": 1085000.0,
        "Operating Expense": 44038000.0,
        "Research And Development": 18039000.0,
        "Selling General And Administration": 25999000.0,
        "Gross Profit": 45123000.0,
        "Cost Of Revenue": 38749000.0,
        "Total Revenue": 83872000.0,
        "Operating Revenue": 83872000.0
    },
    "2024-06-30": {
        "Tax Effect Of Unusual Items": -521850.0,
        "Tax Rate For Calcs": 0.21,
        "Normalized EBITDA": 9660000.0,
        "Total Unusual Items": -2485000.0,
        "Total Unusual Items Excluding Goodwill": -2485000.0,
        "Net Income From Continuing Operation Net Minority Interest": -1196000.0,
        "Reconciled Depreciation": 4661000.0,
        "Reconciled Cost Of Revenue": 43083000.0,
        "EBITDA": 7175000.0,
        "EBIT": 2514000.0,
        "Net Interest Income": 2810000.0,
        "Interest Income": 2810000.0,
        "Normalized Income": 767150.0,
        "Net Income From Continuing And Discontinued Operation": -1196000.0,
        "Total Expenses": 83340000.0,
        "Total Operating Income As Reported": 214000.0,
        "Diluted Average Shares": 44855000.0,
        "Basic Average Shares": 44855000.0,
        "Diluted EPS": -0.03,
        "Basic EPS": -0.03,
        "Diluted NI Availto Com Stockholders": -1196000.0,
        "Net Income Common Stockholders": -1196000.0,
        "Net Income": -1196000.0,
        "Minority Interests": -1000.0,
        "Net Income Including Noncontrolling Interests": -1195000.0,
        "Net Income Continuous Operations": -1195000.0,
        "Tax Provision": 4216000.0,
        "Pretax Income": 3021000.0,
        "Other Income Expense": -2303000.0,
        "Other Non Operating Income Expenses": 182000.0,
        "Special Income Charges": -2300000.0,
        "Other Special Charges": 2300000.0,
        "Gain On Sale Of Security": -185000.0,
        "Net Non Operating Interest Income Expense": 2810000.0,
        "Total Other Finance Cost": NaN,
        "Interest Income Non Operating": 2810000.0,
        "Operating Income": 2514000.0,
        "Operating Expense": 40257000.0,
        "Research And Development": 16939000.0,
        "Selling General And Administration": 23318000.0,
        "Gross Profit": 42771000.0,
        "Cost Of Revenue": 43083000.0,
        "Total Revenue": 85854000.0,
        "Operating Revenue": 85854000.0
    },
    "2024-09-30": {
        "Tax Effect Of Unusual Items": 84840.0,
        "Tax Rate For Calcs": 0.21,
        "Normalized EBITDA": 9723000.0,
        "Total Unusual Items": 404000.0,
        "Total Unusual Items Excluding Goodwill": 404000.0,
        "Net Income From Continuing Operation Net Minority Interest": 11552000.0,
        "Reconciled Depreciation": 4741000.0,
        "Reconciled Cost Of Revenue": 47422000.0,
        "EBITDA": 10127000.0,
        "EBIT": 5386000.0,
        "Net Interest Income": 3032000.0,
        "Interest Income": 3032000.0,
        "Normalized Income": 11232840.0,
        "Net Income From Continuing And Discontinued Operation": 11552000.0,
        "Total Expenses": 87780000.0,
        "Total Operating Income As Reported": 5386000.0,
        "Diluted Average Shares": 45174000.0,
        "Basic Average Shares": 45117000.0,
        "Diluted EPS": 0.26,
        "Basic EPS": 0.26,
        "Diluted NI Availto Com Stockholders": 11552000.0,
        "Net Income Common Stockholders": 11552000.0,
        "Net Income": 11552000.0,
        "Minority Interests": -2000.0,
        "Net Income Including Noncontrolling Interests": 11554000.0,
        "Net Income Continuous Operations": 11554000.0,
        "Tax Provision": -2455000.0,
        "Pretax Income": 9099000.0,
        "Other Income Expense": 681000.0,
        "Other Non Operating Income Expenses": 277000.0,
        "Special Income Charges": 0.0,
        "Other Special Charges": NaN,
        "Gain On Sale Of Security": 404000.0,
        "Net Non Operating Interest Income Expense": 3032000.0,
        "Total Other Finance Cost": NaN,
        "Interest Income Non Operating": 3032000.0,
        "Operating Income": 5386000.0,
        "Operating Expense": 40358000.0,
        "Research And Development": 16960000.0,
        "Selling General And Administration": 23398000.0,
        "Gross Profit": 45744000.0,
        "Cost Of Revenue": 47422000.0,
        "Total Revenue": 93166000.0,
        "Operating Revenue": 93166000.0
    },
    "2024-12-31": {
        "Tax Effect Of Unusual Items": -72460.622555,
        "Tax Rate For Calcs": 0.128933,
        "Normalized EBITDA": 14377000.0,
        "Total Unusual Items": -562000.0,
        "Total Unusual Items Excluding Goodwill": -562000.0,
        "Net Income From Continuing Operation Net Minority Interest": 10246000.0,
        "Reconciled Depreciation": 4610000.0,
        "Reconciled Cost Of Revenue": 45806000.0,
        "EBITDA": 13815000.0,
        "EBIT": 9205000.0,
        "Net Interest Income": 2843000.0,
        "Interest Income": 2843000.0,
        "Normalized Income": 10735539.377445,
        "Net Income From Continuing And Discontinued Operation": 10246000.0,
        "Total Expenses": 86961000.0,
        "Total Operating Income As Reported": 9205000.0,
        "Diluted Average Shares": NaN,
        "Basic Average Shares": NaN,
        "Diluted EPS": NaN,
        "Basic EPS": NaN,
        "Diluted NI Availto Com Stockholders": 10246000.0,
        "Net Income Common Stockholders": 10246000.0,
        "Net Income": 10246000.0,
        "Minority Interests": 4000.0,
        "Net Income Including Noncontrolling Interests": 10242000.0,
        "Net Income Continuous Operations": 10242000.0,
        "Tax Provision": 1516000.0,
        "Pretax Income": 11758000.0,
        "Other Income Expense": -290000.0,
        "Other Non Operating Income Expenses": 272000.0,
        "Special Income Charges": 0.0,
        "Other Special Charges": 0.0,
        "Gain On Sale Of Security": -562000.0,
        "Net Non Operating Interest Income Expense": 2843000.0,
        "Total Other Finance Cost": NaN,
        "Interest Income Non Operating": 2843000.0,
        "Operating Income": 9205000.0,
        "Operating Expense": 41155000.0,
        "Research And Development": 16984000.0,
        "Selling General And Administration": 24171000.0,
        "Gross Profit": 50360000.0,
        "Cost Of Revenue": 45806000.0,
        "Total Revenue": 96166000.0,
        "Operating Revenue": 96166000.0
    }
}