{
    "2023-03-31": {
        "Tax Effect Of Unusual Items": -785820.0,
        "Tax Rate For Calcs": 0.21,
        "Normalized EBITDA": -54597000.0,
        "Total Unusual Items": -3742000.0,
        "Total Unusual Items Excluding Goodwill": -3742000.0,
        "Net Income From Continuing Operation Net Minority Interest": -67289000.0,
        "Reconciled Depreciation": 5771000.0,
        "Reconciled Cost Of Revenue": 40213000.0,
        "EBITDA": -58339000.0,
        "EBIT": -64110000.0,
        "Net Interest Income": -3161000.0,
        "Interest Expense": 3161000.0,
        "Normalized Income": -64332820.0,
        "Net Income From Continuing And Discontinued Operation": -67289000.0,
        "Total Expenses": 78554000.0,
        "Total Operating Income As Reported": -64455000.0,
        "Diluted Average Shares": 3937509.0,
        "Basic Average Shares": 3937509.0,
        "Diluted EPS": -16.8,
        "Basic EPS": -16.8,
        "Diluted NI Availto Com Stockholders": -67289000.0,
        "Net Income Common Stockholders": -67289000.0,
        "Net Income": -67289000.0,
        "Net Income Including Noncontrolling Interests": -67289000.0,
        "Net Income Continuous Operations": -67289000.0,
        "Tax Provision": 18000.0,
        "Pretax Income": -67271000.0,
        "Other Income Expense": -3904000.0,
        "Other Non Operating Income Expenses": -162000.0,
        "Special Income Charges": -4249000.0,
        "Write Off": NaN,
        "Impairment Of Capital Assets": NaN,
        "Restructuring And Mergern Acquisition": 4249000.0,
        "Gain On Sale Of Security": 507000.0,
        "Net Non Operating Interest Income Expense": -3161000.0,
        "Interest Expense Non Operating": 3161000.0,
        "Operating Income": -60206000.0,
        "Operating Expense": 38341000.0,
        "Research And Development": 12941000.0,
        "Selling General And Administration": 25400000.0,
        "Gross Profit": -21865000.0,
        "Cost Of Revenue": 40213000.0,
        "Total Revenue": 18348000.0,
        "Operating Revenue": 18348000.0
    },
    "2022-12-31": {
        "Tax Effect Of Unusual Items": -1747830.0,
        "Tax Rate For Calcs": 0.21,
        "Normalized EBITDA": -72613000.0,
        "Total Unusual Items": -8323000.0,
        "Total Unusual Items Excluding Goodwill": -8323000.0,
        "Net Income From Continuing Operation Net Minority Interest": -89766000.0,
        "Reconciled Depreciation": 6158000.0,
        "Reconciled Cost Of Revenue": 73938000.0,
        "EBITDA": -80936000.0,
        "EBIT": -87094000.0,
        "Net Interest Income": -2602000.0,
        "Interest Expense": 2602000.0,
        "Normalized Income": -83190830.0,
        "Net Income From Continuing And Discontinued Operation": -89766000.0,
        "Total Expenses": 122901000.0,
        "Total Operating Income As Reported": -87760000.0,
        "Diluted Average Shares": 3648826.0,
        "Basic Average Shares": 3648826.0,
        "Diluted EPS": -24.6,
        "Basic EPS": -24.6,
        "Diluted NI Availto Com Stockholders": -89766000.0,
        "Net Income Common Stockholders": -89766000.0,
        "Net Income": -89766000.0,
        "Net Income Including Noncontrolling Interests": -89766000.0,
        "Net Income Continuous Operations": -89766000.0,
        "Tax Provision": 70000.0,
        "Pretax Income": -89696000.0,
        "Other Income Expense": -8431000.0,
        "Other Non Operating Income Expenses": -108000.0,
        "Special Income Charges": -9097000.0,
        "Write Off": NaN,
        "Impairment Of Capital Assets": NaN,
        "Restructuring And Mergern Acquisition": NaN,
        "Gain On Sale Of Security": 774000.0,
        "Net Non Operating Interest Income Expense": -2602000.0,
        "Interest Expense Non Operating": 2602000.0,
        "Operating Income": -78663000.0,
        "Operating Expense": 48963000.0,
        "Research And Development": 14163000.0,
        "Selling General And Administration": 34800000.0,
        "Gross Profit": -29700000.0,
        "Cost Of Revenue": 73938000.0,
        "Total Revenue": 44238000.0,
        "Operating Revenue": 44238000.0
    },
    "2022-09-30": {
        "Tax Effect Of Unusual Items": 47460.0,
        "Tax Rate For Calcs": 0.21,
        "Normalized EBITDA": -82210000.0,
        "Total Unusual Items": 226000.0,
        "Total Unusual Items Excluding Goodwill": 226000.0,
        "Net Income From Continuing Operation Net Minority Interest": -82065000.0,
        "Reconciled Depreciation": 5923000.0,
        "Reconciled Cost Of Revenue": 49126000.0,
        "EBITDA": -81984000.0,
        "EBIT": -81984000.0,
        "Net Interest Income": -58000.0,
        "Interest Expense": 58000.0,
        "Normalized Income": -82243540.0,
        "Net Income From Continuing And Discontinued Operation": -82065000.0,
        "Total Expenses": 105854000.0,
        "Total Operating Income As Reported": -82092000.0,
        "Diluted Average Shares": 3579584.0,
        "Basic Average Shares": 3579584.0,
        "Diluted EPS": -22.93,
        "Basic EPS": -22.93,
        "Diluted NI Availto Com Stockholders": -82065000.0,
        "Net Income Common Stockholders": -82065000.0,
        "Net Income": -82065000.0,
        "Net Income Including Noncontrolling Interests": -82065000.0,
        "Net Income Continuous Operations": -82065000.0,
        "Tax Provision": 23000.0,
        "Pretax Income": -82042000.0,
        "Other Income Expense": 108000.0,
        "Other Non Operating Income Expenses": -118000.0,
        "Special Income Charges": 0.0,
        "Write Off": NaN,
        "Impairment Of Capital Assets": NaN,
        "Restructuring And Mergern Acquisition": NaN,
        "Gain On Sale Of Security": 226000.0,
        "Net Non Operating Interest Income Expense": -58000.0,
        "Interest Expense Non Operating": 58000.0,
        "Operating Income": -82092000.0,
        "Operating Expense": 56728000.0,
        "Research And Development": 15554000.0,
        "Selling General And Administration": 41174000.0,
        "Gross Profit": -25364000.0,
        "Cost Of Revenue": 49126000.0,
        "Total Revenue": 23762000.0,
        "Operating Revenue": 23762000.0
    },
    "2022-06-30": {
        "Tax Effect Of Unusual Items": 761600.0,
        "Tax Rate For Calcs": 0.4,
        "Normalized EBITDA": -78768000.0,
        "Total Unusual Items": 1904000.0,
        "Total Unusual Items Excluding Goodwill": 1904000.0,
        "Net Income From Continuing Operation Net Minority Interest": -82886000.0,
        "Reconciled Depreciation": 5923000.0,
        "Reconciled Cost Of Revenue": 39531000.0,
        "EBITDA": -76864000.0,
        "EBIT": -82787000.0,
        "Net Interest Income": -69000.0,
        "Interest Expense": 69000.0,
        "Normalized Income": -84028400.0,
        "Net Income From Continuing And Discontinued Operation": -82886000.0,
        "Total Expenses": 101194000.0,
        "Total Operating Income As Reported": -84878000.0,
        "Diluted Average Shares": 3570887.0,
        "Basic Average Shares": 3570887.0,
        "Diluted EPS": -23.20998,
        "Basic EPS": -23.20998,
        "Diluted NI Availto Com Stockholders": -82886000.0,
        "Net Income Common Stockholders": -82886000.0,
        "Net Income": -82886000.0,
        "Net Income Including Noncontrolling Interests": -82886000.0,
        "Net Income Continuous Operations": -82886000.0,
        "Tax Provision": 30000.0,
        "Pretax Income": -82856000.0,
        "Other Income Expense": 2091000.0,
        "Other Non Operating Income Expenses": 187000.0,
        "Special Income Charges": 0.0,
        "Write Off": NaN,
        "Impairment Of Capital Assets": NaN,
        "Restructuring And Mergern Acquisition": NaN,
        "Gain On Sale Of Security": 1904000.0,
        "Net Non Operating Interest Income Expense": -69000.0,
        "Interest Expense Non Operating": 69000.0,
        "Operating Income": -84878000.0,
        "Operating Expense": 61663000.0,
        "Research And Development": 20908000.0,
        "Selling General And Administration": 40755000.0,
        "Gross Profit": -23215000.0,
        "Cost Of Revenue": 39531000.0,
        "Total Revenue": 16316000.0,
        "Operating Revenue": 16316000.0
    },
    "2022-03-31": {
        "Diluted EPS": -0.38,
        "Total Revenue": 17,
        "Gross Profit": -24,
        "Operating Income": -86,
        "EBIT": -80,
        "Net Income": -82
    },
    "2021-12-31": {
        "Diluted EPS": 0.25,
        "Total Revenue": 28,
        "Gross Profit": -29,
        "Operating Income": -85,
        "EBIT": -78,
        "Net Income": -79
    },
    "2021-09-30": {
        "Diluted EPS": -0.44,
        "Total Revenue": 19,
        "Gross Profit": -33,
        "Operating Income": -107,
        "EBIT": -86,
        "Net Income": -94
    },
    "2021-06-30": {
        "Diluted EPS": -0.45,
        "Total Revenue": 17,
        "Gross Profit": -33,
        "Operating Income": -88,
        "EBIT": -81,
        "Net Income": -96
    },
    "2021-03-31": {
        "Diluted EPS": -1.33,
        "Total Revenue": 10,
        "Gross Profit": -26,
        "Operating Income": -65,
        "EBIT": -58,
        "Net Income": -74
    },
    "2020-12-31": {
        "Diluted EPS": -0.0,
        "Total Revenue": 10,
        "Gross Profit": -16,
        "Operating Income": 9,
        "EBIT": 18,
        "Net Income": -8
    },
    "2020-09-30": {
        "Diluted EPS": -34.5,
        "Total Revenue": 9,
        "Gross Profit": -14,
        "Operating Income": -47,
        "EBIT": -41,
        "Net Income": -58
    },
    "2020-06-30": {
        "Diluted EPS": -41.3,
        "Total Revenue": 6,
        "Gross Profit": -30,
        "Operating Income": -60,
        "EBIT": -54,
        "Net Income": -69
    },
    "2020-03-31": {
        "Diluted EPS": -43.65,
        "Total Revenue": 9,
        "Gross Profit": -27,
        "Operating Income": -72,
        "EBIT": -65,
        "Net Income": -72
    },
    "2019-12-31": {
        "Diluted EPS": 0.0,
        "Total Revenue": NaN,
        "Gross Profit": NaN,
        "Operating Income": NaN,
        "EBIT": NaN,
        "Net Income": NaN
    },
    "2023-06-30": {
        "Tax Effect Of Unusual Items": -1102920.0,
        "Tax Rate For Calcs": 0.21,
        "Normalized EBITDA": -41876000.0,
        "Total Unusual Items": -5252000.0,
        "Total Unusual Items Excluding Goodwill": -5252000.0,
        "Net Income From Continuing Operation Net Minority Interest": -56360000.0,
        "Reconciled Depreciation": 5244000.0,
        "Reconciled Cost Of Revenue": 41810000.0,
        "EBITDA": -47128000.0,
        "EBIT": -52372000.0,
        "Net Interest Income": -3970000.0,
        "Interest Expense": 3970000.0,
        "Normalized Income": -52210920.0,
        "Net Income From Continuing And Discontinued Operation": -56360000.0,
        "Total Expenses": 75035000.0,
        "Total Operating Income As Reported": -52259000.0,
        "Diluted Average Shares": 3994814.0,
        "Basic Average Shares": 3994814.0,
        "Diluted EPS": -14.11002,
        "Basic EPS": -14.11002,
        "Diluted NI Availto Com Stockholders": -56360000.0,
        "Net Income Common Stockholders": -56360000.0,
        "Net Income": -56360000.0,
        "Net Income Including Noncontrolling Interests": -56360000.0,
        "Net Income Continuous Operations": -56360000.0,
        "Tax Provision": 18000.0,
        "Pretax Income": -56342000.0,
        "Other Income Expense": -5371000.0,
        "Other Non Operating Income Expenses": -119000.0,
        "Special Income Charges": -5258000.0,
        "Write Off": 4000000.0,
        "Impairment Of Capital Assets": NaN,
        "Restructuring And Mergern Acquisition": 1258000.0,
        "Gain On Sale Of Security": 6000.0,
        "Net Non Operating Interest Income Expense": -3970000.0,
        "Interest Expense Non Operating": 3970000.0,
        "Operating Income": -47001000.0,
        "Operating Expense": 33225000.0,
        "Research And Development": 9714000.0,
        "Selling General And Administration": 23511000.0,
        "Gross Profit": -13776000.0,
        "Cost Of Revenue": 41810000.0,
        "Total Revenue": 28034000.0,
        "Operating Revenue": 28034000.0
    },
    "2023-09-30": {
        "Tax Effect Of Unusual Items": -35623980.0,
        "Tax Rate For Calcs": 0.21,
        "Normalized EBITDA": -33490000.0,
        "Total Unusual Items": -169638000.0,
        "Total Unusual Items Excluding Goodwill": -169638000.0,
        "Net Income From Continuing Operation Net Minority Interest": -213046000.0,
        "Reconciled Depreciation": 5457000.0,
        "Reconciled Cost Of Revenue": 42573000.0,
        "EBITDA": -203128000.0,
        "EBIT": -208585000.0,
        "Net Interest Income": -4399000.0,
        "Interest Expense": 4399000.0,
        "Normalized Income": -79031980.0,
        "Net Income From Continuing And Discontinued Operation": -213046000.0,
        "Total Expenses": 77009000.0,
        "Total Operating Income As Reported": -208427000.0,
        "Diluted Average Shares": 4015307.0,
        "Basic Average Shares": 4015307.0,
        "Diluted EPS": -53.06,
        "Basic EPS": -53.06,
        "Diluted NI Availto Com Stockholders": -213046000.0,
        "Net Income Common Stockholders": -213046000.0,
        "Net Income": -213046000.0,
        "Net Income Including Noncontrolling Interests": -213046000.0,
        "Net Income Continuous Operations": -213046000.0,
        "Tax Provision": 62000.0,
        "Pretax Income": -212984000.0,
        "Other Income Expense": -169796000.0,
        "Other Non Operating Income Expenses": -158000.0,
        "Special Income Charges": -169638000.0,
        "Write Off": NaN,
        "Impairment Of Capital Assets": 170300000.0,
        "Restructuring And Mergern Acquisition": -662000.0,
        "Gain On Sale Of Security": NaN,
        "Net Non Operating Interest Income Expense": -4399000.0,
        "Interest Expense Non Operating": 4399000.0,
        "Operating Income": -38789000.0,
        "Operating Expense": 34436000.0,
        "Research And Development": 8918000.0,
        "Selling General And Administration": 25518000.0,
        "Gross Profit": -4353000.0,
        "Cost Of Revenue": 42573000.0,
        "Total Revenue": 38220000.0,
        "Operating Revenue": 38220000.0
    }
}