{
    "2023-03-31": {
        "Tax Effect Of Unusual Items": NaN,
        "Tax Rate For Calcs": NaN,
        "Normalized EBITDA": NaN,
        "Net Income From Continuing Operation Net Minority Interest": NaN,
        "Reconciled Depreciation": NaN,
        "EBITDA": NaN,
        "EBIT": NaN,
        "Net Interest Income": NaN,
        "Interest Income": NaN,
        "Normalized Income": NaN,
        "Net Income From Continuing And Discontinued Operation": NaN,
        "Total Expenses": NaN,
        "Total Operating Income As Reported": NaN,
        "Diluted Average Shares": 38546012.0,
        "Basic Average Shares": 38546012.0,
        "Diluted EPS": -0.51,
        "Basic EPS": -0.51,
        "Diluted NI Availto Com Stockholders": NaN,
        "Net Income Common Stockholders": NaN,
        "Net Income": NaN,
        "Net Income Including Noncontrolling Interests": NaN,
        "Net Income Continuous Operations": NaN,
        "Pretax Income": NaN,
        "Other Income Expense": NaN,
        "Other Non Operating Income Expenses": NaN,
        "Net Non Operating Interest Income Expense": NaN,
        "Interest Income Non Operating": NaN,
        "Operating Income": NaN,
        "Operating Expense": NaN,
        "Research And Development": NaN,
        "Selling General And Administration": NaN,
        "General And Administrative Expense": NaN,
        "Other Gand A": NaN,
        "Total Revenue": NaN,
        "Operating Revenue": NaN
    },
    "2022-12-31": {
        "Tax Effect Of Unusual Items": NaN,
        "Tax Rate For Calcs": NaN,
        "Normalized EBITDA": NaN,
        "Net Income From Continuing Operation Net Minority Interest": NaN,
        "Reconciled Depreciation": NaN,
        "EBITDA": NaN,
        "EBIT": NaN,
        "Net Interest Income": NaN,
        "Interest Income": NaN,
        "Normalized Income": NaN,
        "Net Income From Continuing And Discontinued Operation": NaN,
        "Total Expenses": NaN,
        "Total Operating Income As Reported": NaN,
        "Diluted Average Shares": 38479196.0,
        "Basic Average Shares": 38479196.0,
        "Diluted EPS": -0.48,
        "Basic EPS": -0.48,
        "Diluted NI Availto Com Stockholders": NaN,
        "Net Income Common Stockholders": NaN,
        "Net Income": NaN,
        "Net Income Including Noncontrolling Interests": NaN,
        "Net Income Continuous Operations": NaN,
        "Pretax Income": NaN,
        "Other Income Expense": NaN,
        "Other Non Operating Income Expenses": NaN,
        "Net Non Operating Interest Income Expense": NaN,
        "Interest Income Non Operating": NaN,
        "Operating Income": NaN,
        "Operating Expense": NaN,
        "Research And Development": NaN,
        "Selling General And Administration": NaN,
        "General And Administrative Expense": NaN,
        "Other Gand A": NaN,
        "Total Revenue": NaN,
        "Operating Revenue": NaN
    },
    "2022-09-30": {
        "Tax Effect Of Unusual Items": 0.0,
        "Tax Rate For Calcs": 0.0,
        "Normalized EBITDA": -17616000.0,
        "Net Income From Continuing Operation Net Minority Interest": -17500000.0,
        "Reconciled Depreciation": 21000.0,
        "EBITDA": -17616000.0,
        "EBIT": -17637000.0,
        "Net Interest Income": 163000.0,
        "Interest Income": 163000.0,
        "Normalized Income": -17500000.0,
        "Net Income From Continuing And Discontinued Operation": -17500000.0,
        "Total Expenses": 17637000.0,
        "Total Operating Income As Reported": -17637000.0,
        "Diluted Average Shares": 33303345.0,
        "Basic Average Shares": 33303345.0,
        "Diluted EPS": -0.53,
        "Basic EPS": -0.53,
        "Diluted NI Availto Com Stockholders": -17500000.0,
        "Net Income Common Stockholders": -17500000.0,
        "Net Income": -17500000.0,
        "Net Income Including Noncontrolling Interests": -17500000.0,
        "Net Income Continuous Operations": -17500000.0,
        "Pretax Income": -17500000.0,
        "Other Income Expense": -26000.0,
        "Other Non Operating Income Expenses": -26000.0,
        "Net Non Operating Interest Income Expense": 163000.0,
        "Interest Income Non Operating": 163000.0,
        "Operating Income": -17637000.0,
        "Operating Expense": 17637000.0,
        "Research And Development": 12791000.0,
        "Selling General And Administration": 4846000.0,
        "General And Administrative Expense": 4846000.0,
        "Other Gand A": 4846000.0,
        "Total Revenue": 0.0,
        "Operating Revenue": 0.0
    },
    "2022-06-30": {
        "Tax Effect Of Unusual Items": 0.0,
        "Tax Rate For Calcs": 0.0,
        "Normalized EBITDA": -17024000.0,
        "Net Income From Continuing Operation Net Minority Interest": -17015000.0,
        "Reconciled Depreciation": 18000.0,
        "EBITDA": -17024000.0,
        "EBIT": -17042000.0,
        "Net Interest Income": 32000.0,
        "Interest Income": 32000.0,
        "Normalized Income": -17015000.0,
        "Net Income From Continuing And Discontinued Operation": -17015000.0,
        "Total Expenses": 17042000.0,
        "Total Operating Income As Reported": -17042000.0,
        "Diluted Average Shares": 28150051.0,
        "Basic Average Shares": 28150051.0,
        "Diluted EPS": -0.6,
        "Basic EPS": -0.6,
        "Diluted NI Availto Com Stockholders": -17015000.0,
        "Net Income Common Stockholders": -17015000.0,
        "Net Income": -17015000.0,
        "Net Income Including Noncontrolling Interests": -17015000.0,
        "Net Income Continuous Operations": -17015000.0,
        "Pretax Income": -17015000.0,
        "Other Income Expense": -5000.0,
        "Other Non Operating Income Expenses": -5000.0,
        "Net Non Operating Interest Income Expense": 32000.0,
        "Interest Income Non Operating": 32000.0,
        "Operating Income": -17042000.0,
        "Operating Expense": 17042000.0,
        "Research And Development": 12097000.0,
        "Selling General And Administration": 4945000.0,
        "General And Administrative Expense": 4945000.0,
        "Other Gand A": 4945000.0,
        "Total Revenue": 0.0,
        "Operating Revenue": 0.0
    },
    "2022-03-31": {
        "Diluted EPS": -0.58,
        "Total Revenue": NaN,
        "Gross Profit": NaN,
        "Operating Income": -15,
        "EBIT": -15,
        "Net Income": -15
    },
    "2021-12-31": {
        "Diluted EPS": -8.28,
        "Total Revenue": NaN,
        "Gross Profit": NaN,
        "Operating Income": -13,
        "EBIT": -13,
        "Net Income": -13
    },
    "2021-09-30": {
        "Diluted EPS": -6.98,
        "Total Revenue": NaN,
        "Gross Profit": NaN,
        "Operating Income": -11,
        "EBIT": -11,
        "Net Income": -11
    },
    "2021-06-30": {
        "Diluted EPS": -7.48,
        "Total Revenue": NaN,
        "Gross Profit": NaN,
        "Operating Income": -11,
        "EBIT": -11,
        "Net Income": -11
    },
    "2021-03-31": {
        "Diluted EPS": -5.46,
        "Total Revenue": NaN,
        "Gross Profit": NaN,
        "Operating Income": -8,
        "EBIT": -8,
        "Net Income": -8
    },
    "2020-12-31": {
        "Diluted EPS": 0.0,
        "Total Revenue": NaN,
        "Gross Profit": NaN,
        "Operating Income": NaN,
        "EBIT": NaN,
        "Net Income": NaN
    },
    "2023-06-30": {
        "Tax Effect Of Unusual Items": NaN,
        "Tax Rate For Calcs": NaN,
        "Normalized EBITDA": NaN,
        "Net Income From Continuing Operation Net Minority Interest": NaN,
        "Reconciled Depreciation": NaN,
        "EBITDA": NaN,
        "EBIT": NaN,
        "Net Interest Income": NaN,
        "Interest Income": NaN,
        "Normalized Income": NaN,
        "Net Income From Continuing And Discontinued Operation": NaN,
        "Total Expenses": NaN,
        "Total Operating Income As Reported": NaN,
        "Diluted Average Shares": 38657205.0,
        "Basic Average Shares": 38657205.0,
        "Diluted EPS": -0.52,
        "Basic EPS": -0.52,
        "Diluted NI Availto Com Stockholders": NaN,
        "Net Income Common Stockholders": NaN,
        "Net Income": NaN,
        "Net Income Including Noncontrolling Interests": NaN,
        "Net Income Continuous Operations": NaN,
        "Pretax Income": NaN,
        "Other Income Expense": NaN,
        "Other Non Operating Income Expenses": NaN,
        "Net Non Operating Interest Income Expense": NaN,
        "Interest Income Non Operating": NaN,
        "Operating Income": NaN,
        "Operating Expense": NaN,
        "Research And Development": NaN,
        "Selling General And Administration": NaN,
        "General And Administrative Expense": NaN,
        "Other Gand A": NaN,
        "Total Revenue": NaN,
        "Operating Revenue": NaN
    },
    "2023-09-30": {
        "Tax Effect Of Unusual Items": NaN,
        "Tax Rate For Calcs": NaN,
        "Normalized EBITDA": NaN,
        "Net Income From Continuing Operation Net Minority Interest": NaN,
        "Reconciled Depreciation": NaN,
        "EBITDA": NaN,
        "EBIT": NaN,
        "Net Interest Income": NaN,
        "Interest Income": NaN,
        "Normalized Income": NaN,
        "Net Income From Continuing And Discontinued Operation": NaN,
        "Total Expenses": NaN,
        "Total Operating Income As Reported": NaN,
        "Diluted Average Shares": 38809109.0,
        "Basic Average Shares": 38809109.0,
        "Diluted EPS": -0.53,
        "Basic EPS": -0.53,
        "Diluted NI Availto Com Stockholders": NaN,
        "Net Income Common Stockholders": NaN,
        "Net Income": NaN,
        "Net Income Including Noncontrolling Interests": NaN,
        "Net Income Continuous Operations": NaN,
        "Pretax Income": NaN,
        "Other Income Expense": NaN,
        "Other Non Operating Income Expenses": NaN,
        "Net Non Operating Interest Income Expense": NaN,
        "Interest Income Non Operating": NaN,
        "Operating Income": NaN,
        "Operating Expense": NaN,
        "Research And Development": NaN,
        "Selling General And Administration": NaN,
        "General And Administrative Expense": NaN,
        "Other Gand A": NaN,
        "Total Revenue": NaN,
        "Operating Revenue": NaN
    },
    "2023-12-31": {
        "Tax Effect Of Unusual Items": 0.0,
        "Tax Rate For Calcs": 0.0,
        "Normalized EBITDA": -23744000.0,
        "Net Income From Continuing Operation Net Minority Interest": -22174000.0,
        "Reconciled Depreciation": 113000.0,
        "EBITDA": -23744000.0,
        "EBIT": -23857000.0,
        "Net Interest Income": 1681000.0,
        "Interest Income": 1681000.0,
        "Normalized Income": -22174000.0,
        "Net Income From Continuing And Discontinued Operation": -22174000.0,
        "Total Expenses": 23857000.0,
        "Total Operating Income As Reported": -23857000.0,
        "Diluted Average Shares": NaN,
        "Basic Average Shares": NaN,
        "Diluted EPS": NaN,
        "Basic EPS": NaN,
        "Diluted NI Availto Com Stockholders": -22174000.0,
        "Net Income Common Stockholders": -22174000.0,
        "Net Income": -22174000.0,
        "Net Income Including Noncontrolling Interests": -22174000.0,
        "Net Income Continuous Operations": -22174000.0,
        "Pretax Income": -22174000.0,
        "Other Income Expense": 2000.0,
        "Other Non Operating Income Expenses": 2000.0,
        "Net Non Operating Interest Income Expense": 1681000.0,
        "Interest Income Non Operating": 1681000.0,
        "Operating Income": -23857000.0,
        "Operating Expense": 23857000.0,
        "Research And Development": 16782000.0,
        "Selling General And Administration": 7075000.0,
        "General And Administrative Expense": 7075000.0,
        "Other Gand A": 7075000.0,
        "Total Revenue": 0.0,
        "Operating Revenue": 0.0
    },
    "2024-03-31": {
        "Tax Effect Of Unusual Items": 0.0,
        "Tax Rate For Calcs": 0.0,
        "Normalized EBITDA": -21302000.0,
        "Net Income From Continuing Operation Net Minority Interest": -19940000.0,
        "Reconciled Depreciation": 113000.0,
        "EBITDA": -21302000.0,
        "EBIT": -21415000.0,
        "Net Interest Income": 1477000.0,
        "Interest Income": 1477000.0,
        "Normalized Income": -19940000.0,
        "Net Income From Continuing And Discontinued Operation": -19940000.0,
        "Total Expenses": 21415000.0,
        "Total Operating Income As Reported": -21415000.0,
        "Diluted Average Shares": 39864111.0,
        "Basic Average Shares": 39864111.0,
        "Diluted EPS": -0.5,
        "Basic EPS": -0.5,
        "Diluted NI Availto Com Stockholders": -19940000.0,
        "Net Income Common Stockholders": -19940000.0,
        "Net Income": -19940000.0,
        "Net Income Including Noncontrolling Interests": -19940000.0,
        "Net Income Continuous Operations": -19940000.0,
        "Pretax Income": -19940000.0,
        "Other Income Expense": -2000.0,
        "Other Non Operating Income Expenses": -2000.0,
        "Net Non Operating Interest Income Expense": 1477000.0,
        "Interest Income Non Operating": 1477000.0,
        "Operating Income": -21415000.0,
        "Operating Expense": 21415000.0,
        "Research And Development": 14326000.0,
        "Selling General And Administration": 7089000.0,
        "General And Administrative Expense": 7089000.0,
        "Other Gand A": 7089000.0,
        "Total Revenue": 0.0,
        "Operating Revenue": 0.0
    },
    "2024-06-30": {
        "Tax Effect Of Unusual Items": 0.0,
        "Tax Rate For Calcs": 0.0,
        "Normalized EBITDA": -22365000.0,
        "Net Income From Continuing Operation Net Minority Interest": -21227000.0,
        "Reconciled Depreciation": 113000.0,
        "EBITDA": -22365000.0,
        "EBIT": -22478000.0,
        "Net Interest Income": 1254000.0,
        "Interest Income": 1254000.0,
        "Normalized Income": -21227000.0,
        "Net Income From Continuing And Discontinued Operation": -21227000.0,
        "Total Expenses": 22478000.0,
        "Total Operating Income As Reported": -22478000.0,
        "Diluted Average Shares": 40564580.0,
        "Basic Average Shares": 40564580.0,
        "Diluted EPS": -0.52,
        "Basic EPS": -0.52,
        "Diluted NI Availto Com Stockholders": -21227000.0,
        "Net Income Common Stockholders": -21227000.0,
        "Net Income": -21227000.0,
        "Net Income Including Noncontrolling Interests": -21227000.0,
        "Net Income Continuous Operations": -21227000.0,
        "Pretax Income": -21227000.0,
        "Other Income Expense": -3000.0,
        "Other Non Operating Income Expenses": -3000.0,
        "Net Non Operating Interest Income Expense": 1254000.0,
        "Interest Income Non Operating": 1254000.0,
        "Operating Income": -22478000.0,
        "Operating Expense": 22478000.0,
        "Research And Development": 15540000.0,
        "Selling General And Administration": 6938000.0,
        "General And Administrative Expense": 6938000.0,
        "Other Gand A": 6938000.0,
        "Total Revenue": 0.0,
        "Operating Revenue": 0.0
    },
    "2024-09-30": {
        "Tax Effect Of Unusual Items": 0.0,
        "Tax Rate For Calcs": 0.0,
        "Normalized EBITDA": -20562000.0,
        "Net Income From Continuing Operation Net Minority Interest": -19258000.0,
        "Reconciled Depreciation": 114000.0,
        "EBITDA": -20562000.0,
        "EBIT": -20676000.0,
        "Net Interest Income": 1410000.0,
        "Interest Income": 1410000.0,
        "Normalized Income": -19258000.0,
        "Net Income From Continuing And Discontinued Operation": -19258000.0,
        "Total Expenses": 20676000.0,
        "Total Operating Income As Reported": -20676000.0,
        "Diluted Average Shares": 40577955.0,
        "Basic Average Shares": 40577955.0,
        "Diluted EPS": -0.47,
        "Basic EPS": -0.47,
        "Diluted NI Availto Com Stockholders": -19258000.0,
        "Net Income Common Stockholders": -19258000.0,
        "Net Income": -19258000.0,
        "Net Income Including Noncontrolling Interests": -19258000.0,
        "Net Income Continuous Operations": -19258000.0,
        "Pretax Income": -19258000.0,
        "Other Income Expense": 8000.0,
        "Other Non Operating Income Expenses": 8000.0,
        "Net Non Operating Interest Income Expense": 1410000.0,
        "Interest Income Non Operating": 1410000.0,
        "Operating Income": -20676000.0,
        "Operating Expense": 20676000.0,
        "Research And Development": 13772000.0,
        "Selling General And Administration": 6904000.0,
        "General And Administrative Expense": 6904000.0,
        "Other Gand A": 6904000.0,
        "Total Revenue": 0.0,
        "Operating Revenue": 0.0
    },
    "2024-12-31": {
        "Tax Effect Of Unusual Items": 0.0,
        "Tax Rate For Calcs": 0.0,
        "Normalized EBITDA": -25001000.0,
        "Net Income From Continuing Operation Net Minority Interest": -23831000.0,
        "Reconciled Depreciation": 113000.0,
        "EBITDA": -25001000.0,
        "EBIT": -25114000.0,
        "Net Interest Income": 1277000.0,
        "Interest Income": 1277000.0,
        "Normalized Income": -23831000.0,
        "Net Income From Continuing And Discontinued Operation": -23831000.0,
        "Total Expenses": 25114000.0,
        "Total Operating Income As Reported": -25114000.0,
        "Diluted Average Shares": 41657259.0,
        "Basic Average Shares": 41657259.0,
        "Diluted EPS": -0.57,
        "Basic EPS": -0.57,
        "Diluted NI Availto Com Stockholders": -23831000.0,
        "Net Income Common Stockholders": -23831000.0,
        "Net Income": -23831000.0,
        "Net Income Including Noncontrolling Interests": -23831000.0,
        "Net Income Continuous Operations": -23831000.0,
        "Pretax Income": -23831000.0,
        "Other Income Expense": 6000.0,
        "Other Non Operating Income Expenses": 6000.0,
        "Net Non Operating Interest Income Expense": 1277000.0,
        "Interest Income Non Operating": 1277000.0,
        "Operating Income": -25114000.0,
        "Operating Expense": 25114000.0,
        "Research And Development": 18668000.0,
        "Selling General And Administration": 6446000.0,
        "General And Administrative Expense": 6446000.0,
        "Other Gand A": 6446000.0,
        "Total Revenue": 0.0,
        "Operating Revenue": 0.0
    },
    "2025-03-31": {
        "Tax Effect Of Unusual Items": 0.0,
        "Tax Rate For Calcs": 0.0,
        "Normalized EBITDA": -23345000.0,
        "Net Income From Continuing Operation Net Minority Interest": -22413000.0,
        "Reconciled Depreciation": 124000.0,
        "EBITDA": -23345000.0,
        "EBIT": -23469000.0,
        "Net Interest Income": 1060000.0,
        "Interest Income": 1060000.0,
        "Normalized Income": -22413000.0,
        "Net Income From Continuing And Discontinued Operation": -22413000.0,
        "Total Expenses": 23469000.0,
        "Total Operating Income As Reported": -23469000.0,
        "Diluted Average Shares": 46067878.0,
        "Basic Average Shares": 46067878.0,
        "Diluted EPS": -0.49,
        "Basic EPS": -0.49,
        "Diluted NI Availto Com Stockholders": -22413000.0,
        "Net Income Common Stockholders": -22413000.0,
        "Net Income": -22413000.0,
        "Net Income Including Noncontrolling Interests": -22413000.0,
        "Net Income Continuous Operations": -22413000.0,
        "Pretax Income": -22413000.0,
        "Other Income Expense": -4000.0,
        "Other Non Operating Income Expenses": -4000.0,
        "Net Non Operating Interest Income Expense": 1060000.0,
        "Interest Income Non Operating": 1060000.0,
        "Operating Income": -23469000.0,
        "Operating Expense": 23469000.0,
        "Research And Development": 16511000.0,
        "Selling General And Administration": 6958000.0,
        "General And Administrative Expense": 6958000.0,
        "Other Gand A": 6958000.0,
        "Total Revenue": 0.0,
        "Operating Revenue": 0.0
    }
}