{
    "2023-06-30": {
        "Tax Effect Of Unusual Items": 23046.0428,
        "Tax Rate For Calcs": 0.167,
        "Normalized EBITDA": 204605000.0,
        "Total Unusual Items": 138000.0,
        "Total Unusual Items Excluding Goodwill": 138000.0,
        "Net Income From Continuing Operation Net Minority Interest": 16702000.0,
        "Reconciled Depreciation": 31933000.0,
        "Reconciled Cost Of Revenue": 218028000.0,
        "EBITDA": 204743000.0,
        "EBIT": 172810000.0,
        "Net Interest Income": -139114000.0,
        "Interest Expense": 137343000.0,
        "Normalized Income": 16587046.0428,
        "Net Income From Continuing And Discontinued Operation": 16702000.0,
        "Total Expenses": 332411000.0,
        "Diluted Average Shares": 94973489.0,
        "Basic Average Shares": 94973489.0,
        "Diluted EPS": 0.16,
        "Basic EPS": 0.16,
        "Diluted NI Availto Com Stockholders": 15526000.0,
        "Net Income Common Stockholders": 15526000.0,
        "Otherunder Preferred Stock Dividend": 1176000.0,
        "Net Income": 16702000.0,
        "Minority Interests": -12842000.0,
        "Net Income Including Noncontrolling Interests": 29544000.0,
        "Net Income Continuous Operations": 29544000.0,
        "Tax Provision": 5923000.0,
        "Pretax Income": 35467000.0,
        "Other Income Expense": 138000.0,
        "Special Income Charges": 138000.0,
        "Other Special Charges": -146000.0,
        "Restructuring And Mergern Acquisition": 8000.0,
        "Net Non Operating Interest Income Expense": -139114000.0,
        "Total Other Finance Cost": 1771000.0,
        "Interest Expense Non Operating": 137343000.0,
        "Operating Income": 174443000.0,
        "Operating Expense": 114383000.0,
        "Other Operating Expenses": 25491000.0,
        "Depreciation Amortization Depletion Income Statement": 31933000.0,
        "Depreciation And Amortization In Income Statement": 31933000.0,
        "Amortization": 16020000.0,
        "Amortization Of Intangibles Income Statement": 16020000.0,
        "Depreciation Income Statement": 15913000.0,
        "Selling General And Administration": 56959000.0,
        "General And Administrative Expense": 56959000.0,
        "Other Gand A": 56959000.0,
        "Gross Profit": 288826000.0,
        "Cost Of Revenue": 218028000.0,
        "Total Revenue": 506854000.0,
        "Operating Revenue": 513651000.0
    },
    "2023-03-31": {
        "Tax Effect Of Unusual Items": -17568.0,
        "Tax Rate For Calcs": 0.183,
        "Normalized EBITDA": 288118000.0,
        "Total Unusual Items": -96000.0,
        "Total Unusual Items Excluding Goodwill": -96000.0,
        "Net Income From Continuing Operation Net Minority Interest": 57881000.0,
        "Reconciled Depreciation": 31368000.0,
        "Reconciled Cost Of Revenue": 248960000.0,
        "EBITDA": 288022000.0,
        "EBIT": 256654000.0,
        "Net Interest Income": -124065000.0,
        "Interest Expense": 121889000.0,
        "Normalized Income": 57959432.0,
        "Net Income From Continuing And Discontinued Operation": 57881000.0,
        "Total Expenses": 361454000.0,
        "Diluted Average Shares": 97813691.0,
        "Basic Average Shares": 97795957.0,
        "Diluted EPS": 0.56,
        "Basic EPS": 0.56,
        "Diluted NI Availto Com Stockholders": 55204000.0,
        "Net Income Common Stockholders": 55204000.0,
        "Otherunder Preferred Stock Dividend": 2677000.0,
        "Net Income": 57881000.0,
        "Minority Interests": -52202000.0,
        "Net Income Including Noncontrolling Interests": 110083000.0,
        "Net Income Continuous Operations": 110083000.0,
        "Tax Provision": 24682000.0,
        "Pretax Income": 134765000.0,
        "Other Income Expense": -96000.0,
        "Special Income Charges": -96000.0,
        "Other Special Charges": 96000.0,
        "Restructuring And Mergern Acquisition": 15000.0,
        "Net Non Operating Interest Income Expense": -124065000.0,
        "Total Other Finance Cost": 2176000.0,
        "Interest Expense Non Operating": 121889000.0,
        "Operating Income": 258926000.0,
        "Operating Expense": 112494000.0,
        "Other Operating Expenses": 24314000.0,
        "Depreciation Amortization Depletion Income Statement": 31368000.0,
        "Depreciation And Amortization In Income Statement": 31368000.0,
        "Amortization": 16020000.0,
        "Amortization Of Intangibles Income Statement": 16020000.0,
        "Depreciation Income Statement": 15348000.0,
        "Selling General And Administration": 56812000.0,
        "General And Administrative Expense": 56812000.0,
        "Other Gand A": 56812000.0,
        "Gross Profit": 371420000.0,
        "Cost Of Revenue": 248960000.0,
        "Total Revenue": 620380000.0,
        "Operating Revenue": 616199000.0
    },
    "2022-12-31": {
        "Tax Effect Of Unusual Items": NaN,
        "Tax Rate For Calcs": NaN,
        "Normalized EBITDA": NaN,
        "Total Unusual Items": NaN,
        "Total Unusual Items Excluding Goodwill": NaN,
        "Net Income From Continuing Operation Net Minority Interest": NaN,
        "Reconciled Depreciation": NaN,
        "Reconciled Cost Of Revenue": NaN,
        "EBITDA": NaN,
        "EBIT": NaN,
        "Net Interest Income": NaN,
        "Interest Expense": NaN,
        "Normalized Income": NaN,
        "Net Income From Continuing And Discontinued Operation": NaN,
        "Total Expenses": NaN,
        "Diluted Average Shares": NaN,
        "Basic Average Shares": NaN,
        "Diluted EPS": NaN,
        "Basic EPS": NaN,
        "Diluted NI Availto Com Stockholders": NaN,
        "Net Income Common Stockholders": NaN,
        "Otherunder Preferred Stock Dividend": NaN,
        "Net Income": NaN,
        "Minority Interests": NaN,
        "Net Income Including Noncontrolling Interests": NaN,
        "Net Income Continuous Operations": NaN,
        "Tax Provision": NaN,
        "Pretax Income": NaN,
        "Other Income Expense": NaN,
        "Special Income Charges": NaN,
        "Other Special Charges": NaN,
        "Restructuring And Mergern Acquisition": 11000.0,
        "Net Non Operating Interest Income Expense": NaN,
        "Total Other Finance Cost": NaN,
        "Interest Expense Non Operating": NaN,
        "Operating Income": NaN,
        "Operating Expense": NaN,
        "Other Operating Expenses": NaN,
        "Depreciation Amortization Depletion Income Statement": NaN,
        "Depreciation And Amortization In Income Statement": NaN,
        "Amortization": NaN,
        "Amortization Of Intangibles Income Statement": NaN,
        "Depreciation Income Statement": NaN,
        "Selling General And Administration": NaN,
        "General And Administrative Expense": NaN,
        "Other Gand A": NaN,
        "Gross Profit": NaN,
        "Cost Of Revenue": NaN,
        "Total Revenue": NaN,
        "Operating Revenue": NaN
    },
    "2022-09-30": {
        "Tax Effect Of Unusual Items": NaN,
        "Tax Rate For Calcs": NaN,
        "Normalized EBITDA": NaN,
        "Total Unusual Items": NaN,
        "Total Unusual Items Excluding Goodwill": NaN,
        "Net Income From Continuing Operation Net Minority Interest": NaN,
        "Reconciled Depreciation": NaN,
        "Reconciled Cost Of Revenue": NaN,
        "EBITDA": NaN,
        "EBIT": NaN,
        "Net Interest Income": NaN,
        "Interest Expense": NaN,
        "Normalized Income": NaN,
        "Net Income From Continuing And Discontinued Operation": NaN,
        "Total Expenses": NaN,
        "Diluted Average Shares": NaN,
        "Basic Average Shares": NaN,
        "Diluted EPS": NaN,
        "Basic EPS": NaN,
        "Diluted NI Availto Com Stockholders": NaN,
        "Net Income Common Stockholders": NaN,
        "Otherunder Preferred Stock Dividend": NaN,
        "Net Income": NaN,
        "Minority Interests": NaN,
        "Net Income Including Noncontrolling Interests": NaN,
        "Net Income Continuous Operations": NaN,
        "Tax Provision": NaN,
        "Pretax Income": NaN,
        "Other Income Expense": NaN,
        "Special Income Charges": NaN,
        "Other Special Charges": NaN,
        "Restructuring And Mergern Acquisition": 134000.0,
        "Net Non Operating Interest Income Expense": NaN,
        "Total Other Finance Cost": NaN,
        "Interest Expense Non Operating": NaN,
        "Operating Income": NaN,
        "Operating Expense": NaN,
        "Other Operating Expenses": NaN,
        "Depreciation Amortization Depletion Income Statement": NaN,
        "Depreciation And Amortization In Income Statement": NaN,
        "Amortization": NaN,
        "Amortization Of Intangibles Income Statement": NaN,
        "Depreciation Income Statement": NaN,
        "Selling General And Administration": NaN,
        "General And Administrative Expense": NaN,
        "Other Gand A": NaN,
        "Gross Profit": NaN,
        "Cost Of Revenue": NaN,
        "Total Revenue": NaN,
        "Operating Revenue": NaN
    },
    "2022-06-30": {
        "Tax Effect Of Unusual Items": -176867.145422,
        "Tax Rate For Calcs": 0.143212,
        "Normalized EBITDA": 229719000.0,
        "Total Unusual Items": -1235000.0,
        "Total Unusual Items Excluding Goodwill": -1235000.0,
        "Net Income From Continuing Operation Net Minority Interest": 85167000.0,
        "Reconciled Depreciation": 32611000.0,
        "Reconciled Cost Of Revenue": 360005000.0,
        "EBITDA": 228484000.0,
        "EBIT": 195873000.0,
        "Net Interest Income": -23526000.0,
        "Interest Expense": 22089000.0,
        "Normalized Income": 86225132.854578,
        "Net Income From Continuing And Discontinued Operation": 85167000.0,
        "Total Expenses": 406193000.0,
        "Diluted Average Shares": 105478278.0,
        "Basic Average Shares": 104960826.0,
        "Diluted EPS": 0.78,
        "Basic EPS": 0.78,
        "Diluted NI Availto Com Stockholders": 85167000.0,
        "Net Income Common Stockholders": 85167000.0,
        "Otherunder Preferred Stock Dividend": 3305000.0,
        "Net Income": 85167000.0,
        "Minority Interests": -63729000.0,
        "Net Income Including Noncontrolling Interests": 148896000.0,
        "Net Income Continuous Operations": 148896000.0,
        "Tax Provision": 24888000.0,
        "Pretax Income": 173784000.0,
        "Other Income Expense": -1235000.0,
        "Special Income Charges": -1235000.0,
        "Other Special Charges": 677000.0,
        "Restructuring And Mergern Acquisition": 558000.0,
        "Net Non Operating Interest Income Expense": -23526000.0,
        "Total Other Finance Cost": 1437000.0,
        "Interest Expense Non Operating": 22089000.0,
        "Operating Income": 198545000.0,
        "Operating Expense": 46188000.0,
        "Depreciation Amortization Depletion Income Statement": 32611000.0,
        "Depreciation And Amortization In Income Statement": 32611000.0,
        "Amortization": 16277000.0,
        "Amortization Of Intangibles Income Statement": 16277000.0,
        "Depreciation Income Statement": 16334000.0,
        "Selling General And Administration": 13577000.0,
        "General And Administrative Expense": 13577000.0,
        "Other Gand A": 13577000.0,
        "Gross Profit": 244733000.0,
        "Cost Of Revenue": 360005000.0,
        "Total Revenue": 604738000.0,
        "Operating Revenue": 563060000.0
    },
    "2022-03-31": {
        "Diluted EPS": 0.98,
        "Total Revenue": 701,
        "Gross Profit": 551,
        "Operating Income": 242,
        "EBIT": 345,
        "Net Income": 112
    },
    "2021-12-31": {
        "Diluted EPS": 0.93,
        "Total Revenue": 706,
        "Gross Profit": 549,
        "Operating Income": 227,
        "EBIT": 327,
        "Net Income": 104
    },
    "2021-09-30": {
        "Diluted EPS": 0.59,
        "Total Revenue": 544,
        "Gross Profit": 385,
        "Operating Income": 145,
        "EBIT": 207,
        "Net Income": 71
    },
    "2021-06-30": {
        "Diluted EPS": 0.5,
        "Total Revenue": 549,
        "Gross Profit": 378,
        "Operating Income": 135,
        "EBIT": 197,
        "Net Income": 63
    },
    "2021-03-31": {
        "Diluted EPS": 1.89,
        "Total Revenue": NaN,
        "Gross Profit": 753,
        "Operating Income": 490,
        "EBIT": 551,
        "Net Income": 239
    },
    "2020-12-31": {
        "Diluted EPS": 0.86,
        "Total Revenue": 677,
        "Gross Profit": 492,
        "Operating Income": 260,
        "EBIT": 324,
        "Net Income": 112
    },
    "2020-09-30": {
        "Diluted EPS": 0.92,
        "Total Revenue": 656,
        "Gross Profit": 460,
        "Operating Income": 253,
        "EBIT": 326,
        "Net Income": 117
    },
    "2020-06-30": {
        "Diluted EPS": 1.58,
        "Total Revenue": 906,
        "Gross Profit": 702,
        "Operating Income": 405,
        "EBIT": 484,
        "Net Income": 199
    },
    "2020-03-31": {
        "Diluted EPS": 1.8,
        "Total Revenue": NaN,
        "Gross Profit": 827,
        "Operating Income": 466,
        "EBIT": 549,
        "Net Income": 221
    },
    "2019-12-31": {
        "Diluted EPS": -0.15,
        "Total Revenue": 397,
        "Gross Profit": 273,
        "Operating Income": 432,
        "EBIT": 545,
        "Net Income": -18
    },
    "2019-09-30": {
        "Diluted EPS": -0.04,
        "Total Revenue": 382,
        "Gross Profit": 284,
        "Operating Income": -6,
        "EBIT": 68,
        "Net Income": -4
    },
    "2019-06-30": {
        "Diluted EPS": -0.27,
        "Total Revenue": 375,
        "Gross Profit": 276,
        "Operating Income": -67,
        "EBIT": 8,
        "Net Income": -30
    },
    "2019-03-31": {
        "Diluted EPS": -0.07,
        "Total Revenue": 363,
        "Gross Profit": 299,
        "Operating Income": -16,
        "EBIT": 68,
        "Net Income": -7
    },
    "2018-12-31": {
        "Diluted EPS": 0.6,
        "Total Revenue": 440,
        "Gross Profit": 294,
        "Operating Income": 149,
        "EBIT": 212,
        "Net Income": 81
    },
    "2018-09-30": {
        "Diluted EPS": 0.08,
        "Total Revenue": 295,
        "Gross Profit": 226,
        "Operating Income": 29,
        "EBIT": 89,
        "Net Income": 9
    },
    "2018-06-30": {
        "Diluted EPS": 0.24,
        "Total Revenue": 328,
        "Gross Profit": 255,
        "Operating Income": 50,
        "EBIT": 114,
        "Net Income": 25
    },
    "2018-03-31": {
        "Diluted EPS": 1.86,
        "Total Revenue": 815,
        "Gross Profit": 727,
        "Operating Income": 469,
        "EBIT": 532,
        "Net Income": 175
    },
    "2017-12-31": {
        "Diluted EPS": 0.09,
        "Total Revenue": 465,
        "Gross Profit": 378,
        "Operating Income": 131,
        "EBIT": 195,
        "Net Income": 11
    },
    "2017-09-30": {
        "Diluted EPS": -0.17,
        "Total Revenue": 271,
        "Gross Profit": 207,
        "Operating Income": -46,
        "EBIT": 14,
        "Net Income": -14
    },
    "2017-06-30": {
        "Diluted EPS": 0.01,
        "Total Revenue": 145,
        "Gross Profit": 92,
        "Operating Income": 5,
        "EBIT": 32,
        "Net Income": 1
    },
    "2017-03-31": {
        "Diluted EPS": 0.1,
        "Total Revenue": 147,
        "Gross Profit": 95,
        "Operating Income": 24,
        "EBIT": 43,
        "Net Income": 5
    },
    "2016-12-31": {
        "Diluted EPS": 0.18,
        "Total Revenue": 171,
        "Gross Profit": 117,
        "Operating Income": 39,
        "EBIT": 65,
        "Net Income": 7
    },
    "2016-09-30": {
        "Diluted EPS": 0.18,
        "Total Revenue": 165,
        "Gross Profit": 113,
        "Operating Income": 38,
        "EBIT": 61,
        "Net Income": 7
    },
    "2016-06-30": {
        "Diluted EPS": 0.21,
        "Total Revenue": 174,
        "Gross Profit": 119,
        "Operating Income": 44,
        "EBIT": 67,
        "Net Income": 8
    },
    "2016-03-31": {
        "Diluted EPS": 0.26,
        "Total Revenue": 193,
        "Gross Profit": 133,
        "Operating Income": 59,
        "EBIT": 80,
        "Net Income": 10
    },
    "2015-12-31": {
        "Diluted EPS": 0.23,
        "Total Revenue": 177,
        "Gross Profit": 124,
        "Operating Income": 47,
        "EBIT": 69,
        "Net Income": -69
    },
    "2015-09-30": {
        "Diluted EPS": 0.35,
        "Total Revenue": 216,
        "Gross Profit": 154,
        "Operating Income": 79,
        "EBIT": 100,
        "Net Income": 12
    },
    "2015-06-30": {
        "Diluted EPS": 0.01,
        "Total Revenue": 182,
        "Gross Profit": 125,
        "Operating Income": 10,
        "EBIT": 35,
        "Net Income": 0
    },
    "2015-03-31": {
        "Diluted EPS": 0.0,
        "Total Revenue": 222,
        "Gross Profit": 160,
        "Operating Income": 80,
        "EBIT": 100,
        "Net Income": 77
    },
    "2014-12-31": {
        "Diluted EPS": 0.0,
        "Total Revenue": 214,
        "Gross Profit": 147,
        "Operating Income": 84,
        "EBIT": 105,
        "Net Income": 69
    },
    "2014-09-30": {
        "Diluted EPS": 0.0,
        "Total Revenue": 173,
        "Gross Profit": 117,
        "Operating Income": 43,
        "EBIT": 63,
        "Net Income": 41
    },
    "2014-06-30": {
        "Diluted EPS": 0.0,
        "Total Revenue": 163,
        "Gross Profit": 109,
        "Operating Income": 30,
        "EBIT": 50,
        "Net Income": 31
    },
    "2014-03-31": {
        "Diluted EPS": 0.0,
        "Total Revenue": 173,
        "Gross Profit": 119,
        "Operating Income": 50,
        "EBIT": 67,
        "Net Income": 49
    },
    "2013-12-31": {
        "Diluted EPS": 0.0,
        "Total Revenue": NaN,
        "Gross Profit": NaN,
        "Operating Income": NaN,
        "EBIT": NaN,
        "Net Income": NaN
    },
    "2012-12-31": {
        "Diluted EPS": 0.0,
        "Total Revenue": NaN,
        "Gross Profit": NaN,
        "Operating Income": NaN,
        "EBIT": NaN,
        "Net Income": NaN
    },
    "2023-09-30": {
        "Tax Effect Of Unusual Items": NaN,
        "Tax Rate For Calcs": NaN,
        "Normalized EBITDA": NaN,
        "Total Unusual Items": NaN,
        "Total Unusual Items Excluding Goodwill": NaN,
        "Net Income From Continuing Operation Net Minority Interest": NaN,
        "Reconciled Depreciation": NaN,
        "Reconciled Cost Of Revenue": NaN,
        "EBITDA": NaN,
        "EBIT": NaN,
        "Net Interest Income": NaN,
        "Interest Expense": NaN,
        "Normalized Income": NaN,
        "Net Income From Continuing And Discontinued Operation": NaN,
        "Total Expenses": NaN,
        "Diluted Average Shares": 93408537.0,
        "Basic Average Shares": 93408537.0,
        "Diluted EPS": 0.63,
        "Basic EPS": 0.63,
        "Diluted NI Availto Com Stockholders": NaN,
        "Net Income Common Stockholders": NaN,
        "Otherunder Preferred Stock Dividend": NaN,
        "Net Income": NaN,
        "Minority Interests": NaN,
        "Net Income Including Noncontrolling Interests": NaN,
        "Net Income Continuous Operations": NaN,
        "Tax Provision": NaN,
        "Pretax Income": NaN,
        "Other Income Expense": NaN,
        "Special Income Charges": NaN,
        "Other Special Charges": NaN,
        "Restructuring And Mergern Acquisition": NaN,
        "Net Non Operating Interest Income Expense": NaN,
        "Total Other Finance Cost": NaN,
        "Interest Expense Non Operating": NaN,
        "Operating Income": NaN,
        "Operating Expense": NaN,
        "Other Operating Expenses": NaN,
        "Depreciation Amortization Depletion Income Statement": NaN,
        "Depreciation And Amortization In Income Statement": NaN,
        "Amortization": NaN,
        "Amortization Of Intangibles Income Statement": NaN,
        "Depreciation Income Statement": NaN,
        "Selling General And Administration": NaN,
        "General And Administrative Expense": NaN,
        "Other Gand A": NaN,
        "Gross Profit": NaN,
        "Cost Of Revenue": NaN,
        "Total Revenue": NaN,
        "Operating Revenue": NaN
    },
    "2023-12-31": {
        "Tax Effect Of Unusual Items": -89250.0,
        "Tax Rate For Calcs": 0.21,
        "Normalized EBITDA": 231768000.0,
        "Total Unusual Items": -425000.0,
        "Total Unusual Items Excluding Goodwill": -425000.0,
        "Net Income From Continuing Operation Net Minority Interest": 5538000.0,
        "Reconciled Depreciation": 32183000.0,
        "Reconciled Cost Of Revenue": 214945000.0,
        "EBITDA": 231343000.0,
        "EBIT": 199160000.0,
        "Net Interest Income": -184939000.0,
        "Interest Expense": 182366000.0,
        "Normalized Income": 5873750.0,
        "Net Income From Continuing And Discontinued Operation": 5538000.0,
        "Total Expenses": 333819000.0,
        "Diluted Average Shares": 90217295.0,
        "Basic Average Shares": 90217295.0,
        "Diluted EPS": 0.05,
        "Basic EPS": 0.05,
        "Diluted NI Availto Com Stockholders": 4351000.0,
        "Net Income Common Stockholders": 4351000.0,
        "Otherunder Preferred Stock Dividend": 1187000.0,
        "Net Income": 5538000.0,
        "Minority Interests": -1163000.0,
        "Net Income Including Noncontrolling Interests": 6701000.0,
        "Net Income Continuous Operations": 6701000.0,
        "Tax Provision": 10093000.0,
        "Pretax Income": 16794000.0,
        "Other Income Expense": -425000.0,
        "Special Income Charges": -425000.0,
        "Other Special Charges": 141000.0,
        "Restructuring And Mergern Acquisition": 284000.0,
        "Net Non Operating Interest Income Expense": -184939000.0,
        "Total Other Finance Cost": 2573000.0,
        "Interest Expense Non Operating": 182366000.0,
        "Operating Income": 202158000.0,
        "Operating Expense": 118874000.0,
        "Other Operating Expenses": 26768000.0,
        "Depreciation Amortization Depletion Income Statement": 32183000.0,
        "Depreciation And Amortization In Income Statement": 32183000.0,
        "Amortization": 15953000.0,
        "Amortization Of Intangibles Income Statement": 15953000.0,
        "Depreciation Income Statement": 16230000.0,
        "Selling General And Administration": 59923000.0,
        "General And Administrative Expense": 59923000.0,
        "Other Gand A": 59923000.0,
        "Gross Profit": 321032000.0,
        "Cost Of Revenue": 214945000.0,
        "Total Revenue": 535977000.0,
        "Operating Revenue": 535605000.0
    },
    "2024-03-31": {
        "Tax Effect Of Unusual Items": -31008.0,
        "Tax Rate For Calcs": 0.204,
        "Normalized EBITDA": 319995000.0,
        "Total Unusual Items": -152000.0,
        "Total Unusual Items Excluding Goodwill": -152000.0,
        "Net Income From Continuing Operation Net Minority Interest": 55817000.0,
        "Reconciled Depreciation": 30763000.0,
        "Reconciled Cost Of Revenue": 240622000.0,
        "EBITDA": 319843000.0,
        "EBIT": 289080000.0,
        "Net Interest Income": -150954000.0,
        "Interest Expense": 149260000.0,
        "Normalized Income": 55937992.0,
        "Net Income From Continuing And Discontinued Operation": 55817000.0,
        "Total Expenses": 351913000.0,
        "Diluted Average Shares": 88999122.0,
        "Basic Average Shares": 88999122.0,
        "Diluted EPS": 0.59,
        "Basic EPS": 0.59,
        "Diluted NI Availto Com Stockholders": 52744000.0,
        "Net Income Common Stockholders": 52744000.0,
        "Otherunder Preferred Stock Dividend": 3073000.0,
        "Net Income": 55817000.0,
        "Minority Interests": -55491000.0,
        "Net Income Including Noncontrolling Interests": 111308000.0,
        "Net Income Continuous Operations": 111308000.0,
        "Tax Provision": 28512000.0,
        "Pretax Income": 139820000.0,
        "Other Income Expense": -152000.0,
        "Special Income Charges": -152000.0,
        "Other Special Charges": 17000.0,
        "Restructuring And Mergern Acquisition": 135000.0,
        "Net Non Operating Interest Income Expense": -150954000.0,
        "Total Other Finance Cost": 1694000.0,
        "Interest Expense Non Operating": 149260000.0,
        "Operating Income": 290926000.0,
        "Operating Expense": 111291000.0,
        "Other Operating Expenses": 22346000.0,
        "Depreciation Amortization Depletion Income Statement": 30763000.0,
        "Depreciation And Amortization In Income Statement": 30763000.0,
        "Amortization": 14687000.0,
        "Amortization Of Intangibles Income Statement": 14687000.0,
        "Depreciation Income Statement": 16076000.0,
        "Selling General And Administration": 58182000.0,
        "General And Administrative Expense": 58182000.0,
        "Other Gand A": 58182000.0,
        "Gross Profit": 402217000.0,
        "Cost Of Revenue": 240622000.0,
        "Total Revenue": 642839000.0,
        "Operating Revenue": 632698000.0
    },
    "2024-06-30": {
        "Tax Effect Of Unusual Items": -13376.0,
        "Tax Rate For Calcs": 0.176,
        "Normalized EBITDA": 330815000.0,
        "Total Unusual Items": -76000.0,
        "Total Unusual Items Excluding Goodwill": -76000.0,
        "Net Income From Continuing Operation Net Minority Interest": 66586000.0,
        "Reconciled Depreciation": 28231000.0,
        "Reconciled Cost Of Revenue": 256503000.0,
        "EBITDA": 330739000.0,
        "EBIT": 302508000.0,
        "Net Interest Income": -171402000.0,
        "Interest Expense": 147123000.0,
        "Normalized Income": 66648624.0,
        "Net Income From Continuing And Discontinued Operation": 66586000.0,
        "Total Expenses": 366122000.0,
        "Diluted Average Shares": 88358223.0,
        "Basic Average Shares": 88137799.0,
        "Diluted EPS": 0.71,
        "Basic EPS": 0.71,
        "Diluted NI Availto Com Stockholders": 62826000.0,
        "Net Income Common Stockholders": 62826000.0,
        "Otherunder Preferred Stock Dividend": 3760000.0,
        "Net Income": 66586000.0,
        "Minority Interests": -61531000.0,
        "Net Income Including Noncontrolling Interests": 128117000.0,
        "Net Income Continuous Operations": 128117000.0,
        "Tax Provision": 27268000.0,
        "Pretax Income": 155385000.0,
        "Other Income Expense": -76000.0,
        "Special Income Charges": -76000.0,
        "Other Special Charges": 16000.0,
        "Restructuring And Mergern Acquisition": 60000.0,
        "Net Non Operating Interest Income Expense": -171402000.0,
        "Total Other Finance Cost": 24279000.0,
        "Interest Expense Non Operating": 147123000.0,
        "Operating Income": 326863000.0,
        "Operating Expense": 109619000.0,
        "Other Operating Expenses": 22061000.0,
        "Depreciation Amortization Depletion Income Statement": 28231000.0,
        "Depreciation And Amortization In Income Statement": 28231000.0,
        "Amortization": 12153000.0,
        "Amortization Of Intangibles Income Statement": 12153000.0,
        "Depreciation Income Statement": 16078000.0,
        "Selling General And Administration": 59327000.0,
        "General And Administrative Expense": 59327000.0,
        "Other Gand A": 59327000.0,
        "Gross Profit": 436482000.0,
        "Cost Of Revenue": 256503000.0,
        "Total Revenue": 692985000.0,
        "Operating Revenue": 659562000.0
    },
    "2024-09-30": {
        "Tax Effect Of Unusual Items": -16426.0,
        "Tax Rate For Calcs": 0.191,
        "Normalized EBITDA": 336142000.0,
        "Total Unusual Items": -86000.0,
        "Total Unusual Items Excluding Goodwill": -86000.0,
        "Net Income From Continuing Operation Net Minority Interest": 59952000.0,
        "Reconciled Depreciation": 28334000.0,
        "Reconciled Cost Of Revenue": 284391000.0,
        "EBITDA": 336056000.0,
        "EBIT": 307722000.0,
        "Net Interest Income": -162329000.0,
        "Interest Expense": 160562000.0,
        "Normalized Income": 60021574.0,
        "Net Income From Continuing And Discontinued Operation": 59952000.0,
        "Total Expenses": 397265000.0,
        "Diluted Average Shares": 87536847.0,
        "Basic Average Shares": 87152658.0,
        "Diluted EPS": 0.64,
        "Basic EPS": 0.65,
        "Diluted NI Availto Com Stockholders": 56410000.0,
        "Net Income Common Stockholders": 56410000.0,
        "Otherunder Preferred Stock Dividend": 3542000.0,
        "Net Income": 59952000.0,
        "Minority Interests": -59071000.0,
        "Net Income Including Noncontrolling Interests": 119023000.0,
        "Net Income Continuous Operations": 119023000.0,
        "Tax Provision": 28137000.0,
        "Pretax Income": 147160000.0,
        "Other Income Expense": -86000.0,
        "Special Income Charges": -86000.0,
        "Other Special Charges": 17000.0,
        "Restructuring And Mergern Acquisition": 69000.0,
        "Net Non Operating Interest Income Expense": -162329000.0,
        "Total Other Finance Cost": 1767000.0,
        "Interest Expense Non Operating": 160562000.0,
        "Operating Income": 309575000.0,
        "Operating Expense": 112874000.0,
        "Other Operating Expenses": 24939000.0,
        "Depreciation Amortization Depletion Income Statement": 28334000.0,
        "Depreciation And Amortization In Income Statement": 28334000.0,
        "Amortization": 11848000.0,
        "Amortization Of Intangibles Income Statement": 11848000.0,
        "Depreciation Income Statement": 16486000.0,
        "Selling General And Administration": 59601000.0,
        "General And Administrative Expense": 59601000.0,
        "Other Gand A": 59601000.0,
        "Gross Profit": 422449000.0,
        "Cost Of Revenue": 284391000.0,
        "Total Revenue": 706840000.0,
        "Operating Revenue": 700847000.0
    },
    "2024-12-31": {
        "Tax Effect Of Unusual Items": -2123350.924212,
        "Tax Rate For Calcs": 0.130885,
        "Normalized EBITDA": 417821000.0,
        "Total Unusual Items": -16223000.0,
        "Total Unusual Items Excluding Goodwill": -16223000.0,
        "Net Income From Continuing Operation Net Minority Interest": 94060000.0,
        "Reconciled Depreciation": 28959000.0,
        "Reconciled Cost Of Revenue": 327733000.0,
        "EBITDA": 401598000.0,
        "EBIT": 372639000.0,
        "Net Interest Income": -171773000.0,
        "Interest Expense": 170034000.0,
        "Normalized Income": 108159649.075788,
        "Net Income From Continuing And Discontinued Operation": 94060000.0,
        "Total Expenses": 443684000.0,
        "Diluted Average Shares": 86066968.0,
        "Basic Average Shares": 85662686.0,
        "Diluted EPS": 1.03,
        "Basic EPS": 1.03,
        "Diluted NI Availto Com Stockholders": 88414000.0,
        "Net Income Common Stockholders": 88414000.0,
        "Otherunder Preferred Stock Dividend": 5646000.0,
        "Net Income": 94060000.0,
        "Minority Interests": -82027000.0,
        "Net Income Including Noncontrolling Interests": 176087000.0,
        "Net Income Continuous Operations": 176087000.0,
        "Tax Provision": 26518000.0,
        "Pretax Income": 202605000.0,
        "Other Income Expense": -16223000.0,
        "Special Income Charges": -16223000.0,
        "Other Special Charges": 16174000.0,
        "Restructuring And Mergern Acquisition": 49000.0,
        "Net Non Operating Interest Income Expense": -171773000.0,
        "Total Other Finance Cost": 1739000.0,
        "Interest Expense Non Operating": 170034000.0,
        "Operating Income": 390601000.0,
        "Operating Expense": 115951000.0,
        "Other Operating Expenses": 27656000.0,
        "Depreciation Amortization Depletion Income Statement": 28959000.0,
        "Depreciation And Amortization In Income Statement": 28959000.0,
        "Amortization": 11783000.0,
        "Amortization Of Intangibles Income Statement": 11783000.0,
        "Depreciation Income Statement": 17176000.0,
        "Selling General And Administration": 59336000.0,
        "General And Administrative Expense": 59336000.0,
        "Other Gand A": 59336000.0,
        "Gross Profit": 506552000.0,
        "Cost Of Revenue": 327733000.0,
        "Total Revenue": 834285000.0,
        "Operating Revenue": 808183000.0
    },
    "2025-03-31": {
        "Tax Effect Of Unusual Items": -52896.0,
        "Tax Rate For Calcs": 0.152,
        "Normalized EBITDA": 413018000.0,
        "Total Unusual Items": -348000.0,
        "Total Unusual Items Excluding Goodwill": -348000.0,
        "Net Income From Continuing Operation Net Minority Interest": 99681000.0,
        "Reconciled Depreciation": 27715000.0,
        "Reconciled Cost Of Revenue": 341231000.0,
        "EBITDA": 412670000.0,
        "EBIT": 384955000.0,
        "Net Interest Income": -162900000.0,
        "Interest Expense": 161219000.0,
        "Normalized Income": 99976104.0,
        "Net Income From Continuing And Discontinued Operation": 99681000.0,
        "Total Expenses": 450885000.0,
        "Diluted Average Shares": 86047558.0,
        "Basic Average Shares": 85681015.0,
        "Diluted EPS": 1.08,
        "Basic EPS": 1.09,
        "Diluted NI Availto Com Stockholders": 93312000.0,
        "Net Income Common Stockholders": 93312000.0,
        "Otherunder Preferred Stock Dividend": 6369000.0,
        "Net Income": 99681000.0,
        "Minority Interests": -89954000.0,
        "Net Income Including Noncontrolling Interests": 189635000.0,
        "Net Income Continuous Operations": 189635000.0,
        "Tax Provision": 34101000.0,
        "Pretax Income": 223736000.0,
        "Other Income Expense": -348000.0,
        "Special Income Charges": -348000.0,
        "Other Special Charges": 10000.0,
        "Restructuring And Mergern Acquisition": 338000.0,
        "Net Non Operating Interest Income Expense": -162900000.0,
        "Total Other Finance Cost": 1681000.0,
        "Interest Expense Non Operating": 161219000.0,
        "Operating Income": 386984000.0,
        "Operating Expense": 109654000.0,
        "Other Operating Expenses": 22136000.0,
        "Depreciation Amortization Depletion Income Statement": 27715000.0,
        "Depreciation And Amortization In Income Statement": 27715000.0,
        "Amortization": 11783000.0,
        "Amortization Of Intangibles Income Statement": 11783000.0,
        "Depreciation Income Statement": 15932000.0,
        "Selling General And Administration": 59803000.0,
        "General And Administrative Expense": 59803000.0,
        "Other Gand A": 59803000.0,
        "Gross Profit": 496638000.0,
        "Cost Of Revenue": 341231000.0,
        "Total Revenue": 837869000.0,
        "Operating Revenue": 850343000.0
    },
    "2025-06-30": {
        "Tax Effect Of Unusual Items": -10901.619503,
        "Tax Rate For Calcs": 0.155737,
        "Normalized EBITDA": 572255000.0,
        "Total Unusual Items": -70000.0,
        "Total Unusual Items Excluding Goodwill": -70000.0,
        "Net Income From Continuing Operation Net Minority Interest": 151187000.0,
        "Reconciled Depreciation": 27401000.0,
        "Reconciled Cost Of Revenue": 338306000.0,
        "EBITDA": 572185000.0,
        "EBIT": 544784000.0,
        "Net Interest Income": -199446000.0,
        "Interest Expense": 197764000.0,
        "Normalized Income": 151246098.380497,
        "Net Income From Continuing And Discontinued Operation": 151187000.0,
        "Total Expenses": 453037000.0,
        "Diluted Average Shares": 85530426.0,
        "Basic Average Shares": 85490121.0,
        "Diluted EPS": 1.65,
        "Basic EPS": 1.65,
        "Diluted NI Availto Com Stockholders": 141065000.0,
        "Net Income Common Stockholders": 141065000.0,
        "Otherunder Preferred Stock Dividend": 10122000.0,
        "Net Income": 151187000.0,
        "Minority Interests": -141789000.0,
        "Net Income Including Noncontrolling Interests": 292976000.0,
        "Net Income Continuous Operations": 292976000.0,
        "Tax Provision": 54044000.0,
        "Pretax Income": 347020000.0,
        "Other Income Expense": -70000.0,
        "Special Income Charges": -70000.0,
        "Other Special Charges": 11000.0,
        "Restructuring And Mergern Acquisition": 59000.0,
        "Net Non Operating Interest Income Expense": -199446000.0,
        "Total Other Finance Cost": 1682000.0,
        "Interest Expense Non Operating": 197764000.0,
        "Operating Income": 546536000.0,
        "Operating Expense": 114731000.0,
        "Other Operating Expenses": 25895000.0,
        "Depreciation Amortization Depletion Income Statement": 27401000.0,
        "Depreciation And Amortization In Income Statement": 27401000.0,
        "Amortization": 11783000.0,
        "Amortization Of Intangibles Income Statement": 11783000.0,
        "Depreciation Income Statement": 15618000.0,
        "Selling General And Administration": 61435000.0,
        "General And Administrative Expense": 61435000.0,
        "Other Gand A": 61435000.0,
        "Gross Profit": 661267000.0,
        "Cost Of Revenue": 338306000.0,
        "Total Revenue": 999573000.0,
        "Operating Revenue": 935061000.0
    }
}