{
    "2023-06-30": {
        "Tax Effect Of Unusual Items": NaN,
        "Tax Rate For Calcs": NaN,
        "Normalized EBITDA": NaN,
        "Total Unusual Items": NaN,
        "Total Unusual Items Excluding Goodwill": NaN,
        "Net Income From Continuing Operation Net Minority Interest": NaN,
        "Reconciled Depreciation": NaN,
        "Reconciled Cost Of Revenue": NaN,
        "EBITDA": NaN,
        "EBIT": NaN,
        "Net Interest Income": NaN,
        "Interest Expense": NaN,
        "Interest Income": NaN,
        "Normalized Income": NaN,
        "Net Income From Continuing And Discontinued Operation": NaN,
        "Total Expenses": NaN,
        "Total Operating Income As Reported": NaN,
        "Diluted Average Shares": NaN,
        "Basic Average Shares": NaN,
        "Diluted EPS": NaN,
        "Basic EPS": NaN,
        "Diluted NI Availto Com Stockholders": NaN,
        "Net Income Common Stockholders": NaN,
        "Net Income": NaN,
        "Net Income Including Noncontrolling Interests": NaN,
        "Net Income Continuous Operations": NaN,
        "Tax Provision": NaN,
        "Pretax Income": NaN,
        "Other Income Expense": NaN,
        "Other Non Operating Income Expenses": 2268000.0,
        "Special Income Charges": NaN,
        "Gain On Sale Of Ppe": 0.0,
        "Restructuring And Mergern Acquisition": NaN,
        "Gain On Sale Of Security": NaN,
        "Net Non Operating Interest Income Expense": NaN,
        "Total Other Finance Cost": NaN,
        "Interest Expense Non Operating": NaN,
        "Interest Income Non Operating": NaN,
        "Operating Income": NaN,
        "Operating Expense": NaN,
        "Other Operating Expenses": NaN,
        "Other Taxes": NaN,
        "Provision For Doubtful Accounts": 0.0,
        "Selling General And Administration": NaN,
        "Selling And Marketing Expense": NaN,
        "General And Administrative Expense": NaN,
        "Other Gand A": NaN,
        "Salaries And Wages": NaN,
        "Gross Profit": NaN,
        "Cost Of Revenue": NaN,
        "Total Revenue": NaN,
        "Operating Revenue": NaN
    },
    "2023-03-31": {
        "Tax Effect Of Unusual Items": NaN,
        "Tax Rate For Calcs": NaN,
        "Normalized EBITDA": NaN,
        "Total Unusual Items": NaN,
        "Total Unusual Items Excluding Goodwill": NaN,
        "Net Income From Continuing Operation Net Minority Interest": NaN,
        "Reconciled Depreciation": NaN,
        "Reconciled Cost Of Revenue": NaN,
        "EBITDA": NaN,
        "EBIT": NaN,
        "Net Interest Income": NaN,
        "Interest Expense": NaN,
        "Interest Income": NaN,
        "Normalized Income": NaN,
        "Net Income From Continuing And Discontinued Operation": NaN,
        "Total Expenses": NaN,
        "Total Operating Income As Reported": NaN,
        "Diluted Average Shares": NaN,
        "Basic Average Shares": NaN,
        "Diluted EPS": NaN,
        "Basic EPS": NaN,
        "Diluted NI Availto Com Stockholders": NaN,
        "Net Income Common Stockholders": NaN,
        "Net Income": NaN,
        "Net Income Including Noncontrolling Interests": NaN,
        "Net Income Continuous Operations": NaN,
        "Tax Provision": NaN,
        "Pretax Income": NaN,
        "Other Income Expense": NaN,
        "Other Non Operating Income Expenses": NaN,
        "Special Income Charges": NaN,
        "Gain On Sale Of Ppe": NaN,
        "Restructuring And Mergern Acquisition": NaN,
        "Gain On Sale Of Security": NaN,
        "Net Non Operating Interest Income Expense": NaN,
        "Total Other Finance Cost": NaN,
        "Interest Expense Non Operating": NaN,
        "Interest Income Non Operating": NaN,
        "Operating Income": NaN,
        "Operating Expense": NaN,
        "Other Operating Expenses": NaN,
        "Other Taxes": NaN,
        "Provision For Doubtful Accounts": 0.0,
        "Selling General And Administration": NaN,
        "Selling And Marketing Expense": NaN,
        "General And Administrative Expense": NaN,
        "Other Gand A": NaN,
        "Salaries And Wages": NaN,
        "Gross Profit": NaN,
        "Cost Of Revenue": NaN,
        "Total Revenue": NaN,
        "Operating Revenue": NaN
    },
    "2022-12-31": {
        "Tax Effect Of Unusual Items": NaN,
        "Tax Rate For Calcs": NaN,
        "Normalized EBITDA": NaN,
        "Total Unusual Items": NaN,
        "Total Unusual Items Excluding Goodwill": NaN,
        "Net Income From Continuing Operation Net Minority Interest": NaN,
        "Reconciled Depreciation": NaN,
        "Reconciled Cost Of Revenue": NaN,
        "EBITDA": NaN,
        "EBIT": NaN,
        "Net Interest Income": NaN,
        "Interest Expense": NaN,
        "Interest Income": NaN,
        "Normalized Income": NaN,
        "Net Income From Continuing And Discontinued Operation": NaN,
        "Total Expenses": NaN,
        "Total Operating Income As Reported": NaN,
        "Diluted Average Shares": NaN,
        "Basic Average Shares": NaN,
        "Diluted EPS": NaN,
        "Basic EPS": NaN,
        "Diluted NI Availto Com Stockholders": NaN,
        "Net Income Common Stockholders": NaN,
        "Net Income": NaN,
        "Net Income Including Noncontrolling Interests": NaN,
        "Net Income Continuous Operations": NaN,
        "Tax Provision": NaN,
        "Pretax Income": NaN,
        "Other Income Expense": NaN,
        "Other Non Operating Income Expenses": NaN,
        "Special Income Charges": NaN,
        "Gain On Sale Of Ppe": 0.0,
        "Restructuring And Mergern Acquisition": NaN,
        "Gain On Sale Of Security": NaN,
        "Net Non Operating Interest Income Expense": NaN,
        "Total Other Finance Cost": NaN,
        "Interest Expense Non Operating": NaN,
        "Interest Income Non Operating": NaN,
        "Operating Income": NaN,
        "Operating Expense": NaN,
        "Other Operating Expenses": NaN,
        "Other Taxes": NaN,
        "Provision For Doubtful Accounts": 0.0,
        "Selling General And Administration": NaN,
        "Selling And Marketing Expense": NaN,
        "General And Administrative Expense": NaN,
        "Other Gand A": NaN,
        "Salaries And Wages": NaN,
        "Gross Profit": NaN,
        "Cost Of Revenue": NaN,
        "Total Revenue": NaN,
        "Operating Revenue": NaN
    },
    "2022-09-30": {
        "Tax Effect Of Unusual Items": NaN,
        "Tax Rate For Calcs": NaN,
        "Normalized EBITDA": NaN,
        "Total Unusual Items": NaN,
        "Total Unusual Items Excluding Goodwill": NaN,
        "Net Income From Continuing Operation Net Minority Interest": NaN,
        "Reconciled Depreciation": NaN,
        "Reconciled Cost Of Revenue": NaN,
        "EBITDA": NaN,
        "EBIT": NaN,
        "Net Interest Income": NaN,
        "Interest Expense": NaN,
        "Interest Income": NaN,
        "Normalized Income": NaN,
        "Net Income From Continuing And Discontinued Operation": NaN,
        "Total Expenses": NaN,
        "Total Operating Income As Reported": NaN,
        "Diluted Average Shares": NaN,
        "Basic Average Shares": NaN,
        "Diluted EPS": NaN,
        "Basic EPS": NaN,
        "Diluted NI Availto Com Stockholders": NaN,
        "Net Income Common Stockholders": NaN,
        "Net Income": NaN,
        "Net Income Including Noncontrolling Interests": NaN,
        "Net Income Continuous Operations": NaN,
        "Tax Provision": NaN,
        "Pretax Income": NaN,
        "Other Income Expense": NaN,
        "Other Non Operating Income Expenses": 214000.0,
        "Special Income Charges": NaN,
        "Gain On Sale Of Ppe": 0.0,
        "Restructuring And Mergern Acquisition": NaN,
        "Gain On Sale Of Security": NaN,
        "Net Non Operating Interest Income Expense": NaN,
        "Total Other Finance Cost": NaN,
        "Interest Expense Non Operating": NaN,
        "Interest Income Non Operating": NaN,
        "Operating Income": NaN,
        "Operating Expense": NaN,
        "Other Operating Expenses": NaN,
        "Other Taxes": NaN,
        "Provision For Doubtful Accounts": NaN,
        "Selling General And Administration": NaN,
        "Selling And Marketing Expense": NaN,
        "General And Administrative Expense": NaN,
        "Other Gand A": NaN,
        "Salaries And Wages": NaN,
        "Gross Profit": NaN,
        "Cost Of Revenue": NaN,
        "Total Revenue": NaN,
        "Operating Revenue": NaN
    },
    "2022-06-30": {
        "Tax Effect Of Unusual Items": 9639294.332881,
        "Tax Rate For Calcs": 0.326192,
        "Normalized EBITDA": 187988000.0,
        "Total Unusual Items": 29551000.0,
        "Total Unusual Items Excluding Goodwill": 29551000.0,
        "Net Income From Continuing Operation Net Minority Interest": 101836000.0,
        "Reconciled Depreciation": 57982000.0,
        "Reconciled Cost Of Revenue": 130096000.0,
        "EBITDA": 217539000.0,
        "EBIT": 159557000.0,
        "Net Interest Income": -22526000.0,
        "Interest Expense": 8422000.0,
        "Interest Income": 74000.0,
        "Normalized Income": 81924294.332881,
        "Net Income From Continuing And Discontinued Operation": 101836000.0,
        "Total Expenses": 150183000.0,
        "Total Operating Income As Reported": 143851000.0,
        "Diluted Average Shares": 96006635.0,
        "Basic Average Shares": 88491745.0,
        "Diluted EPS": 1.061,
        "Basic EPS": 1.151,
        "Diluted NI Availto Com Stockholders": 101836000.0,
        "Net Income Common Stockholders": 101836000.0,
        "Net Income": 101836000.0,
        "Net Income Including Noncontrolling Interests": 101836000.0,
        "Net Income Continuous Operations": 101836000.0,
        "Tax Provision": 49299000.0,
        "Pretax Income": 151135000.0,
        "Other Income Expense": 29551000.0,
        "Other Non Operating Income Expenses": NaN,
        "Special Income Charges": -259000.0,
        "Gain On Sale Of Ppe": NaN,
        "Impairment Of Capital Assets": NaN,
        "Restructuring And Mergern Acquisition": 259000.0,
        "Gain On Sale Of Security": 29810000.0,
        "Net Non Operating Interest Income Expense": -22526000.0,
        "Total Other Finance Cost": 14178000.0,
        "Interest Expense Non Operating": 8422000.0,
        "Interest Income Non Operating": 74000.0,
        "Operating Income": 144110000.0,
        "Operating Expense": 20087000.0,
        "Other Operating Expenses": -10245000.0,
        "Other Taxes": 10453000.0,
        "Provision For Doubtful Accounts": NaN,
        "Selling General And Administration": 19879000.0,
        "Selling And Marketing Expense": 8893000.0,
        "General And Administrative Expense": 10986000.0,
        "Other Gand A": 3368000.0,
        "Salaries And Wages": 7618000.0,
        "Gross Profit": 164197000.0,
        "Cost Of Revenue": 130096000.0,
        "Total Revenue": 294293000.0,
        "Operating Revenue": 294293000.0
    },
    "2022-03-31": {
        "Diluted EPS": 0.16,
        "Total Revenue": 208,
        "Gross Profit": 104,
        "Operating Income": 80,
        "EBIT": 127,
        "Net Income": 16
    },
    "2021-12-31": {
        "Diluted EPS": 0.38,
        "Total Revenue": 196,
        "Gross Profit": 56,
        "Operating Income": 46,
        "EBIT": 93,
        "Net Income": 36
    },
    "2021-09-30": {
        "Diluted EPS": 0.05,
        "Total Revenue": 175,
        "Gross Profit": 77,
        "Operating Income": 64,
        "EBIT": 113,
        "Net Income": 5
    },
    "2021-06-30": {
        "Diluted EPS": 0.06,
        "Total Revenue": 165,
        "Gross Profit": 68,
        "Operating Income": 51,
        "EBIT": 102,
        "Net Income": 6
    },
    "2021-03-31": {
        "Diluted EPS": 0.05,
        "Total Revenue": 116,
        "Gross Profit": 66,
        "Operating Income": 49,
        "EBIT": 94,
        "Net Income": 5
    },
    "2020-12-31": {
        "Diluted EPS": -0.16,
        "Total Revenue": 80,
        "Gross Profit": 6,
        "Operating Income": -18,
        "EBIT": 27,
        "Net Income": -14
    },
    "2020-09-30": {
        "Diluted EPS": -0.32,
        "Total Revenue": 70,
        "Gross Profit": -1,
        "Operating Income": -21,
        "EBIT": 18,
        "Net Income": -28
    },
    "2020-06-30": {
        "Diluted EPS": -0.45,
        "Total Revenue": 51,
        "Gross Profit": -7,
        "Operating Income": -22,
        "EBIT": 9,
        "Net Income": -39
    },
    "2020-03-31": {
        "Diluted EPS": -0.25,
        "Total Revenue": 73,
        "Gross Profit": 5,
        "Operating Income": -9,
        "EBIT": 24,
        "Net Income": -21
    },
    "2019-12-31": {
        "Diluted EPS": -0.52,
        "Total Revenue": 96,
        "Gross Profit": 18,
        "Operating Income": -5,
        "EBIT": 33,
        "Net Income": -44
    },
    "2019-09-30": {
        "Diluted EPS": 0.25,
        "Total Revenue": 105,
        "Gross Profit": 14,
        "Operating Income": 1,
        "EBIT": 47,
        "Net Income": 22
    },
    "2019-06-30": {
        "Diluted EPS": 0.05,
        "Total Revenue": 120,
        "Gross Profit": 27,
        "Operating Income": 7,
        "EBIT": 51,
        "Net Income": 4
    },
    "2019-03-31": {
        "Diluted EPS": -0.19,
        "Total Revenue": 94,
        "Gross Profit": 28,
        "Operating Income": 12,
        "EBIT": 36,
        "Net Income": -14
    },
    "2018-12-31": {
        "Diluted EPS": 0.6,
        "Total Revenue": 104,
        "Gross Profit": 46,
        "Operating Income": 28,
        "EBIT": 39,
        "Net Income": 42
    },
    "2018-09-30": {
        "Diluted EPS": -0.4,
        "Total Revenue": 117,
        "Gross Profit": 41,
        "Operating Income": 20,
        "EBIT": 52,
        "Net Income": -28
    },
    "2018-06-30": {
        "Diluted EPS": -0.96,
        "Total Revenue": 110,
        "Gross Profit": 31,
        "Operating Income": 10,
        "EBIT": 10,
        "Net Income": -41
    },
    "2018-03-31": {
        "Diluted EPS": -0.21,
        "Total Revenue": NaN,
        "Gross Profit": NaN,
        "Operating Income": -3,
        "EBIT": -3,
        "Net Income": -3
    },
    "2017-12-31": {
        "Diluted EPS": 0.0,
        "Total Revenue": NaN,
        "Gross Profit": NaN,
        "Operating Income": NaN,
        "EBIT": NaN,
        "Net Income": NaN
    },
    "2023-09-30": {
        "Tax Effect Of Unusual Items": NaN,
        "Tax Rate For Calcs": NaN,
        "Normalized EBITDA": NaN,
        "Total Unusual Items": NaN,
        "Total Unusual Items Excluding Goodwill": NaN,
        "Net Income From Continuing Operation Net Minority Interest": NaN,
        "Reconciled Depreciation": NaN,
        "Reconciled Cost Of Revenue": NaN,
        "EBITDA": NaN,
        "EBIT": NaN,
        "Net Interest Income": NaN,
        "Interest Expense": NaN,
        "Interest Income": NaN,
        "Normalized Income": NaN,
        "Net Income From Continuing And Discontinued Operation": NaN,
        "Total Expenses": NaN,
        "Total Operating Income As Reported": NaN,
        "Diluted Average Shares": NaN,
        "Basic Average Shares": NaN,
        "Diluted EPS": NaN,
        "Basic EPS": NaN,
        "Diluted NI Availto Com Stockholders": NaN,
        "Net Income Common Stockholders": NaN,
        "Net Income": NaN,
        "Net Income Including Noncontrolling Interests": NaN,
        "Net Income Continuous Operations": NaN,
        "Tax Provision": NaN,
        "Pretax Income": NaN,
        "Other Income Expense": NaN,
        "Other Non Operating Income Expenses": 5076000.0,
        "Special Income Charges": NaN,
        "Gain On Sale Of Ppe": 0.0,
        "Other Special Charges": NaN,
        "Restructuring And Mergern Acquisition": NaN,
        "Gain On Sale Of Security": NaN,
        "Net Non Operating Interest Income Expense": NaN,
        "Total Other Finance Cost": NaN,
        "Interest Expense Non Operating": NaN,
        "Interest Income Non Operating": NaN,
        "Operating Income": NaN,
        "Operating Expense": NaN,
        "Other Operating Expenses": NaN,
        "Other Taxes": NaN,
        "Provision For Doubtful Accounts": 0.0,
        "Selling General And Administration": NaN,
        "Selling And Marketing Expense": NaN,
        "General And Administrative Expense": NaN,
        "Other Gand A": NaN,
        "Salaries And Wages": NaN,
        "Gross Profit": NaN,
        "Cost Of Revenue": NaN,
        "Total Revenue": NaN,
        "Operating Revenue": NaN
    },
    "2023-12-31": {
        "Tax Effect Of Unusual Items": NaN,
        "Tax Rate For Calcs": NaN,
        "Normalized EBITDA": NaN,
        "Total Unusual Items": NaN,
        "Total Unusual Items Excluding Goodwill": NaN,
        "Net Income From Continuing Operation Net Minority Interest": NaN,
        "Reconciled Depreciation": NaN,
        "Reconciled Cost Of Revenue": NaN,
        "EBITDA": NaN,
        "EBIT": NaN,
        "Net Interest Income": NaN,
        "Interest Expense": NaN,
        "Interest Income": NaN,
        "Normalized Income": NaN,
        "Net Income From Continuing And Discontinued Operation": NaN,
        "Total Expenses": NaN,
        "Total Operating Income As Reported": NaN,
        "Diluted Average Shares": NaN,
        "Basic Average Shares": NaN,
        "Diluted EPS": NaN,
        "Basic EPS": NaN,
        "Diluted NI Availto Com Stockholders": NaN,
        "Net Income Common Stockholders": NaN,
        "Net Income": NaN,
        "Net Income Including Noncontrolling Interests": NaN,
        "Net Income Continuous Operations": NaN,
        "Tax Provision": NaN,
        "Pretax Income": NaN,
        "Other Income Expense": NaN,
        "Special Income Charges": NaN,
        "Gain On Sale Of Ppe": -89659000.0,
        "Other Special Charges": NaN,
        "Impairment Of Capital Assets": NaN,
        "Restructuring And Mergern Acquisition": NaN,
        "Earnings From Equity Interest": NaN,
        "Gain On Sale Of Security": NaN,
        "Net Non Operating Interest Income Expense": NaN,
        "Total Other Finance Cost": NaN,
        "Interest Expense Non Operating": NaN,
        "Interest Income Non Operating": NaN,
        "Operating Income": NaN,
        "Operating Expense": NaN,
        "Other Operating Expenses": NaN,
        "Other Taxes": NaN,
        "Provision For Doubtful Accounts": 0.0,
        "Selling General And Administration": NaN,
        "Selling And Marketing Expense": NaN,
        "General And Administrative Expense": NaN,
        "Other Gand A": NaN,
        "Salaries And Wages": NaN,
        "Gross Profit": NaN,
        "Cost Of Revenue": NaN,
        "Total Revenue": NaN,
        "Operating Revenue": NaN
    },
    "2024-03-31": {
        "Tax Effect Of Unusual Items": NaN,
        "Tax Rate For Calcs": NaN,
        "Normalized EBITDA": NaN,
        "Total Unusual Items": NaN,
        "Total Unusual Items Excluding Goodwill": NaN,
        "Net Income From Continuing Operation Net Minority Interest": NaN,
        "Reconciled Depreciation": NaN,
        "Reconciled Cost Of Revenue": NaN,
        "EBITDA": NaN,
        "EBIT": NaN,
        "Net Interest Income": NaN,
        "Interest Expense": NaN,
        "Interest Income": NaN,
        "Normalized Income": NaN,
        "Net Income From Continuing And Discontinued Operation": NaN,
        "Total Expenses": NaN,
        "Total Operating Income As Reported": NaN,
        "Diluted Average Shares": NaN,
        "Basic Average Shares": NaN,
        "Diluted EPS": NaN,
        "Basic EPS": NaN,
        "Diluted NI Availto Com Stockholders": NaN,
        "Net Income Common Stockholders": NaN,
        "Net Income": NaN,
        "Net Income Including Noncontrolling Interests": NaN,
        "Net Income Continuous Operations": NaN,
        "Tax Provision": NaN,
        "Pretax Income": NaN,
        "Other Income Expense": NaN,
        "Special Income Charges": NaN,
        "Gain On Sale Of Ppe": NaN,
        "Other Special Charges": 62000.0,
        "Impairment Of Capital Assets": NaN,
        "Restructuring And Mergern Acquisition": NaN,
        "Earnings From Equity Interest": NaN,
        "Gain On Sale Of Security": NaN,
        "Net Non Operating Interest Income Expense": NaN,
        "Total Other Finance Cost": NaN,
        "Interest Expense Non Operating": NaN,
        "Interest Income Non Operating": NaN,
        "Operating Income": NaN,
        "Operating Expense": NaN,
        "Other Operating Expenses": NaN,
        "Other Taxes": NaN,
        "Provision For Doubtful Accounts": NaN,
        "Selling General And Administration": NaN,
        "Selling And Marketing Expense": NaN,
        "General And Administrative Expense": NaN,
        "Other Gand A": NaN,
        "Salaries And Wages": NaN,
        "Gross Profit": NaN,
        "Cost Of Revenue": NaN,
        "Total Revenue": NaN,
        "Operating Revenue": NaN
    },
    "2024-06-30": {
        "Tax Effect Of Unusual Items": NaN,
        "Tax Rate For Calcs": NaN,
        "Normalized EBITDA": NaN,
        "Total Unusual Items": NaN,
        "Total Unusual Items Excluding Goodwill": NaN,
        "Net Income From Continuing Operation Net Minority Interest": NaN,
        "Reconciled Depreciation": NaN,
        "Reconciled Cost Of Revenue": NaN,
        "EBITDA": NaN,
        "EBIT": NaN,
        "Net Interest Income": NaN,
        "Interest Expense": NaN,
        "Interest Income": NaN,
        "Normalized Income": NaN,
        "Net Income From Continuing And Discontinued Operation": NaN,
        "Total Expenses": NaN,
        "Total Operating Income As Reported": NaN,
        "Diluted Average Shares": NaN,
        "Basic Average Shares": NaN,
        "Diluted EPS": NaN,
        "Basic EPS": NaN,
        "Diluted NI Availto Com Stockholders": NaN,
        "Net Income Common Stockholders": NaN,
        "Net Income": NaN,
        "Net Income Including Noncontrolling Interests": NaN,
        "Net Income Continuous Operations": NaN,
        "Tax Provision": NaN,
        "Pretax Income": NaN,
        "Other Income Expense": NaN,
        "Special Income Charges": NaN,
        "Gain On Sale Of Ppe": 0.0,
        "Other Special Charges": 534000.0,
        "Impairment Of Capital Assets": 0.0,
        "Restructuring And Mergern Acquisition": 0.0,
        "Earnings From Equity Interest": 0.0,
        "Gain On Sale Of Security": NaN,
        "Net Non Operating Interest Income Expense": NaN,
        "Total Other Finance Cost": NaN,
        "Interest Expense Non Operating": NaN,
        "Interest Income Non Operating": NaN,
        "Operating Income": NaN,
        "Operating Expense": NaN,
        "Other Operating Expenses": NaN,
        "Other Taxes": NaN,
        "Provision For Doubtful Accounts": NaN,
        "Selling General And Administration": NaN,
        "Selling And Marketing Expense": NaN,
        "General And Administrative Expense": NaN,
        "Other Gand A": NaN,
        "Salaries And Wages": NaN,
        "Gross Profit": NaN,
        "Cost Of Revenue": NaN,
        "Total Revenue": NaN,
        "Operating Revenue": NaN
    },
    "2024-09-30": {
        "Tax Effect Of Unusual Items": 3344040.0,
        "Tax Rate For Calcs": 0.18,
        "Normalized EBITDA": 312707000.0,
        "Total Unusual Items": 18578000.0,
        "Total Unusual Items Excluding Goodwill": 18578000.0,
        "Net Income From Continuing Operation Net Minority Interest": 165459000.0,
        "Reconciled Depreciation": 114703000.0,
        "Reconciled Cost Of Revenue": 230007000.0,
        "EBITDA": 331285000.0,
        "EBIT": 216582000.0,
        "Net Interest Income": -11338000.0,
        "Interest Expense": 22042000.0,
        "Interest Income": 1360000.0,
        "Normalized Income": 150225040.0,
        "Net Income From Continuing And Discontinued Operation": 165459000.0,
        "Total Expenses": 275083000.0,
        "Total Operating Income As Reported": 187300000.0,
        "Diluted Average Shares": 99557121.0,
        "Basic Average Shares": 95745288.0,
        "Diluted EPS": 1.662,
        "Basic EPS": 1.728,
        "Diluted NI Availto Com Stockholders": 165459000.0,
        "Net Income Common Stockholders": 165459000.0,
        "Net Income": 165459000.0,
        "Net Income Including Noncontrolling Interests": 165459000.0,
        "Net Income Continuous Operations": 165459000.0,
        "Tax Provision": 29081000.0,
        "Pretax Income": 194540000.0,
        "Other Income Expense": 18578000.0,
        "Special Income Charges": 0.0,
        "Gain On Sale Of Ppe": 0.0,
        "Other Special Charges": 125000.0,
        "Impairment Of Capital Assets": NaN,
        "Restructuring And Mergern Acquisition": 0.0,
        "Earnings From Equity Interest": NaN,
        "Gain On Sale Of Security": 18578000.0,
        "Net Non Operating Interest Income Expense": -11338000.0,
        "Total Other Finance Cost": -9344000.0,
        "Interest Expense Non Operating": 22042000.0,
        "Interest Income Non Operating": 1360000.0,
        "Operating Income": 187300000.0,
        "Operating Expense": 45076000.0,
        "Other Operating Expenses": -20999000.0,
        "Other Taxes": 9412000.0,
        "Provision For Doubtful Accounts": NaN,
        "Selling General And Administration": 56663000.0,
        "Selling And Marketing Expense": 27416000.0,
        "General And Administrative Expense": 29247000.0,
        "Other Gand A": 5064000.0,
        "Salaries And Wages": 24183000.0,
        "Gross Profit": 232376000.0,
        "Cost Of Revenue": 230007000.0,
        "Total Revenue": 462383000.0,
        "Operating Revenue": 462383000.0
    },
    "2024-12-31": {
        "Tax Effect Of Unusual Items": 3263502.94738,
        "Tax Rate For Calcs": 0.247949,
        "Normalized EBITDA": 277928000.0,
        "Total Unusual Items": 13162000.0,
        "Total Unusual Items Excluding Goodwill": 13162000.0,
        "Net Income From Continuing Operation Net Minority Interest": 93771000.0,
        "Reconciled Depreciation": 139618000.0,
        "Reconciled Cost Of Revenue": 254678000.0,
        "EBITDA": 291090000.0,
        "EBIT": 151472000.0,
        "Net Interest Income": -13682000.0,
        "Interest Expense": 26785000.0,
        "Interest Income": 1375000.0,
        "Normalized Income": 83872502.94738,
        "Net Income From Continuing And Discontinued Operation": 93771000.0,
        "Total Expenses": 346111000.0,
        "Total Operating Income As Reported": 129414000.0,
        "Diluted Average Shares": 102721610.0,
        "Basic Average Shares": 95223600.0,
        "Diluted EPS": 0.913,
        "Basic EPS": 0.985,
        "Diluted NI Availto Com Stockholders": 93771000.0,
        "Net Income Common Stockholders": 93771000.0,
        "Net Income": 93771000.0,
        "Net Income Including Noncontrolling Interests": 93771000.0,
        "Net Income Continuous Operations": 93771000.0,
        "Tax Provision": 30916000.0,
        "Pretax Income": 124687000.0,
        "Other Income Expense": 13162000.0,
        "Special Income Charges": 4207000.0,
        "Gain On Sale Of Ppe": NaN,
        "Other Special Charges": -33000.0,
        "Impairment Of Capital Assets": NaN,
        "Restructuring And Mergern Acquisition": 0.0,
        "Earnings From Equity Interest": NaN,
        "Gain On Sale Of Security": 8955000.0,
        "Net Non Operating Interest Income Expense": -13682000.0,
        "Total Other Finance Cost": -11728000.0,
        "Interest Expense Non Operating": 26785000.0,
        "Interest Income Non Operating": 1375000.0,
        "Operating Income": 125207000.0,
        "Operating Expense": 91433000.0,
        "Other Operating Expenses": -6301000.0,
        "Other Taxes": 18379000.0,
        "Provision For Doubtful Accounts": NaN,
        "Selling General And Administration": 79355000.0,
        "Selling And Marketing Expense": 54365000.0,
        "General And Administrative Expense": 24990000.0,
        "Other Gand A": 6293000.0,
        "Salaries And Wages": 18697000.0,
        "Gross Profit": 216640000.0,
        "Cost Of Revenue": 254678000.0,
        "Total Revenue": 471318000.0,
        "Operating Revenue": 471318000.0
    },
    "2025-03-31": {
        "Tax Effect Of Unusual Items": 8403884.393663,
        "Tax Rate For Calcs": 0.386528,
        "Normalized EBITDA": 264747000.0,
        "Total Unusual Items": 21742000.0,
        "Total Unusual Items Excluding Goodwill": 21742000.0,
        "Net Income From Continuing Operation Net Minority Interest": 82793000.0,
        "Reconciled Depreciation": 125977000.0,
        "Reconciled Cost Of Revenue": 226503000.0,
        "EBITDA": 286489000.0,
        "EBIT": 160512000.0,
        "Net Interest Income": -28975000.0,
        "Interest Expense": 25554000.0,
        "Interest Income": 1056000.0,
        "Normalized Income": 69454884.393663,
        "Net Income From Continuing And Discontinued Operation": 82793000.0,
        "Total Expenses": 296265000.0,
        "Total Operating Income As Reported": 142191000.0,
        "Diluted Average Shares": 100871480.0,
        "Basic Average Shares": 96456618.0,
        "Diluted EPS": 0.821,
        "Basic EPS": 0.858,
        "Diluted NI Availto Com Stockholders": 82793000.0,
        "Net Income Common Stockholders": 82793000.0,
        "Net Income": 82793000.0,
        "Net Income Including Noncontrolling Interests": 82793000.0,
        "Net Income Continuous Operations": 82793000.0,
        "Tax Provision": 52165000.0,
        "Pretax Income": 134958000.0,
        "Other Income Expense": 21742000.0,
        "Special Income Charges": -666000.0,
        "Gain On Sale Of Ppe": NaN,
        "Other Special Charges": 666000.0,
        "Impairment Of Capital Assets": NaN,
        "Restructuring And Mergern Acquisition": NaN,
        "Earnings From Equity Interest": NaN,
        "Gain On Sale Of Security": 21742000.0,
        "Net Non Operating Interest Income Expense": -28975000.0,
        "Total Other Finance Cost": 4477000.0,
        "Interest Expense Non Operating": 25554000.0,
        "Interest Income Non Operating": 1056000.0,
        "Operating Income": 142191000.0,
        "Operating Expense": 69762000.0,
        "Other Operating Expenses": -5037000.0,
        "Other Taxes": 8165000.0,
        "Provision For Doubtful Accounts": NaN,
        "Selling General And Administration": 66634000.0,
        "Selling And Marketing Expense": 38603000.0,
        "General And Administrative Expense": 28031000.0,
        "Other Gand A": 6045000.0,
        "Salaries And Wages": 21986000.0,
        "Gross Profit": 211953000.0,
        "Cost Of Revenue": 226503000.0,
        "Total Revenue": 438456000.0,
        "Operating Revenue": 438456000.0
    },
    "2025-06-30": {
        "Tax Effect Of Unusual Items": 34100709.779964,
        "Tax Rate For Calcs": 0.199193,
        "Normalized EBITDA": 346785000.0,
        "Total Unusual Items": 171194000.0,
        "Total Unusual Items Excluding Goodwill": 171194000.0,
        "Net Income From Continuing Operation Net Minority Interest": 235289000.0,
        "Reconciled Depreciation": 176940000.0,
        "Reconciled Cost Of Revenue": 325346000.0,
        "EBITDA": 517979000.0,
        "EBIT": 341039000.0,
        "Net Interest Income": -96388000.0,
        "Interest Expense": 47224000.0,
        "Interest Income": 274000.0,
        "Normalized Income": 98195709.779964,
        "Net Income From Continuing And Discontinued Operation": 235289000.0,
        "Total Expenses": 390554000.0,
        "Total Operating Income As Reported": 360467000.0,
        "Diluted Average Shares": 108744460.0,
        "Basic Average Shares": 104263344.0,
        "Diluted EPS": 2.164,
        "Basic EPS": 2.257,
        "Diluted NI Availto Com Stockholders": 235289000.0,
        "Net Income Common Stockholders": 235289000.0,
        "Net Income": 235289000.0,
        "Net Income Including Noncontrolling Interests": 235289000.0,
        "Net Income Continuous Operations": 235289000.0,
        "Tax Provision": 58526000.0,
        "Pretax Income": 293815000.0,
        "Other Income Expense": 170215000.0,
        "Special Income Charges": 140479000.0,
        "Gain On Sale Of Ppe": NaN,
        "Other Special Charges": NaN,
        "Impairment Of Capital Assets": 38252000.0,
        "Restructuring And Mergern Acquisition": -178731000.0,
        "Earnings From Equity Interest": -979000.0,
        "Gain On Sale Of Security": 30715000.0,
        "Net Non Operating Interest Income Expense": -96388000.0,
        "Total Other Finance Cost": 49438000.0,
        "Interest Expense Non Operating": 47224000.0,
        "Interest Income Non Operating": 274000.0,
        "Operating Income": 219988000.0,
        "Operating Expense": 65208000.0,
        "Other Operating Expenses": -5209000.0,
        "Other Taxes": 13789000.0,
        "Provision For Doubtful Accounts": NaN,
        "Selling General And Administration": 56628000.0,
        "Selling And Marketing Expense": 26916000.0,
        "General And Administrative Expense": 29712000.0,
        "Other Gand A": 7699000.0,
        "Salaries And Wages": 22013000.0,
        "Gross Profit": 285196000.0,
        "Cost Of Revenue": 325346000.0,
        "Total Revenue": 610542000.0,
        "Operating Revenue": 610542000.0
    },
    "2025-09-30": {
        "Tax Effect Of Unusual Items": 70089300.0,
        "Tax Rate For Calcs": 0.27,
        "Normalized EBITDA": 439678000.0,
        "Total Unusual Items": 259590000.0,
        "Total Unusual Items Excluding Goodwill": 259590000.0,
        "Net Income From Continuing Operation Net Minority Interest": 315286000.0,
        "Reconciled Depreciation": 210891000.0,
        "Reconciled Cost Of Revenue": 368944000.0,
        "EBITDA": 699268000.0,
        "EBIT": 488377000.0,
        "Net Interest Income": -71654000.0,
        "Interest Expense": 50873000.0,
        "Interest Income": 7603000.0,
        "Normalized Income": 125785300.0,
        "Net Income From Continuing And Discontinued Operation": 315286000.0,
        "Total Expenses": 453800000.0,
        "Total Operating Income As Reported": 535413000.0,
        "Diluted Average Shares": 108404281.0,
        "Basic Average Shares": 104896801.0,
        "Diluted EPS": 2.908,
        "Basic EPS": 3.006,
        "Diluted NI Availto Com Stockholders": 315286000.0,
        "Net Income Common Stockholders": 315286000.0,
        "Net Income": 315286000.0,
        "Net Income Including Noncontrolling Interests": 315286000.0,
        "Net Income Continuous Operations": 315286000.0,
        "Tax Provision": 122218000.0,
        "Pretax Income": 437504000.0,
        "Other Income Expense": 256823000.0,
        "Special Income Charges": 283078000.0,
        "Gain On Sale Of Ppe": NaN,
        "Other Special Charges": NaN,
        "Impairment Of Capital Assets": 0.0,
        "Restructuring And Mergern Acquisition": -283078000.0,
        "Earnings From Equity Interest": -2767000.0,
        "Gain On Sale Of Security": -23488000.0,
        "Net Non Operating Interest Income Expense": -71654000.0,
        "Total Other Finance Cost": 28384000.0,
        "Interest Expense Non Operating": 50873000.0,
        "Interest Income Non Operating": 7603000.0,
        "Operating Income": 252335000.0,
        "Operating Expense": 84856000.0,
        "Other Operating Expenses": -1307000.0,
        "Other Taxes": 13507000.0,
        "Provision For Doubtful Accounts": 44000.0,
        "Selling General And Administration": 72612000.0,
        "Selling And Marketing Expense": 35265000.0,
        "General And Administrative Expense": 37347000.0,
        "Other Gand A": 7332000.0,
        "Salaries And Wages": 30015000.0,
        "Gross Profit": 337191000.0,
        "Cost Of Revenue": 368944000.0,
        "Total Revenue": 706135000.0,
        "Operating Revenue": 706135000.0
    }
}