{
    "2023-03-31": {
        "Tax Effect Of Unusual Items": NaN,
        "Tax Rate For Calcs": NaN,
        "Normalized EBITDA": NaN,
        "Net Income From Continuing Operation Net Minority Interest": NaN,
        "Reconciled Depreciation": NaN,
        "Reconciled Cost Of Revenue": NaN,
        "EBITDA": NaN,
        "EBIT": NaN,
        "Net Interest Income": NaN,
        "Interest Expense": NaN,
        "Interest Income": NaN,
        "Normalized Income": NaN,
        "Net Income From Continuing And Discontinued Operation": NaN,
        "Total Expenses": NaN,
        "Total Operating Income As Reported": NaN,
        "Diluted Average Shares": NaN,
        "Basic Average Shares": NaN,
        "Diluted EPS": NaN,
        "Basic EPS": NaN,
        "Diluted NI Availto Com Stockholders": NaN,
        "Net Income Common Stockholders": NaN,
        "Net Income": NaN,
        "Minority Interests": 0.0,
        "Net Income Including Noncontrolling Interests": NaN,
        "Net Income Continuous Operations": NaN,
        "Tax Provision": NaN,
        "Pretax Income": NaN,
        "Other Income Expense": NaN,
        "Other Non Operating Income Expenses": NaN,
        "Net Non Operating Interest Income Expense": NaN,
        "Interest Expense Non Operating": NaN,
        "Interest Income Non Operating": NaN,
        "Operating Income": NaN,
        "Operating Expense": NaN,
        "Selling General And Administration": NaN,
        "Selling And Marketing Expense": NaN,
        "General And Administrative Expense": NaN,
        "Other Gand A": NaN,
        "Gross Profit": NaN,
        "Cost Of Revenue": NaN,
        "Total Revenue": NaN,
        "Operating Revenue": NaN
    },
    "2022-12-31": {
        "Tax Effect Of Unusual Items": NaN,
        "Tax Rate For Calcs": NaN,
        "Normalized EBITDA": NaN,
        "Net Income From Continuing Operation Net Minority Interest": NaN,
        "Reconciled Depreciation": NaN,
        "Reconciled Cost Of Revenue": NaN,
        "EBITDA": NaN,
        "EBIT": NaN,
        "Net Interest Income": NaN,
        "Interest Expense": NaN,
        "Interest Income": NaN,
        "Normalized Income": NaN,
        "Net Income From Continuing And Discontinued Operation": NaN,
        "Total Expenses": NaN,
        "Total Operating Income As Reported": NaN,
        "Diluted Average Shares": NaN,
        "Basic Average Shares": NaN,
        "Diluted EPS": NaN,
        "Basic EPS": NaN,
        "Diluted NI Availto Com Stockholders": NaN,
        "Net Income Common Stockholders": NaN,
        "Net Income": NaN,
        "Minority Interests": 0.0,
        "Net Income Including Noncontrolling Interests": NaN,
        "Net Income Continuous Operations": NaN,
        "Tax Provision": NaN,
        "Pretax Income": NaN,
        "Other Income Expense": NaN,
        "Other Non Operating Income Expenses": NaN,
        "Net Non Operating Interest Income Expense": NaN,
        "Interest Expense Non Operating": NaN,
        "Interest Income Non Operating": NaN,
        "Operating Income": NaN,
        "Operating Expense": NaN,
        "Selling General And Administration": NaN,
        "Selling And Marketing Expense": NaN,
        "General And Administrative Expense": NaN,
        "Other Gand A": NaN,
        "Gross Profit": NaN,
        "Cost Of Revenue": NaN,
        "Total Revenue": NaN,
        "Operating Revenue": NaN
    },
    "2022-09-30": {
        "Tax Effect Of Unusual Items": 0.0,
        "Tax Rate For Calcs": 0.4,
        "Normalized EBITDA": 4095000.0,
        "Net Income From Continuing Operation Net Minority Interest": 723000.0,
        "Reconciled Depreciation": 1907000.0,
        "Reconciled Cost Of Revenue": 62549000.0,
        "EBITDA": 4095000.0,
        "EBIT": 2188000.0,
        "Net Interest Income": -12000.0,
        "Interest Expense": 12000.0,
        "Interest Income": NaN,
        "Normalized Income": 723000.0,
        "Net Income From Continuing And Discontinued Operation": 723000.0,
        "Total Expenses": 90016000.0,
        "Total Operating Income As Reported": 2024000.0,
        "Diluted Average Shares": 42879818.0,
        "Basic Average Shares": 40695014.0,
        "Diluted EPS": 0.02,
        "Basic EPS": 0.02,
        "Diluted NI Availto Com Stockholders": 723000.0,
        "Net Income Common Stockholders": 723000.0,
        "Net Income": 723000.0,
        "Minority Interests": 12000.0,
        "Net Income Including Noncontrolling Interests": 711000.0,
        "Net Income Continuous Operations": 711000.0,
        "Tax Provision": 1465000.0,
        "Pretax Income": 2176000.0,
        "Other Income Expense": 164000.0,
        "Other Non Operating Income Expenses": 164000.0,
        "Net Non Operating Interest Income Expense": -12000.0,
        "Interest Expense Non Operating": 12000.0,
        "Interest Income Non Operating": NaN,
        "Operating Income": 2024000.0,
        "Operating Expense": 27467000.0,
        "Selling General And Administration": 27467000.0,
        "Selling And Marketing Expense": 6906000.0,
        "General And Administrative Expense": 20561000.0,
        "Other Gand A": 20561000.0,
        "Gross Profit": 29491000.0,
        "Cost Of Revenue": 62549000.0,
        "Total Revenue": 92040000.0,
        "Operating Revenue": 92040000.0
    },
    "2022-06-30": {
        "Tax Effect Of Unusual Items": 0.0,
        "Tax Rate For Calcs": 0.4,
        "Normalized EBITDA": 2634000.0,
        "Net Income From Continuing Operation Net Minority Interest": 199000.0,
        "Reconciled Depreciation": 1755000.0,
        "Reconciled Cost Of Revenue": 57931000.0,
        "EBITDA": 2634000.0,
        "EBIT": 879000.0,
        "Net Interest Income": -7000.0,
        "Interest Expense": 7000.0,
        "Interest Income": NaN,
        "Normalized Income": 199000.0,
        "Net Income From Continuing And Discontinued Operation": 199000.0,
        "Total Expenses": 82149000.0,
        "Total Operating Income As Reported": 721000.0,
        "Diluted Average Shares": 42694767.0,
        "Basic Average Shares": 40628416.0,
        "Diluted EPS": 0.004661,
        "Basic EPS": 0.004898,
        "Diluted NI Availto Com Stockholders": 199000.0,
        "Net Income Common Stockholders": 199000.0,
        "Net Income": 199000.0,
        "Minority Interests": 7000.0,
        "Net Income Including Noncontrolling Interests": 192000.0,
        "Net Income Continuous Operations": 192000.0,
        "Tax Provision": 680000.0,
        "Pretax Income": 872000.0,
        "Other Income Expense": 158000.0,
        "Other Non Operating Income Expenses": 158000.0,
        "Net Non Operating Interest Income Expense": -7000.0,
        "Interest Expense Non Operating": 7000.0,
        "Interest Income Non Operating": NaN,
        "Operating Income": 721000.0,
        "Operating Expense": 24218000.0,
        "Selling General And Administration": 24218000.0,
        "Selling And Marketing Expense": 7211000.0,
        "General And Administrative Expense": 17007000.0,
        "Other Gand A": 17007000.0,
        "Gross Profit": 24939000.0,
        "Cost Of Revenue": 57931000.0,
        "Total Revenue": 82870000.0,
        "Operating Revenue": 82870000.0
    },
    "2023-06-30": {
        "Tax Effect Of Unusual Items": NaN,
        "Tax Rate For Calcs": NaN,
        "Normalized EBITDA": NaN,
        "Net Income From Continuing Operation Net Minority Interest": NaN,
        "Reconciled Depreciation": NaN,
        "Reconciled Cost Of Revenue": NaN,
        "EBITDA": NaN,
        "EBIT": NaN,
        "Net Interest Income": NaN,
        "Interest Expense": NaN,
        "Interest Income": NaN,
        "Normalized Income": NaN,
        "Net Income From Continuing And Discontinued Operation": NaN,
        "Total Expenses": NaN,
        "Total Operating Income As Reported": NaN,
        "Diluted Average Shares": 43292261.0,
        "Basic Average Shares": 40948365.0,
        "Diluted EPS": 0.15,
        "Basic EPS": 0.16,
        "Diluted NI Availto Com Stockholders": NaN,
        "Net Income Common Stockholders": NaN,
        "Net Income": NaN,
        "Minority Interests": 0.0,
        "Net Income Including Noncontrolling Interests": NaN,
        "Net Income Continuous Operations": NaN,
        "Tax Provision": NaN,
        "Pretax Income": NaN,
        "Other Income Expense": NaN,
        "Other Non Operating Income Expenses": NaN,
        "Net Non Operating Interest Income Expense": NaN,
        "Interest Expense Non Operating": NaN,
        "Interest Income Non Operating": NaN,
        "Operating Income": NaN,
        "Operating Expense": NaN,
        "Selling General And Administration": NaN,
        "Selling And Marketing Expense": NaN,
        "General And Administrative Expense": NaN,
        "Other Gand A": NaN,
        "Gross Profit": NaN,
        "Cost Of Revenue": NaN,
        "Total Revenue": NaN,
        "Operating Revenue": NaN
    },
    "2022-03-31": {
        "Diluted EPS": -0.04,
        "Total Revenue": 77,
        "Gross Profit": 22,
        "Operating Income": -4,
        "EBIT": -2,
        "Net Income": -2
    },
    "2021-12-31": {
        "Diluted EPS": -0.08,
        "Total Revenue": 77,
        "Gross Profit": 20,
        "Operating Income": -4,
        "EBIT": -3,
        "Net Income": -4
    },
    "2021-09-30": {
        "Diluted EPS": -0.03,
        "Total Revenue": 65,
        "Gross Profit": 20,
        "Operating Income": -2,
        "EBIT": -1,
        "Net Income": -1
    },
    "2021-06-30": {
        "Diluted EPS": 0.09,
        "Total Revenue": 60,
        "Gross Profit": 22,
        "Operating Income": 3,
        "EBIT": 4,
        "Net Income": 4
    },
    "2021-03-31": {
        "Diluted EPS": 0.08,
        "Total Revenue": 59,
        "Gross Profit": 21,
        "Operating Income": 3,
        "EBIT": 4,
        "Net Income": 3
    },
    "2020-12-31": {
        "Diluted EPS": 0.02,
        "Total Revenue": 54,
        "Gross Profit": 18,
        "Operating Income": -2,
        "EBIT": -1,
        "Net Income": -1
    },
    "2020-09-30": {
        "Diluted EPS": 0.04,
        "Total Revenue": 53,
        "Gross Profit": 18,
        "Operating Income": 2,
        "EBIT": 3,
        "Net Income": 2
    },
    "2020-06-30": {
        "Diluted EPS": 0.16,
        "Total Revenue": 59,
        "Gross Profit": 23,
        "Operating Income": 9,
        "EBIT": 10,
        "Net Income": 6
    },
    "2020-03-31": {
        "Diluted EPS": 0.05,
        "Total Revenue": 48,
        "Gross Profit": 16,
        "Operating Income": 3,
        "EBIT": 3,
        "Net Income": 2
    },
    "2019-12-31": {
        "Diluted EPS": 0.0,
        "Total Revenue": NaN,
        "Gross Profit": NaN,
        "Operating Income": NaN,
        "EBIT": NaN,
        "Net Income": NaN
    },
    "2019-09-30": {
        "Diluted EPS": 0.02,
        "Total Revenue": 34,
        "Gross Profit": 11,
        "Operating Income": 1,
        "EBIT": 2,
        "Net Income": 1
    },
    "2019-06-30": {
        "Diluted EPS": 0.08,
        "Total Revenue": 32,
        "Gross Profit": 11,
        "Operating Income": 4,
        "EBIT": 4,
        "Net Income": 3
    },
    "2018-12-31": {
        "Diluted EPS": 0.0,
        "Total Revenue": NaN,
        "Gross Profit": NaN,
        "Operating Income": NaN,
        "EBIT": NaN,
        "Net Income": NaN
    },
    "2023-09-30": {
        "Tax Effect Of Unusual Items": NaN,
        "Tax Rate For Calcs": NaN,
        "Normalized EBITDA": NaN,
        "Net Income From Continuing Operation Net Minority Interest": NaN,
        "Reconciled Depreciation": NaN,
        "Reconciled Cost Of Revenue": NaN,
        "EBITDA": NaN,
        "EBIT": NaN,
        "Net Interest Income": NaN,
        "Interest Expense": NaN,
        "Interest Income": NaN,
        "Normalized Income": NaN,
        "Net Income From Continuing And Discontinued Operation": NaN,
        "Total Expenses": NaN,
        "Total Operating Income As Reported": NaN,
        "Diluted Average Shares": NaN,
        "Basic Average Shares": NaN,
        "Diluted EPS": NaN,
        "Basic EPS": NaN,
        "Diluted NI Availto Com Stockholders": NaN,
        "Net Income Common Stockholders": NaN,
        "Net Income": NaN,
        "Minority Interests": 0.0,
        "Net Income Including Noncontrolling Interests": NaN,
        "Net Income Continuous Operations": NaN,
        "Tax Provision": NaN,
        "Pretax Income": NaN,
        "Other Income Expense": NaN,
        "Other Non Operating Income Expenses": NaN,
        "Net Non Operating Interest Income Expense": NaN,
        "Interest Expense Non Operating": NaN,
        "Interest Income Non Operating": NaN,
        "Operating Income": NaN,
        "Operating Expense": NaN,
        "Selling General And Administration": NaN,
        "Selling And Marketing Expense": NaN,
        "General And Administrative Expense": NaN,
        "Other Gand A": NaN,
        "Gross Profit": NaN,
        "Cost Of Revenue": NaN,
        "Total Revenue": NaN,
        "Operating Revenue": NaN
    },
    "2023-12-31": {
        "Tax Effect Of Unusual Items": NaN,
        "Tax Rate For Calcs": NaN,
        "Normalized EBITDA": NaN,
        "Net Income From Continuing Operation Net Minority Interest": NaN,
        "Reconciled Depreciation": NaN,
        "Reconciled Cost Of Revenue": NaN,
        "EBITDA": NaN,
        "EBIT": NaN,
        "Net Interest Income": NaN,
        "Interest Expense": NaN,
        "Interest Income": NaN,
        "Normalized Income": NaN,
        "Net Income From Continuing And Discontinued Operation": NaN,
        "Total Expenses": NaN,
        "Total Operating Income As Reported": NaN,
        "Diluted Average Shares": NaN,
        "Basic Average Shares": NaN,
        "Diluted EPS": NaN,
        "Basic EPS": NaN,
        "Diluted NI Availto Com Stockholders": NaN,
        "Net Income Common Stockholders": NaN,
        "Net Income": NaN,
        "Minority Interests": 0.0,
        "Net Income Including Noncontrolling Interests": NaN,
        "Net Income Continuous Operations": NaN,
        "Tax Provision": NaN,
        "Pretax Income": NaN,
        "Other Income Expense": NaN,
        "Other Non Operating Income Expenses": NaN,
        "Net Non Operating Interest Income Expense": NaN,
        "Interest Expense Non Operating": NaN,
        "Interest Income Non Operating": NaN,
        "Operating Income": NaN,
        "Operating Expense": NaN,
        "Selling General And Administration": NaN,
        "Selling And Marketing Expense": NaN,
        "General And Administrative Expense": NaN,
        "Other Gand A": NaN,
        "Gross Profit": NaN,
        "Cost Of Revenue": NaN,
        "Total Revenue": NaN,
        "Operating Revenue": NaN
    },
    "2024-03-31": {
        "Tax Effect Of Unusual Items": 0.0,
        "Tax Rate For Calcs": 0.230617,
        "Normalized EBITDA": 28950000.0,
        "Net Income From Continuing Operation Net Minority Interest": 19023000.0,
        "Reconciled Depreciation": 3970000.0,
        "Reconciled Cost Of Revenue": 89032000.0,
        "EBITDA": 28950000.0,
        "EBIT": 24980000.0,
        "Net Interest Income": 833000.0,
        "Interest Expense": 255000.0,
        "Interest Income": 1088000.0,
        "Normalized Income": 19023000.0,
        "Net Income From Continuing And Discontinued Operation": 19023000.0,
        "Total Expenses": 123760000.0,
        "Total Operating Income As Reported": 24169000.0,
        "Diluted Average Shares": 43845952.0,
        "Basic Average Shares": 41792527.0,
        "Diluted EPS": 0.43,
        "Basic EPS": 0.46,
        "Diluted NI Availto Com Stockholders": 19023000.0,
        "Net Income Common Stockholders": 19023000.0,
        "Net Income": 19023000.0,
        "Minority Interests": NaN,
        "Net Income Including Noncontrolling Interests": 19023000.0,
        "Net Income Continuous Operations": 19023000.0,
        "Tax Provision": 5702000.0,
        "Pretax Income": 24725000.0,
        "Other Income Expense": -277000.0,
        "Other Non Operating Income Expenses": -277000.0,
        "Net Non Operating Interest Income Expense": 833000.0,
        "Interest Expense Non Operating": 255000.0,
        "Interest Income Non Operating": 1088000.0,
        "Operating Income": 24169000.0,
        "Operating Expense": 34728000.0,
        "Selling General And Administration": 34728000.0,
        "Selling And Marketing Expense": 7596000.0,
        "General And Administrative Expense": 27132000.0,
        "Other Gand A": 27132000.0,
        "Gross Profit": 58897000.0,
        "Cost Of Revenue": 89032000.0,
        "Total Revenue": 147929000.0,
        "Operating Revenue": 147929000.0
    },
    "2024-06-30": {
        "Tax Effect Of Unusual Items": 0.0,
        "Tax Rate For Calcs": 0.097841,
        "Normalized EBITDA": 22555000.0,
        "Net Income From Continuing Operation Net Minority Interest": 16339000.0,
        "Reconciled Depreciation": 4187000.0,
        "Reconciled Cost Of Revenue": 89710000.0,
        "EBITDA": 22555000.0,
        "EBIT": 18368000.0,
        "Net Interest Income": 1059000.0,
        "Interest Expense": 257000.0,
        "Interest Income": 1316000.0,
        "Normalized Income": 16339000.0,
        "Net Income From Continuing And Discontinued Operation": 16339000.0,
        "Total Expenses": 130249000.0,
        "Total Operating Income As Reported": 17139000.0,
        "Diluted Average Shares": 45248792.0,
        "Basic Average Shares": 42500355.0,
        "Diluted EPS": 0.36,
        "Basic EPS": 0.38,
        "Diluted NI Availto Com Stockholders": 16339000.0,
        "Net Income Common Stockholders": 16339000.0,
        "Net Income": 16339000.0,
        "Minority Interests": NaN,
        "Net Income Including Noncontrolling Interests": 16339000.0,
        "Net Income Continuous Operations": 16339000.0,
        "Tax Provision": 1772000.0,
        "Pretax Income": 18111000.0,
        "Other Income Expense": -87000.0,
        "Other Non Operating Income Expenses": -87000.0,
        "Net Non Operating Interest Income Expense": 1059000.0,
        "Interest Expense Non Operating": 257000.0,
        "Interest Income Non Operating": 1316000.0,
        "Operating Income": 17139000.0,
        "Operating Expense": 40539000.0,
        "Selling General And Administration": 40539000.0,
        "Selling And Marketing Expense": 7203000.0,
        "General And Administrative Expense": 33336000.0,
        "Other Gand A": 33336000.0,
        "Gross Profit": 57678000.0,
        "Cost Of Revenue": 89710000.0,
        "Total Revenue": 147388000.0,
        "Operating Revenue": 147388000.0
    },
    "2024-09-30": {
        "Tax Effect Of Unusual Items": 0.0,
        "Tax Rate For Calcs": 0.282797,
        "Normalized EBITDA": 10641000.0,
        "Net Income From Continuing Operation Net Minority Interest": 7446000.0,
        "Reconciled Depreciation": -1179000.0,
        "Reconciled Cost Of Revenue": 91526000.0,
        "EBITDA": 10641000.0,
        "EBIT": 10641000.0,
        "Net Interest Income": 1148000.0,
        "Interest Expense": 259000.0,
        "Interest Income": 1407000.0,
        "Normalized Income": 7446000.0,
        "Net Income From Continuing And Discontinued Operation": 7446000.0,
        "Total Expenses": 135762000.0,
        "Total Operating Income As Reported": 9240000.0,
        "Diluted Average Shares": 45463862.0,
        "Basic Average Shares": 43249234.0,
        "Diluted EPS": 0.16,
        "Basic EPS": 0.17,
        "Diluted NI Availto Com Stockholders": 7446000.0,
        "Net Income Common Stockholders": 7446000.0,
        "Net Income": 7446000.0,
        "Minority Interests": NaN,
        "Net Income Including Noncontrolling Interests": 7446000.0,
        "Net Income Continuous Operations": 7446000.0,
        "Tax Provision": 2936000.0,
        "Pretax Income": 10382000.0,
        "Other Income Expense": -6000.0,
        "Other Non Operating Income Expenses": -6000.0,
        "Net Non Operating Interest Income Expense": 1148000.0,
        "Interest Expense Non Operating": 259000.0,
        "Interest Income Non Operating": 1407000.0,
        "Operating Income": 9240000.0,
        "Operating Expense": 44236000.0,
        "Selling General And Administration": 44236000.0,
        "Selling And Marketing Expense": 8134000.0,
        "General And Administrative Expense": 36102000.0,
        "Other Gand A": 36102000.0,
        "Gross Profit": 53476000.0,
        "Cost Of Revenue": 91526000.0,
        "Total Revenue": 145002000.0,
        "Operating Revenue": 145002000.0
    },
    "2024-12-31": {
        "Tax Effect Of Unusual Items": 0.0,
        "Tax Rate For Calcs": 0.261173,
        "Normalized EBITDA": 20674000.0,
        "Net Income From Continuing Operation Net Minority Interest": 10580000.0,
        "Reconciled Depreciation": 6115000.0,
        "Reconciled Cost Of Revenue": 106113000.0,
        "EBITDA": 20674000.0,
        "EBIT": 14559000.0,
        "Net Interest Income": 1196000.0,
        "Interest Expense": 239000.0,
        "Interest Income": 1435000.0,
        "Normalized Income": 10580000.0,
        "Net Income From Continuing And Discontinued Operation": 10580000.0,
        "Total Expenses": 152985000.0,
        "Total Operating Income As Reported": 13004000.0,
        "Diluted Average Shares": 45653333.0,
        "Basic Average Shares": 43843723.0,
        "Diluted EPS": 0.23,
        "Basic EPS": 0.24,
        "Diluted NI Availto Com Stockholders": 10580000.0,
        "Net Income Common Stockholders": 10580000.0,
        "Net Income": 10580000.0,
        "Minority Interests": NaN,
        "Net Income Including Noncontrolling Interests": 10580000.0,
        "Net Income Continuous Operations": 10580000.0,
        "Tax Provision": 3740000.0,
        "Pretax Income": 14320000.0,
        "Other Income Expense": 120000.0,
        "Other Non Operating Income Expenses": 120000.0,
        "Net Non Operating Interest Income Expense": 1196000.0,
        "Interest Expense Non Operating": 239000.0,
        "Interest Income Non Operating": 1435000.0,
        "Operating Income": 13004000.0,
        "Operating Expense": 46872000.0,
        "Selling General And Administration": 46872000.0,
        "Selling And Marketing Expense": 9502000.0,
        "General And Administrative Expense": 37370000.0,
        "Other Gand A": 37370000.0,
        "Gross Profit": 59876000.0,
        "Cost Of Revenue": 106113000.0,
        "Total Revenue": 165989000.0,
        "Operating Revenue": 165989000.0
    },
    "2025-03-31": {
        "Tax Effect Of Unusual Items": 0.0,
        "Tax Rate For Calcs": 0.243532,
        "Normalized EBITDA": 27522000.0,
        "Net Income From Continuing Operation Net Minority Interest": 16901000.0,
        "Reconciled Depreciation": 4946000.0,
        "Reconciled Cost Of Revenue": 99676000.0,
        "EBITDA": 27522000.0,
        "EBIT": 22576000.0,
        "Net Interest Income": 977000.0,
        "Interest Expense": 234000.0,
        "Interest Income": 1211000.0,
        "Normalized Income": 16901000.0,
        "Net Income From Continuing And Discontinued Operation": 16901000.0,
        "Total Expenses": 140420000.0,
        "Total Operating Income As Reported": 21769000.0,
        "Diluted Average Shares": 45804924.0,
        "Basic Average Shares": 44250685.0,
        "Diluted EPS": 0.37,
        "Basic EPS": 0.38,
        "Diluted NI Availto Com Stockholders": 16901000.0,
        "Net Income Common Stockholders": 16901000.0,
        "Net Income": 16901000.0,
        "Minority Interests": NaN,
        "Net Income Including Noncontrolling Interests": 16901000.0,
        "Net Income Continuous Operations": 16901000.0,
        "Tax Provision": 5441000.0,
        "Pretax Income": 22342000.0,
        "Other Income Expense": -404000.0,
        "Other Non Operating Income Expenses": -404000.0,
        "Net Non Operating Interest Income Expense": 977000.0,
        "Interest Expense Non Operating": 234000.0,
        "Interest Income Non Operating": 1211000.0,
        "Operating Income": 21769000.0,
        "Operating Expense": 40744000.0,
        "Selling General And Administration": 40744000.0,
        "Selling And Marketing Expense": 8835000.0,
        "General And Administrative Expense": 31909000.0,
        "Other Gand A": 31909000.0,
        "Gross Profit": 62513000.0,
        "Cost Of Revenue": 99676000.0,
        "Total Revenue": 162189000.0,
        "Operating Revenue": 162189000.0
    }
}