{
    "2023-04-30": {
        "Tax Effect Of Unusual Items": NaN,
        "Tax Rate For Calcs": NaN,
        "Normalized EBITDA": NaN,
        "Net Income From Continuing Operation Net Minority Interest": NaN,
        "Reconciled Depreciation": NaN,
        "Reconciled Cost Of Revenue": NaN,
        "EBITDA": NaN,
        "EBIT": NaN,
        "Net Interest Income": NaN,
        "Interest Expense": NaN,
        "Interest Income": NaN,
        "Normalized Income": NaN,
        "Net Income From Continuing And Discontinued Operation": NaN,
        "Total Expenses": NaN,
        "Total Operating Income As Reported": NaN,
        "Diluted Average Shares": NaN,
        "Basic Average Shares": NaN,
        "Diluted EPS": NaN,
        "Basic EPS": NaN,
        "Diluted NI Availto Com Stockholders": NaN,
        "Average Dilution Earnings": 2336000.0,
        "Net Income Common Stockholders": NaN,
        "Otherunder Preferred Stock Dividend": 2706000.0,
        "Net Income": NaN,
        "Net Income Including Noncontrolling Interests": NaN,
        "Net Income Continuous Operations": NaN,
        "Tax Provision": NaN,
        "Pretax Income": NaN,
        "Net Non Operating Interest Income Expense": NaN,
        "Interest Expense Non Operating": NaN,
        "Interest Income Non Operating": NaN,
        "Operating Income": NaN,
        "Operating Expense": NaN,
        "Depreciation Amortization Depletion Income Statement": NaN,
        "Depreciation And Amortization In Income Statement": NaN,
        "Selling General And Administration": NaN,
        "General And Administrative Expense": NaN,
        "Other Gand A": NaN,
        "Gross Profit": NaN,
        "Cost Of Revenue": NaN,
        "Total Revenue": NaN,
        "Operating Revenue": NaN
    },
    "2023-01-31": {
        "Tax Effect Of Unusual Items": NaN,
        "Tax Rate For Calcs": NaN,
        "Normalized EBITDA": NaN,
        "Net Income From Continuing Operation Net Minority Interest": NaN,
        "Reconciled Depreciation": NaN,
        "Reconciled Cost Of Revenue": NaN,
        "EBITDA": NaN,
        "EBIT": NaN,
        "Net Interest Income": NaN,
        "Interest Expense": NaN,
        "Interest Income": NaN,
        "Normalized Income": NaN,
        "Net Income From Continuing And Discontinued Operation": NaN,
        "Total Expenses": NaN,
        "Total Operating Income As Reported": NaN,
        "Diluted Average Shares": NaN,
        "Basic Average Shares": NaN,
        "Diluted EPS": NaN,
        "Basic EPS": NaN,
        "Diluted NI Availto Com Stockholders": NaN,
        "Average Dilution Earnings": 2642000.0,
        "Net Income Common Stockholders": NaN,
        "Otherunder Preferred Stock Dividend": 2981000.0,
        "Net Income": NaN,
        "Net Income Including Noncontrolling Interests": NaN,
        "Net Income Continuous Operations": NaN,
        "Tax Provision": NaN,
        "Pretax Income": NaN,
        "Net Non Operating Interest Income Expense": NaN,
        "Interest Expense Non Operating": NaN,
        "Interest Income Non Operating": NaN,
        "Operating Income": NaN,
        "Operating Expense": NaN,
        "Depreciation Amortization Depletion Income Statement": NaN,
        "Depreciation And Amortization In Income Statement": NaN,
        "Selling General And Administration": NaN,
        "General And Administrative Expense": NaN,
        "Other Gand A": NaN,
        "Gross Profit": NaN,
        "Cost Of Revenue": NaN,
        "Total Revenue": NaN,
        "Operating Revenue": NaN
    },
    "2022-10-31": {
        "Tax Effect Of Unusual Items": NaN,
        "Tax Rate For Calcs": NaN,
        "Normalized EBITDA": NaN,
        "Net Income From Continuing Operation Net Minority Interest": NaN,
        "Reconciled Depreciation": NaN,
        "Reconciled Cost Of Revenue": NaN,
        "EBITDA": NaN,
        "EBIT": NaN,
        "Net Interest Income": NaN,
        "Interest Expense": NaN,
        "Interest Income": NaN,
        "Normalized Income": NaN,
        "Net Income From Continuing And Discontinued Operation": NaN,
        "Total Expenses": NaN,
        "Total Operating Income As Reported": NaN,
        "Diluted Average Shares": NaN,
        "Basic Average Shares": NaN,
        "Diluted EPS": NaN,
        "Basic EPS": NaN,
        "Diluted NI Availto Com Stockholders": NaN,
        "Average Dilution Earnings": NaN,
        "Net Income Common Stockholders": NaN,
        "Otherunder Preferred Stock Dividend": 304000.0,
        "Net Income": NaN,
        "Net Income Including Noncontrolling Interests": NaN,
        "Net Income Continuous Operations": NaN,
        "Tax Provision": NaN,
        "Pretax Income": NaN,
        "Net Non Operating Interest Income Expense": NaN,
        "Interest Expense Non Operating": NaN,
        "Interest Income Non Operating": NaN,
        "Operating Income": NaN,
        "Operating Expense": NaN,
        "Depreciation Amortization Depletion Income Statement": NaN,
        "Depreciation And Amortization In Income Statement": NaN,
        "Selling General And Administration": NaN,
        "General And Administrative Expense": NaN,
        "Other Gand A": NaN,
        "Gross Profit": NaN,
        "Cost Of Revenue": NaN,
        "Total Revenue": NaN,
        "Operating Revenue": NaN
    },
    "2022-07-31": {
        "Tax Effect Of Unusual Items": 0.0,
        "Tax Rate For Calcs": 0.308,
        "Normalized EBITDA": 27401000.0,
        "Total Unusual Items": 0.0,
        "Total Unusual Items Excluding Goodwill": 0.0,
        "Net Income From Continuing Operation Net Minority Interest": 12603000.0,
        "Reconciled Depreciation": 8197000.0,
        "Reconciled Cost Of Revenue": 379218000.0,
        "EBITDA": 27401000.0,
        "EBIT": 19204000.0,
        "Net Interest Income": 208000.0,
        "Interest Expense": 984000.0,
        "Interest Income": 1192000.0,
        "Normalized Income": 12603000.0,
        "Net Income From Continuing And Discontinued Operation": 12603000.0,
        "Total Expenses": 509491000.0,
        "Total Operating Income As Reported": 18012000.0,
        "Diluted Average Shares": 14513000.0,
        "Basic Average Shares": 14513000.0,
        "Diluted EPS": 0.87,
        "Basic EPS": 0.97,
        "Diluted NI Availto Com Stockholders": 12603000.0,
        "Net Income Common Stockholders": 12603000.0,
        "Otherunder Preferred Stock Dividend": NaN,
        "Net Income": 12603000.0,
        "Net Income Including Noncontrolling Interests": 12603000.0,
        "Net Income Continuous Operations": 12603000.0,
        "Tax Provision": 5617000.0,
        "Pretax Income": 18220000.0,
        "Special Income Charges": 0.0,
        "Write Off": 0.0,
        "Net Non Operating Interest Income Expense": 208000.0,
        "Interest Expense Non Operating": 984000.0,
        "Interest Income Non Operating": 1192000.0,
        "Operating Income": 18012000.0,
        "Operating Expense": 130273000.0,
        "Depreciation Amortization Depletion Income Statement": 8197000.0,
        "Depreciation And Amortization In Income Statement": 8197000.0,
        "Selling General And Administration": 122076000.0,
        "General And Administrative Expense": 122076000.0,
        "Other Gand A": 122076000.0,
        "Gross Profit": 148285000.0,
        "Cost Of Revenue": 379218000.0,
        "Total Revenue": 527503000.0,
        "Operating Revenue": 527503000.0
    },
    "2022-04-30": {
        "Diluted EPS": -0.17,
        "Total Revenue": 502,
        "Gross Profit": 142,
        "Operating Income": -4,
        "EBIT": 4,
        "Net Income": -3
    },
    "2022-01-31": {
        "Diluted EPS": 0.53,
        "Total Revenue": 537,
        "Gross Profit": 150,
        "Operating Income": 15,
        "EBIT": 24,
        "Net Income": 10
    },
    "2021-10-31": {
        "Diluted EPS": 0.4,
        "Total Revenue": 494,
        "Gross Profit": 140,
        "Operating Income": 11,
        "EBIT": 19,
        "Net Income": 7
    },
    "2021-07-31": {
        "Diluted EPS": 0.48,
        "Total Revenue": 536,
        "Gross Profit": 152,
        "Operating Income": 14,
        "EBIT": 23,
        "Net Income": 9
    },
    "2021-04-30": {
        "Diluted EPS": 0.14,
        "Total Revenue": 481,
        "Gross Profit": 133,
        "Operating Income": 4,
        "EBIT": 13,
        "Net Income": 2
    },
    "2021-01-31": {
        "Diluted EPS": 0.25,
        "Total Revenue": 523,
        "Gross Profit": 142,
        "Operating Income": 7,
        "EBIT": 16,
        "Net Income": 5
    },
    "2020-10-31": {
        "Diluted EPS": 0.18,
        "Total Revenue": 490,
        "Gross Profit": 138,
        "Operating Income": 5,
        "EBIT": 14,
        "Net Income": 3
    },
    "2020-07-31": {
        "Diluted EPS": 0.5,
        "Total Revenue": 501,
        "Gross Profit": 145,
        "Operating Income": 10,
        "EBIT": 19,
        "Net Income": 9
    },
    "2020-04-30": {
        "Diluted EPS": 0.61,
        "Total Revenue": 458,
        "Gross Profit": 130,
        "Operating Income": 15,
        "EBIT": 23,
        "Net Income": 11
    },
    "2020-01-31": {
        "Diluted EPS": 0.11,
        "Total Revenue": 437,
        "Gross Profit": 118,
        "Operating Income": 2,
        "EBIT": 10,
        "Net Income": 2
    },
    "2019-10-31": {
        "Diluted EPS": 0.14,
        "Total Revenue": 407,
        "Gross Profit": 114,
        "Operating Income": 3,
        "EBIT": 10,
        "Net Income": 3
    },
    "2019-07-31": {
        "Diluted EPS": 0.37,
        "Total Revenue": 418,
        "Gross Profit": 116,
        "Operating Income": 8,
        "EBIT": 15,
        "Net Income": 7
    },
    "2019-04-30": {
        "Diluted EPS": 0.27,
        "Total Revenue": 395,
        "Gross Profit": 111,
        "Operating Income": 7,
        "EBIT": 13,
        "Net Income": 5
    },
    "2019-01-31": {
        "Diluted EPS": 0.41,
        "Total Revenue": 428,
        "Gross Profit": 118,
        "Operating Income": 11,
        "EBIT": 18,
        "Net Income": 8
    },
    "2018-10-31": {
        "Diluted EPS": 0.34,
        "Total Revenue": 402,
        "Gross Profit": 112,
        "Operating Income": 9,
        "EBIT": 16,
        "Net Income": 6
    },
    "2018-07-31": {
        "Diluted EPS": 0.33,
        "Total Revenue": 414,
        "Gross Profit": 115,
        "Operating Income": 9,
        "EBIT": 16,
        "Net Income": 6
    },
    "2018-04-30": {
        "Diluted EPS": 0.36,
        "Total Revenue": 395,
        "Gross Profit": 110,
        "Operating Income": 9,
        "EBIT": 15,
        "Net Income": 7
    },
    "2018-01-31": {
        "Diluted EPS": 0.52,
        "Total Revenue": 418,
        "Gross Profit": 113,
        "Operating Income": 10,
        "EBIT": 16,
        "Net Income": 10
    },
    "2017-10-31": {
        "Diluted EPS": 0.16,
        "Total Revenue": 387,
        "Gross Profit": 105,
        "Operating Income": 5,
        "EBIT": 12,
        "Net Income": 3
    },
    "2017-07-31": {
        "Diluted EPS": 0.37,
        "Total Revenue": 411,
        "Gross Profit": 112,
        "Operating Income": 12,
        "EBIT": 18,
        "Net Income": 7
    },
    "2017-04-30": {
        "Diluted EPS": 0.33,
        "Total Revenue": 392,
        "Gross Profit": 108,
        "Operating Income": 11,
        "EBIT": 17,
        "Net Income": 6
    },
    "2017-01-31": {
        "Diluted EPS": 0.33,
        "Total Revenue": 412,
        "Gross Profit": 111,
        "Operating Income": 11,
        "EBIT": 17,
        "Net Income": 6
    },
    "2016-10-31": {
        "Diluted EPS": 0.22,
        "Total Revenue": 390,
        "Gross Profit": 105,
        "Operating Income": 7,
        "EBIT": 14,
        "Net Income": 4
    },
    "2016-07-31": {
        "Diluted EPS": 0.81,
        "Total Revenue": 437,
        "Gross Profit": 120,
        "Operating Income": 15,
        "EBIT": 21,
        "Net Income": 8
    },
    "2016-04-30": {
        "Diluted EPS": 0.32,
        "Total Revenue": 388,
        "Gross Profit": 107,
        "Operating Income": 10,
        "EBIT": 16,
        "Net Income": 6
    },
    "2016-01-31": {
        "Diluted EPS": 0.35,
        "Total Revenue": 420,
        "Gross Profit": 113,
        "Operating Income": 11,
        "EBIT": 17,
        "Net Income": 6
    },
    "2015-10-31": {
        "Diluted EPS": 0.32,
        "Total Revenue": 390,
        "Gross Profit": 105,
        "Operating Income": 8,
        "EBIT": 14,
        "Net Income": 4
    },
    "2015-07-31": {
        "Diluted EPS": 0.5,
        "Total Revenue": 406,
        "Gross Profit": 112,
        "Operating Income": 12,
        "EBIT": 18,
        "Net Income": 7
    },
    "2015-04-30": {
        "Diluted EPS": 0.95,
        "Total Revenue": 387,
        "Gross Profit": 107,
        "Operating Income": 11,
        "EBIT": 16,
        "Net Income": 13
    },
    "2015-01-31": {
        "Diluted EPS": 0.48,
        "Total Revenue": 411,
        "Gross Profit": 111,
        "Operating Income": 13,
        "EBIT": 19,
        "Net Income": 7
    },
    "2014-10-31": {
        "Diluted EPS": 0.28,
        "Total Revenue": 380,
        "Gross Profit": 103,
        "Operating Income": 8,
        "EBIT": 14,
        "Net Income": 4
    },
    "2014-07-31": {
        "Diluted EPS": 0.43,
        "Total Revenue": 397,
        "Gross Profit": 109,
        "Operating Income": 11,
        "EBIT": 18,
        "Net Income": 6
    },
    "2014-04-30": {
        "Diluted EPS": 0.23,
        "Total Revenue": 373,
        "Gross Profit": 100,
        "Operating Income": 6,
        "EBIT": 12,
        "Net Income": 3
    },
    "2014-01-31": {
        "Diluted EPS": 0.21,
        "Total Revenue": 392,
        "Gross Profit": 105,
        "Operating Income": 6,
        "EBIT": 11,
        "Net Income": 3
    },
    "2013-10-31": {
        "Diluted EPS": -0.5,
        "Total Revenue": 357,
        "Gross Profit": 94,
        "Operating Income": 6,
        "EBIT": 11,
        "Net Income": -7
    },
    "2013-07-31": {
        "Diluted EPS": 0.46,
        "Total Revenue": 376,
        "Gross Profit": 102,
        "Operating Income": 11,
        "EBIT": 16,
        "Net Income": 6
    },
    "2013-04-30": {
        "Diluted EPS": 0.34,
        "Total Revenue": 360,
        "Gross Profit": 97,
        "Operating Income": 8,
        "EBIT": 13,
        "Net Income": 5
    },
    "2013-01-31": {
        "Diluted EPS": 0.67,
        "Total Revenue": 382,
        "Gross Profit": 103,
        "Operating Income": 14,
        "EBIT": 19,
        "Net Income": 9
    },
    "2012-10-31": {
        "Diluted EPS": 0.43,
        "Total Revenue": 358,
        "Gross Profit": 96,
        "Operating Income": 10,
        "EBIT": 15,
        "Net Income": 6
    },
    "2012-07-31": {
        "Diluted EPS": 0.67,
        "Total Revenue": 370,
        "Gross Profit": 101,
        "Operating Income": 15,
        "EBIT": 21,
        "Net Income": 9
    },
    "2012-04-30": {
        "Diluted EPS": 0.48,
        "Total Revenue": 347,
        "Gross Profit": 95,
        "Operating Income": 12,
        "EBIT": 17,
        "Net Income": 7
    },
    "2012-01-31": {
        "Diluted EPS": 0.68,
        "Total Revenue": 363,
        "Gross Profit": 100,
        "Operating Income": 16,
        "EBIT": 21,
        "Net Income": 9
    },
    "2011-10-31": {
        "Diluted EPS": 0.5,
        "Total Revenue": 343,
        "Gross Profit": 93,
        "Operating Income": 12,
        "EBIT": 17,
        "Net Income": 7
    },
    "2011-07-31": {
        "Diluted EPS": 0.65,
        "Total Revenue": 345,
        "Gross Profit": 94,
        "Operating Income": 16,
        "EBIT": 21,
        "Net Income": 9
    },
    "2011-04-30": {
        "Diluted EPS": 0.12,
        "Total Revenue": 317,
        "Gross Profit": 86,
        "Operating Income": 3,
        "EBIT": 8,
        "Net Income": 2
    },
    "2011-01-31": {
        "Diluted EPS": 0.5,
        "Total Revenue": 330,
        "Gross Profit": 89,
        "Operating Income": 12,
        "EBIT": 17,
        "Net Income": 7
    },
    "2010-10-31": {
        "Diluted EPS": 0.3,
        "Total Revenue": 307,
        "Gross Profit": 81,
        "Operating Income": 7,
        "EBIT": 12,
        "Net Income": 4
    },
    "2010-07-31": {
        "Diluted EPS": 0.68,
        "Total Revenue": 343,
        "Gross Profit": 94,
        "Operating Income": 16,
        "EBIT": 20,
        "Net Income": 9
    },
    "2010-04-30": {
        "Diluted EPS": 0.39,
        "Total Revenue": 301,
        "Gross Profit": 82,
        "Operating Income": 9,
        "EBIT": 14,
        "Net Income": 5
    },
    "2010-01-31": {
        "Diluted EPS": 0.51,
        "Total Revenue": 315,
        "Gross Profit": 86,
        "Operating Income": 12,
        "EBIT": 16,
        "Net Income": 7
    },
    "2009-10-31": {
        "Diluted EPS": 0.34,
        "Total Revenue": 303,
        "Gross Profit": 81,
        "Operating Income": 8,
        "EBIT": 12,
        "Net Income": 5
    },
    "2009-07-31": {
        "Diluted EPS": 0.51,
        "Total Revenue": 311,
        "Gross Profit": 86,
        "Operating Income": 12,
        "EBIT": 16,
        "Net Income": 7
    },
    "2009-04-30": {
        "Diluted EPS": 0.47,
        "Total Revenue": 293,
        "Gross Profit": 80,
        "Operating Income": 11,
        "EBIT": 15,
        "Net Income": 6
    },
    "2009-01-31": {
        "Diluted EPS": 0.6,
        "Total Revenue": 313,
        "Gross Profit": 85,
        "Operating Income": 14,
        "EBIT": 18,
        "Net Income": 8
    },
    "2023-07-31": {
        "Tax Effect Of Unusual Items": NaN,
        "Tax Rate For Calcs": NaN,
        "Normalized EBITDA": NaN,
        "Net Income From Continuing Operation Net Minority Interest": NaN,
        "Reconciled Depreciation": NaN,
        "Reconciled Cost Of Revenue": NaN,
        "EBITDA": NaN,
        "EBIT": NaN,
        "Net Interest Income": NaN,
        "Interest Expense": NaN,
        "Interest Income": NaN,
        "Normalized Income": NaN,
        "Net Income From Continuing And Discontinued Operation": NaN,
        "Total Expenses": NaN,
        "Total Operating Income As Reported": NaN,
        "Diluted Average Shares": 14850485.0,
        "Basic Average Shares": 13300870.0,
        "Diluted EPS": 1.03,
        "Basic EPS": 1.15,
        "Diluted NI Availto Com Stockholders": NaN,
        "Average Dilution Earnings": NaN,
        "Net Income Common Stockholders": NaN,
        "Otherunder Preferred Stock Dividend": NaN,
        "Net Income": NaN,
        "Net Income Including Noncontrolling Interests": NaN,
        "Net Income Continuous Operations": NaN,
        "Tax Provision": NaN,
        "Pretax Income": NaN,
        "Net Non Operating Interest Income Expense": NaN,
        "Interest Expense Non Operating": NaN,
        "Interest Income Non Operating": NaN,
        "Operating Income": NaN,
        "Operating Expense": NaN,
        "Depreciation Amortization Depletion Income Statement": NaN,
        "Depreciation And Amortization In Income Statement": NaN,
        "Selling General And Administration": NaN,
        "General And Administrative Expense": NaN,
        "Other Gand A": NaN,
        "Gross Profit": NaN,
        "Cost Of Revenue": NaN,
        "Total Revenue": NaN,
        "Operating Revenue": NaN
    },
    "2023-10-31": {
        "Tax Effect Of Unusual Items": NaN,
        "Tax Rate For Calcs": NaN,
        "Normalized EBITDA": NaN,
        "Net Income From Continuing Operation Net Minority Interest": NaN,
        "Reconciled Depreciation": NaN,
        "Reconciled Cost Of Revenue": NaN,
        "EBITDA": NaN,
        "EBIT": NaN,
        "Net Interest Income": NaN,
        "Interest Expense": NaN,
        "Interest Income": NaN,
        "Normalized Income": NaN,
        "Net Income From Continuing And Discontinued Operation": NaN,
        "Total Expenses": NaN,
        "Total Operating Income As Reported": NaN,
        "Diluted Average Shares": NaN,
        "Basic Average Shares": 10146000.0,
        "Diluted EPS": 0.78,
        "Basic EPS": 0.87,
        "Diluted NI Availto Com Stockholders": NaN,
        "Average Dilution Earnings": NaN,
        "Net Income Common Stockholders": NaN,
        "Otherunder Preferred Stock Dividend": 440000.0,
        "Net Income": NaN,
        "Net Income Including Noncontrolling Interests": NaN,
        "Net Income Continuous Operations": NaN,
        "Tax Provision": NaN,
        "Pretax Income": NaN,
        "Net Non Operating Interest Income Expense": NaN,
        "Interest Expense Non Operating": NaN,
        "Interest Income Non Operating": NaN,
        "Operating Income": NaN,
        "Operating Expense": NaN,
        "Depreciation Amortization Depletion Income Statement": NaN,
        "Depreciation And Amortization In Income Statement": NaN,
        "Selling General And Administration": NaN,
        "General And Administrative Expense": NaN,
        "Other Gand A": NaN,
        "Gross Profit": NaN,
        "Cost Of Revenue": NaN,
        "Total Revenue": NaN,
        "Operating Revenue": NaN
    },
    "2024-01-31": {
        "Tax Effect Of Unusual Items": NaN,
        "Tax Rate For Calcs": NaN,
        "Normalized EBITDA": NaN,
        "Net Income From Continuing Operation Net Minority Interest": NaN,
        "Reconciled Depreciation": NaN,
        "Reconciled Cost Of Revenue": NaN,
        "EBITDA": NaN,
        "EBIT": NaN,
        "Net Interest Income": NaN,
        "Interest Expense": NaN,
        "Interest Income": NaN,
        "Normalized Income": NaN,
        "Net Income From Continuing And Discontinued Operation": NaN,
        "Total Expenses": NaN,
        "Total Operating Income As Reported": NaN,
        "Diluted Average Shares": 14303000.0,
        "Basic Average Shares": 10099000.0,
        "Diluted EPS": 0.97,
        "Basic EPS": 1.09,
        "Diluted NI Availto Com Stockholders": NaN,
        "Average Dilution Earnings": 2966000.0,
        "Net Income Common Stockholders": NaN,
        "Otherunder Preferred Stock Dividend": 3508000.0,
        "Net Income": NaN,
        "Net Income Including Noncontrolling Interests": NaN,
        "Net Income Continuous Operations": NaN,
        "Tax Provision": NaN,
        "Pretax Income": NaN,
        "Net Non Operating Interest Income Expense": NaN,
        "Interest Expense Non Operating": NaN,
        "Interest Income Non Operating": NaN,
        "Operating Income": NaN,
        "Operating Expense": NaN,
        "Depreciation Amortization Depletion Income Statement": NaN,
        "Depreciation And Amortization In Income Statement": NaN,
        "Selling General And Administration": NaN,
        "General And Administrative Expense": NaN,
        "Other Gand A": NaN,
        "Gross Profit": NaN,
        "Cost Of Revenue": NaN,
        "Total Revenue": NaN,
        "Operating Revenue": NaN
    },
    "2024-04-30": {
        "Tax Effect Of Unusual Items": 0.0,
        "Tax Rate For Calcs": 0.301,
        "Normalized EBITDA": 22442000.0,
        "Net Income From Continuing Operation Net Minority Interest": 8966000.0,
        "Reconciled Depreciation": 8604000.0,
        "Reconciled Cost Of Revenue": 389938000.0,
        "EBITDA": 22442000.0,
        "EBIT": 13838000.0,
        "Net Interest Income": 2619000.0,
        "Interest Expense": 1015000.0,
        "Interest Income": 3634000.0,
        "Normalized Income": 8966000.0,
        "Net Income From Continuing And Discontinued Operation": 8966000.0,
        "Total Expenses": 536192000.0,
        "Total Operating Income As Reported": 10204000.0,
        "Diluted Average Shares": 14296000.0,
        "Basic Average Shares": 14296000.0,
        "Diluted EPS": 0.6,
        "Basic EPS": 0.67,
        "Diluted NI Availto Com Stockholders": 8636000.0,
        "Average Dilution Earnings": 1838000.0,
        "Net Income Common Stockholders": 6798000.0,
        "Otherunder Preferred Stock Dividend": 2168000.0,
        "Net Income": 8966000.0,
        "Net Income Including Noncontrolling Interests": 8966000.0,
        "Net Income Continuous Operations": 8966000.0,
        "Tax Provision": 3857000.0,
        "Pretax Income": 12823000.0,
        "Net Non Operating Interest Income Expense": 2619000.0,
        "Interest Expense Non Operating": 1015000.0,
        "Interest Income Non Operating": 3634000.0,
        "Operating Income": 10204000.0,
        "Operating Expense": 145728000.0,
        "Depreciation Amortization Depletion Income Statement": 8078000.0,
        "Depreciation And Amortization In Income Statement": 8078000.0,
        "Selling General And Administration": 137650000.0,
        "General And Administrative Expense": 137650000.0,
        "Other Gand A": 137650000.0,
        "Gross Profit": 155932000.0,
        "Cost Of Revenue": 390464000.0,
        "Total Revenue": 546396000.0,
        "Operating Revenue": 546396000.0
    },
    "2024-07-31": {
        "Tax Effect Of Unusual Items": 0.0,
        "Tax Rate For Calcs": 0.293568,
        "Normalized EBITDA": 31750000.0,
        "Net Income From Continuing Operation Net Minority Interest": 15432000.0,
        "Reconciled Depreciation": 8895000.0,
        "Reconciled Cost Of Revenue": 408030000.0,
        "EBITDA": 31750000.0,
        "EBIT": 22855000.0,
        "Net Interest Income": 2587000.0,
        "Interest Expense": 1010000.0,
        "Interest Income": 3597000.0,
        "Normalized Income": 15432000.0,
        "Net Income From Continuing And Discontinued Operation": 15432000.0,
        "Total Expenses": 556854000.0,
        "Total Operating Income As Reported": 19258000.0,
        "Diluted Average Shares": NaN,
        "Basic Average Shares": NaN,
        "Diluted EPS": NaN,
        "Basic EPS": NaN,
        "Diluted NI Availto Com Stockholders": 14876000.0,
        "Average Dilution Earnings": -9036000.0,
        "Net Income Common Stockholders": 23912000.0,
        "Otherunder Preferred Stock Dividend": NaN,
        "Net Income": 15432000.0,
        "Net Income Including Noncontrolling Interests": 15432000.0,
        "Net Income Continuous Operations": 15432000.0,
        "Tax Provision": 6413000.0,
        "Pretax Income": 21845000.0,
        "Net Non Operating Interest Income Expense": 2587000.0,
        "Interest Expense Non Operating": 1010000.0,
        "Interest Income Non Operating": 3597000.0,
        "Operating Income": 21383000.0,
        "Operating Expense": 148270000.0,
        "Depreciation Amortization Depletion Income Statement": 8341000.0,
        "Depreciation And Amortization In Income Statement": 8341000.0,
        "Selling General And Administration": 139929000.0,
        "General And Administrative Expense": 139929000.0,
        "Other Gand A": 139929000.0,
        "Gross Profit": 169653000.0,
        "Cost Of Revenue": 408584000.0,
        "Total Revenue": 578237000.0,
        "Operating Revenue": 578237000.0
    },
    "2024-10-31": {
        "Tax Effect Of Unusual Items": 0.0,
        "Tax Rate For Calcs": 0.312,
        "Normalized EBITDA": 28548000.0,
        "Net Income From Continuing Operation Net Minority Interest": 12803000.0,
        "Reconciled Depreciation": 8955000.0,
        "Reconciled Cost Of Revenue": 395247000.0,
        "EBITDA": 28548000.0,
        "EBIT": 19593000.0,
        "Net Interest Income": 2627000.0,
        "Interest Expense": 990000.0,
        "Interest Income": 3617000.0,
        "Normalized Income": 12803000.0,
        "Net Income From Continuing And Discontinued Operation": 12803000.0,
        "Total Expenses": 541721000.0,
        "Total Operating Income As Reported": 15976000.0,
        "Diluted Average Shares": 14306000.0,
        "Basic Average Shares": 10106000.0,
        "Diluted EPS": 0.86,
        "Basic EPS": 0.96,
        "Diluted NI Availto Com Stockholders": 12366000.0,
        "Average Dilution Earnings": NaN,
        "Net Income Common Stockholders": 12366000.0,
        "Otherunder Preferred Stock Dividend": 437000.0,
        "Net Income": 12803000.0,
        "Net Income Including Noncontrolling Interests": 12803000.0,
        "Net Income Continuous Operations": 12803000.0,
        "Tax Provision": 5800000.0,
        "Pretax Income": 18603000.0,
        "Net Non Operating Interest Income Expense": 2627000.0,
        "Interest Expense Non Operating": 990000.0,
        "Interest Income Non Operating": 3617000.0,
        "Operating Income": 15976000.0,
        "Operating Expense": 145902000.0,
        "Depreciation Amortization Depletion Income Statement": 8383000.0,
        "Depreciation And Amortization In Income Statement": 8383000.0,
        "Selling General And Administration": 137519000.0,
        "General And Administrative Expense": 137519000.0,
        "Other Gand A": 137519000.0,
        "Gross Profit": 161878000.0,
        "Cost Of Revenue": 395819000.0,
        "Total Revenue": 557697000.0,
        "Operating Revenue": 557697000.0
    },
    "2025-01-31": {
        "Tax Effect Of Unusual Items": 0.0,
        "Tax Rate For Calcs": 0.311,
        "Normalized EBITDA": 34700000.0,
        "Net Income From Continuing Operation Net Minority Interest": 16896000.0,
        "Reconciled Depreciation": 9194000.0,
        "Reconciled Cost Of Revenue": 429053000.0,
        "EBITDA": 34700000.0,
        "EBIT": 25506000.0,
        "Net Interest Income": 2374000.0,
        "Interest Expense": 982000.0,
        "Interest Income": 3356000.0,
        "Normalized Income": 16896000.0,
        "Net Income From Continuing And Discontinued Operation": 16896000.0,
        "Total Expenses": 577501000.0,
        "Total Operating Income As Reported": 22150000.0,
        "Diluted Average Shares": 14307000.0,
        "Basic Average Shares": 10182000.0,
        "Diluted EPS": 1.14,
        "Basic EPS": 1.27,
        "Diluted NI Availto Com Stockholders": 16324000.0,
        "Average Dilution Earnings": 3400000.0,
        "Net Income Common Stockholders": 12924000.0,
        "Otherunder Preferred Stock Dividend": 3972000.0,
        "Net Income": 16896000.0,
        "Net Income Including Noncontrolling Interests": 16896000.0,
        "Net Income Continuous Operations": 16896000.0,
        "Tax Provision": 7628000.0,
        "Pretax Income": 24524000.0,
        "Net Non Operating Interest Income Expense": 2374000.0,
        "Interest Expense Non Operating": 982000.0,
        "Interest Income Non Operating": 3356000.0,
        "Operating Income": 22150000.0,
        "Operating Expense": 147856000.0,
        "Depreciation Amortization Depletion Income Statement": 8602000.0,
        "Depreciation And Amortization In Income Statement": 8602000.0,
        "Selling General And Administration": 139254000.0,
        "General And Administrative Expense": 139254000.0,
        "Other Gand A": 139254000.0,
        "Gross Profit": 170006000.0,
        "Cost Of Revenue": 429645000.0,
        "Total Revenue": 599651000.0,
        "Operating Revenue": 599651000.0
    },
    "2025-04-30": {
        "Tax Effect Of Unusual Items": 0.0,
        "Tax Rate For Calcs": 0.306,
        "Normalized EBITDA": 26356000.0,
        "Net Income From Continuing Operation Net Minority Interest": 11161000.0,
        "Reconciled Depreciation": 9375000.0,
        "Reconciled Cost Of Revenue": 400886000.0,
        "EBITDA": 26356000.0,
        "EBIT": 16981000.0,
        "Net Interest Income": 2357000.0,
        "Interest Expense": 899000.0,
        "Interest Income": 3256000.0,
        "Normalized Income": 11161000.0,
        "Net Income From Continuing And Discontinued Operation": 11161000.0,
        "Total Expenses": 549944000.0,
        "Total Operating Income As Reported": 13725000.0,
        "Diluted Average Shares": 14315000.0,
        "Basic Average Shares": 14315000.0,
        "Diluted EPS": 0.75,
        "Basic EPS": 0.84,
        "Diluted NI Availto Com Stockholders": 10797000.0,
        "Average Dilution Earnings": 2247000.0,
        "Net Income Common Stockholders": 8550000.0,
        "Otherunder Preferred Stock Dividend": 2611000.0,
        "Net Income": 11161000.0,
        "Net Income Including Noncontrolling Interests": 11161000.0,
        "Net Income Continuous Operations": 11161000.0,
        "Tax Provision": 4921000.0,
        "Pretax Income": 16082000.0,
        "Net Non Operating Interest Income Expense": 2357000.0,
        "Interest Expense Non Operating": 899000.0,
        "Interest Income Non Operating": 3256000.0,
        "Operating Income": 13725000.0,
        "Operating Expense": 148456000.0,
        "Depreciation Amortization Depletion Income Statement": 8773000.0,
        "Depreciation And Amortization In Income Statement": 8773000.0,
        "Selling General And Administration": 139683000.0,
        "General And Administrative Expense": 139683000.0,
        "Other Gand A": 139683000.0,
        "Gross Profit": 162181000.0,
        "Cost Of Revenue": 401488000.0,
        "Total Revenue": 563669000.0,
        "Operating Revenue": 563669000.0
    }
}