{
    "2023-03-31": {
        "Tax Effect Of Unusual Items": NaN,
        "Tax Rate For Calcs": NaN,
        "Normalized EBITDA": NaN,
        "Total Unusual Items": NaN,
        "Total Unusual Items Excluding Goodwill": NaN,
        "Net Income From Continuing Operation Net Minority Interest": NaN,
        "Reconciled Depreciation": NaN,
        "Reconciled Cost Of Revenue": NaN,
        "EBITDA": NaN,
        "EBIT": NaN,
        "Net Interest Income": NaN,
        "Interest Expense": NaN,
        "Interest Income": NaN,
        "Normalized Income": NaN,
        "Net Income From Continuing And Discontinued Operation": NaN,
        "Total Expenses": NaN,
        "Total Operating Income As Reported": NaN,
        "Diluted Average Shares": NaN,
        "Basic Average Shares": NaN,
        "Diluted EPS": NaN,
        "Basic EPS": NaN,
        "Diluted NI Availto Com Stockholders": NaN,
        "Net Income Common Stockholders": NaN,
        "Net Income": NaN,
        "Net Income Including Noncontrolling Interests": NaN,
        "Net Income Continuous Operations": NaN,
        "Earnings From Equity Interest Net Of Tax": NaN,
        "Tax Provision": NaN,
        "Pretax Income": NaN,
        "Other Income Expense": NaN,
        "Special Income Charges": NaN,
        "Restructuring And Mergern Acquisition": NaN,
        "Gain On Sale Of Security": NaN,
        "Net Non Operating Interest Income Expense": NaN,
        "Total Other Finance Cost": -191000.0,
        "Interest Expense Non Operating": NaN,
        "Interest Income Non Operating": NaN,
        "Operating Income": NaN,
        "Operating Expense": NaN,
        "Research And Development": NaN,
        "Selling General And Administration": NaN,
        "Selling And Marketing Expense": NaN,
        "General And Administrative Expense": NaN,
        "Other Gand A": NaN,
        "Gross Profit": NaN,
        "Cost Of Revenue": NaN,
        "Total Revenue": NaN,
        "Operating Revenue": NaN
    },
    "2022-12-31": {
        "Tax Effect Of Unusual Items": NaN,
        "Tax Rate For Calcs": NaN,
        "Normalized EBITDA": NaN,
        "Total Unusual Items": NaN,
        "Total Unusual Items Excluding Goodwill": NaN,
        "Net Income From Continuing Operation Net Minority Interest": NaN,
        "Reconciled Depreciation": NaN,
        "Reconciled Cost Of Revenue": NaN,
        "EBITDA": NaN,
        "EBIT": NaN,
        "Net Interest Income": NaN,
        "Interest Expense": NaN,
        "Interest Income": NaN,
        "Normalized Income": NaN,
        "Net Income From Continuing And Discontinued Operation": NaN,
        "Total Expenses": NaN,
        "Total Operating Income As Reported": NaN,
        "Diluted Average Shares": NaN,
        "Basic Average Shares": NaN,
        "Diluted EPS": NaN,
        "Basic EPS": NaN,
        "Diluted NI Availto Com Stockholders": NaN,
        "Net Income Common Stockholders": NaN,
        "Net Income": NaN,
        "Net Income Including Noncontrolling Interests": NaN,
        "Net Income Continuous Operations": NaN,
        "Earnings From Equity Interest Net Of Tax": NaN,
        "Tax Provision": NaN,
        "Pretax Income": NaN,
        "Other Income Expense": NaN,
        "Special Income Charges": NaN,
        "Restructuring And Mergern Acquisition": NaN,
        "Gain On Sale Of Security": NaN,
        "Net Non Operating Interest Income Expense": NaN,
        "Total Other Finance Cost": -3763000.0,
        "Interest Expense Non Operating": NaN,
        "Interest Income Non Operating": NaN,
        "Operating Income": NaN,
        "Operating Expense": NaN,
        "Research And Development": NaN,
        "Selling General And Administration": NaN,
        "Selling And Marketing Expense": NaN,
        "General And Administrative Expense": NaN,
        "Other Gand A": NaN,
        "Gross Profit": NaN,
        "Cost Of Revenue": NaN,
        "Total Revenue": NaN,
        "Operating Revenue": NaN
    },
    "2022-09-30": {
        "Tax Effect Of Unusual Items": -148000.0,
        "Tax Rate For Calcs": 0.4,
        "Normalized EBITDA": -4420000.0,
        "Total Unusual Items": -370000.0,
        "Total Unusual Items Excluding Goodwill": -370000.0,
        "Net Income From Continuing Operation Net Minority Interest": -5305000.0,
        "Reconciled Depreciation": 349000.0,
        "Reconciled Cost Of Revenue": 7005000.0,
        "EBITDA": -4790000.0,
        "EBIT": -5139000.0,
        "Net Interest Income": 221000.0,
        "Interest Expense": NaN,
        "Interest Income": NaN,
        "Normalized Income": -5083000.0,
        "Net Income From Continuing And Discontinued Operation": -5305000.0,
        "Total Expenses": 28280000.0,
        "Total Operating Income As Reported": -5139000.0,
        "Diluted Average Shares": 98058696.0,
        "Basic Average Shares": 98058696.0,
        "Diluted EPS": -0.05,
        "Basic EPS": -0.05,
        "Diluted NI Availto Com Stockholders": -5305000.0,
        "Net Income Common Stockholders": -5305000.0,
        "Net Income": -5305000.0,
        "Net Income Including Noncontrolling Interests": -5305000.0,
        "Net Income Continuous Operations": -5305000.0,
        "Earnings From Equity Interest Net Of Tax": 4000.0,
        "Tax Provision": 21000.0,
        "Pretax Income": -5288000.0,
        "Other Income Expense": -370000.0,
        "Gain On Sale Of Security": -370000.0,
        "Net Non Operating Interest Income Expense": 221000.0,
        "Total Other Finance Cost": -221000.0,
        "Interest Expense Non Operating": NaN,
        "Interest Income Non Operating": NaN,
        "Operating Income": -5139000.0,
        "Operating Expense": 21275000.0,
        "Research And Development": 12714000.0,
        "Selling General And Administration": 8561000.0,
        "Selling And Marketing Expense": 4196000.0,
        "General And Administrative Expense": 4365000.0,
        "Other Gand A": 4365000.0,
        "Gross Profit": 16136000.0,
        "Cost Of Revenue": 7005000.0,
        "Total Revenue": 23141000.0,
        "Operating Revenue": 23141000.0
    },
    "2022-06-30": {
        "Tax Effect Of Unusual Items": -806400.0,
        "Tax Rate For Calcs": 0.4,
        "Normalized EBITDA": -7387000.0,
        "Total Unusual Items": -2016000.0,
        "Total Unusual Items Excluding Goodwill": -2016000.0,
        "Net Income From Continuing Operation Net Minority Interest": -9995000.0,
        "Reconciled Depreciation": 347000.0,
        "Reconciled Cost Of Revenue": 6697000.0,
        "EBITDA": -9403000.0,
        "EBIT": -9750000.0,
        "Net Interest Income": -6000.0,
        "Interest Expense": 205000.0,
        "Interest Income": 199000.0,
        "Normalized Income": -8785400.0,
        "Net Income From Continuing And Discontinued Operation": -9995000.0,
        "Total Expenses": 30414000.0,
        "Total Operating Income As Reported": -7933000.0,
        "Diluted Average Shares": 97442359.0,
        "Basic Average Shares": 97442359.0,
        "Diluted EPS": -0.1,
        "Basic EPS": -0.1,
        "Diluted NI Availto Com Stockholders": -9995000.0,
        "Net Income Common Stockholders": -9995000.0,
        "Net Income": -9995000.0,
        "Net Income Including Noncontrolling Interests": -9995000.0,
        "Net Income Continuous Operations": -9995000.0,
        "Earnings From Equity Interest Net Of Tax": 3000.0,
        "Tax Provision": 43000.0,
        "Pretax Income": -9955000.0,
        "Other Income Expense": -2016000.0,
        "Other Non Operating Income Expenses": 1538000.0,
        "Gain On Sale Of Security": -2016000.0,
        "Net Non Operating Interest Income Expense": -6000.0,
        "Total Other Finance Cost": 3560000.0,
        "Interest Expense Non Operating": 205000.0,
        "Interest Income Non Operating": 199000.0,
        "Operating Income": -7933000.0,
        "Operating Expense": 23717000.0,
        "Research And Development": 14904000.0,
        "Selling General And Administration": 8813000.0,
        "Selling And Marketing Expense": 4473000.0,
        "General And Administrative Expense": 4340000.0,
        "Other Gand A": 4340000.0,
        "Gross Profit": 15784000.0,
        "Cost Of Revenue": 6697000.0,
        "Total Revenue": 22481000.0,
        "Operating Revenue": 22481000.0
    },
    "2022-03-31": {
        "Diluted EPS": -0.05,
        "Total Revenue": 22,
        "Gross Profit": 15,
        "Operating Income": -7,
        "EBIT": -7,
        "Net Income": -5
    },
    "2021-12-31": {
        "Diluted EPS": 1.4,
        "Total Revenue": 21,
        "Gross Profit": 15,
        "Operating Income": -9,
        "EBIT": -8,
        "Net Income": -16
    },
    "2021-09-30": {
        "Diluted EPS": -0.94,
        "Total Revenue": 19,
        "Gross Profit": 14,
        "Operating Income": -8,
        "EBIT": -8,
        "Net Income": -8
    },
    "2021-06-30": {
        "Diluted EPS": -0.68,
        "Total Revenue": 18,
        "Gross Profit": 12,
        "Operating Income": -4,
        "EBIT": -4,
        "Net Income": -7
    },
    "2021-03-31": {
        "Diluted EPS": -0.93,
        "Total Revenue": 13,
        "Gross Profit": 10,
        "Operating Income": -6,
        "EBIT": -6,
        "Net Income": -6
    },
    "2020-12-31": {
        "Diluted EPS": -3.13,
        "Total Revenue": NaN,
        "Gross Profit": NaN,
        "Operating Income": -79,
        "EBIT": -79,
        "Net Income": -19
    },
    "2020-09-30": {
        "Diluted EPS": -0.08,
        "Total Revenue": NaN,
        "Gross Profit": NaN,
        "Operating Income": 0,
        "EBIT": 0,
        "Net Income": 0
    },
    "2020-06-30": {
        "Diluted EPS": -0.04,
        "Total Revenue": NaN,
        "Gross Profit": NaN,
        "Operating Income": 0,
        "EBIT": 0,
        "Net Income": 0
    },
    "2020-03-31": {
        "Diluted EPS": 0.0,
        "Total Revenue": NaN,
        "Gross Profit": NaN,
        "Operating Income": 0,
        "EBIT": 0,
        "Net Income": 0
    },
    "2019-12-31": {
        "Diluted EPS": 0.0,
        "Total Revenue": NaN,
        "Gross Profit": NaN,
        "Operating Income": NaN,
        "EBIT": NaN,
        "Net Income": NaN
    },
    "2023-06-30": {
        "Tax Effect Of Unusual Items": NaN,
        "Tax Rate For Calcs": NaN,
        "Normalized EBITDA": NaN,
        "Total Unusual Items": NaN,
        "Total Unusual Items Excluding Goodwill": NaN,
        "Net Income From Continuing Operation Net Minority Interest": NaN,
        "Reconciled Depreciation": NaN,
        "Reconciled Cost Of Revenue": NaN,
        "EBITDA": NaN,
        "EBIT": NaN,
        "Net Interest Income": NaN,
        "Interest Expense": 8000.0,
        "Interest Income": 1630000.0,
        "Normalized Income": NaN,
        "Net Income From Continuing And Discontinued Operation": NaN,
        "Total Expenses": NaN,
        "Total Operating Income As Reported": NaN,
        "Diluted Average Shares": NaN,
        "Basic Average Shares": NaN,
        "Diluted EPS": NaN,
        "Basic EPS": NaN,
        "Diluted NI Availto Com Stockholders": NaN,
        "Net Income Common Stockholders": NaN,
        "Net Income": NaN,
        "Net Income Including Noncontrolling Interests": NaN,
        "Net Income Continuous Operations": NaN,
        "Earnings From Equity Interest Net Of Tax": NaN,
        "Tax Provision": NaN,
        "Pretax Income": NaN,
        "Other Income Expense": NaN,
        "Special Income Charges": 0.0,
        "Restructuring And Mergern Acquisition": 0.0,
        "Gain On Sale Of Security": NaN,
        "Net Non Operating Interest Income Expense": NaN,
        "Total Other Finance Cost": NaN,
        "Interest Expense Non Operating": 8000.0,
        "Interest Income Non Operating": 1630000.0,
        "Operating Income": NaN,
        "Operating Expense": NaN,
        "Research And Development": NaN,
        "Selling General And Administration": NaN,
        "Selling And Marketing Expense": NaN,
        "General And Administrative Expense": NaN,
        "Other Gand A": NaN,
        "Gross Profit": NaN,
        "Cost Of Revenue": NaN,
        "Total Revenue": NaN,
        "Operating Revenue": NaN
    },
    "2023-09-30": {
        "Tax Effect Of Unusual Items": NaN,
        "Tax Rate For Calcs": NaN,
        "Normalized EBITDA": NaN,
        "Total Unusual Items": NaN,
        "Total Unusual Items Excluding Goodwill": NaN,
        "Net Income From Continuing Operation Net Minority Interest": NaN,
        "Reconciled Depreciation": NaN,
        "Reconciled Cost Of Revenue": NaN,
        "EBITDA": NaN,
        "EBIT": NaN,
        "Net Interest Income": NaN,
        "Interest Expense": NaN,
        "Interest Income": NaN,
        "Normalized Income": NaN,
        "Net Income From Continuing And Discontinued Operation": NaN,
        "Total Expenses": NaN,
        "Total Operating Income As Reported": NaN,
        "Diluted Average Shares": NaN,
        "Basic Average Shares": NaN,
        "Diluted EPS": NaN,
        "Basic EPS": NaN,
        "Diluted NI Availto Com Stockholders": NaN,
        "Net Income Common Stockholders": NaN,
        "Net Income": NaN,
        "Net Income Including Noncontrolling Interests": NaN,
        "Net Income Continuous Operations": NaN,
        "Earnings From Equity Interest Net Of Tax": NaN,
        "Tax Provision": NaN,
        "Pretax Income": NaN,
        "Other Income Expense": NaN,
        "Special Income Charges": NaN,
        "Restructuring And Mergern Acquisition": NaN,
        "Gain On Sale Of Security": NaN,
        "Net Non Operating Interest Income Expense": NaN,
        "Total Other Finance Cost": -368000.0,
        "Interest Expense Non Operating": NaN,
        "Interest Income Non Operating": NaN,
        "Operating Income": NaN,
        "Operating Expense": NaN,
        "Research And Development": NaN,
        "Selling General And Administration": NaN,
        "Selling And Marketing Expense": NaN,
        "General And Administrative Expense": NaN,
        "Other Gand A": NaN,
        "Gross Profit": NaN,
        "Cost Of Revenue": NaN,
        "Total Revenue": NaN,
        "Operating Revenue": NaN
    },
    "2023-12-31": {
        "Tax Effect Of Unusual Items": NaN,
        "Tax Rate For Calcs": NaN,
        "Normalized EBITDA": NaN,
        "Total Unusual Items": NaN,
        "Total Unusual Items Excluding Goodwill": NaN,
        "Net Income From Continuing Operation Net Minority Interest": NaN,
        "Reconciled Depreciation": NaN,
        "Reconciled Cost Of Revenue": NaN,
        "EBITDA": NaN,
        "EBIT": NaN,
        "Net Interest Income": NaN,
        "Interest Expense": NaN,
        "Interest Income": NaN,
        "Normalized Income": NaN,
        "Net Income From Continuing And Discontinued Operation": NaN,
        "Total Expenses": NaN,
        "Total Operating Income As Reported": NaN,
        "Diluted Average Shares": NaN,
        "Basic Average Shares": NaN,
        "Diluted EPS": NaN,
        "Basic EPS": NaN,
        "Diluted NI Availto Com Stockholders": NaN,
        "Net Income Common Stockholders": NaN,
        "Net Income": NaN,
        "Net Income Including Noncontrolling Interests": NaN,
        "Net Income Continuous Operations": NaN,
        "Earnings From Equity Interest Net Of Tax": NaN,
        "Tax Provision": NaN,
        "Pretax Income": NaN,
        "Other Income Expense": NaN,
        "Special Income Charges": NaN,
        "Restructuring And Mergern Acquisition": NaN,
        "Gain On Sale Of Security": -2696000.0,
        "Net Non Operating Interest Income Expense": NaN,
        "Total Other Finance Cost": NaN,
        "Interest Expense Non Operating": NaN,
        "Interest Income Non Operating": NaN,
        "Operating Income": NaN,
        "Operating Expense": NaN,
        "Research And Development": NaN,
        "Selling General And Administration": NaN,
        "Selling And Marketing Expense": NaN,
        "General And Administrative Expense": NaN,
        "Other Gand A": NaN,
        "Gross Profit": NaN,
        "Cost Of Revenue": NaN,
        "Total Revenue": NaN,
        "Operating Revenue": NaN
    },
    "2024-03-31": {
        "Tax Effect Of Unusual Items": NaN,
        "Tax Rate For Calcs": NaN,
        "Normalized EBITDA": NaN,
        "Total Unusual Items": NaN,
        "Total Unusual Items Excluding Goodwill": NaN,
        "Net Income From Continuing Operation Net Minority Interest": NaN,
        "Reconciled Depreciation": NaN,
        "Reconciled Cost Of Revenue": NaN,
        "EBITDA": NaN,
        "EBIT": NaN,
        "Net Interest Income": NaN,
        "Interest Expense": NaN,
        "Interest Income": NaN,
        "Normalized Income": NaN,
        "Net Income From Continuing And Discontinued Operation": NaN,
        "Total Expenses": NaN,
        "Total Operating Income As Reported": NaN,
        "Diluted Average Shares": NaN,
        "Basic Average Shares": NaN,
        "Diluted EPS": NaN,
        "Basic EPS": NaN,
        "Diluted NI Availto Com Stockholders": NaN,
        "Net Income Common Stockholders": NaN,
        "Net Income": NaN,
        "Net Income Including Noncontrolling Interests": NaN,
        "Net Income Continuous Operations": NaN,
        "Earnings From Equity Interest Net Of Tax": NaN,
        "Tax Provision": NaN,
        "Pretax Income": NaN,
        "Other Income Expense": NaN,
        "Special Income Charges": NaN,
        "Restructuring And Mergern Acquisition": NaN,
        "Gain On Sale Of Security": 25000.0,
        "Net Non Operating Interest Income Expense": NaN,
        "Total Other Finance Cost": -1234000.0,
        "Interest Expense Non Operating": NaN,
        "Interest Income Non Operating": NaN,
        "Operating Income": NaN,
        "Operating Expense": NaN,
        "Research And Development": NaN,
        "Selling General And Administration": NaN,
        "Selling And Marketing Expense": NaN,
        "General And Administrative Expense": NaN,
        "Other Gand A": NaN,
        "Gross Profit": NaN,
        "Cost Of Revenue": NaN,
        "Total Revenue": NaN,
        "Operating Revenue": NaN
    },
    "2024-06-30": {
        "Tax Effect Of Unusual Items": -1620.0,
        "Tax Rate For Calcs": 0.09,
        "Normalized EBITDA": -8885000.0,
        "Total Unusual Items": -18000.0,
        "Total Unusual Items Excluding Goodwill": -18000.0,
        "Net Income From Continuing Operation Net Minority Interest": -8869000.0,
        "Reconciled Depreciation": 479000.0,
        "Reconciled Cost Of Revenue": 5253000.0,
        "EBITDA": -8903000.0,
        "EBIT": -9382000.0,
        "Net Interest Income": 540000.0,
        "Interest Expense": 9000.0,
        "Interest Income": 1294000.0,
        "Normalized Income": -8852620.0,
        "Net Income From Continuing And Discontinued Operation": -8869000.0,
        "Total Expenses": 22979000.0,
        "Total Operating Income As Reported": -9410000.0,
        "Diluted Average Shares": 105079508.0,
        "Basic Average Shares": 105079508.0,
        "Diluted EPS": -0.08,
        "Basic EPS": -0.08,
        "Diluted NI Availto Com Stockholders": -8869000.0,
        "Net Income Common Stockholders": -8869000.0,
        "Net Income": -8869000.0,
        "Net Income Including Noncontrolling Interests": -8869000.0,
        "Net Income Continuous Operations": -8869000.0,
        "Earnings From Equity Interest Net Of Tax": 12000.0,
        "Tax Provision": 21000.0,
        "Pretax Income": -8860000.0,
        "Other Income Expense": -18000.0,
        "Special Income Charges": -28000.0,
        "Restructuring And Mergern Acquisition": 28000.0,
        "Gain On Sale Of Security": 10000.0,
        "Net Non Operating Interest Income Expense": 540000.0,
        "Total Other Finance Cost": -540000.0,
        "Interest Expense Non Operating": 9000.0,
        "Interest Income Non Operating": 1294000.0,
        "Operating Income": -9382000.0,
        "Operating Expense": 17726000.0,
        "Research And Development": 9961000.0,
        "Selling General And Administration": 7765000.0,
        "Selling And Marketing Expense": 4368000.0,
        "General And Administrative Expense": 3397000.0,
        "Other Gand A": 3397000.0,
        "Gross Profit": 8344000.0,
        "Cost Of Revenue": 5253000.0,
        "Total Revenue": 13597000.0,
        "Operating Revenue": 13597000.0
    },
    "2024-09-30": {
        "Tax Effect Of Unusual Items": -23490.0,
        "Tax Rate For Calcs": 0.09,
        "Normalized EBITDA": -10885000.0,
        "Total Unusual Items": -261000.0,
        "Total Unusual Items Excluding Goodwill": -261000.0,
        "Net Income From Continuing Operation Net Minority Interest": -10355000.0,
        "Reconciled Depreciation": 823000.0,
        "Reconciled Cost Of Revenue": 6993000.0,
        "EBITDA": -11146000.0,
        "EBIT": -11969000.0,
        "Net Interest Income": 1885000.0,
        "Interest Expense": NaN,
        "Interest Income": NaN,
        "Normalized Income": -10117490.0,
        "Net Income From Continuing And Discontinued Operation": -10355000.0,
        "Total Expenses": 28007000.0,
        "Total Operating Income As Reported": -12233000.0,
        "Diluted Average Shares": 106098703.0,
        "Basic Average Shares": 106098703.0,
        "Diluted EPS": -0.1,
        "Basic EPS": -0.1,
        "Diluted NI Availto Com Stockholders": -10355000.0,
        "Net Income Common Stockholders": -10355000.0,
        "Net Income": -10355000.0,
        "Net Income Including Noncontrolling Interests": -10355000.0,
        "Net Income Continuous Operations": -10355000.0,
        "Earnings From Equity Interest Net Of Tax": 4000.0,
        "Tax Provision": 14000.0,
        "Pretax Income": -10345000.0,
        "Other Income Expense": -261000.0,
        "Special Income Charges": -264000.0,
        "Restructuring And Mergern Acquisition": 264000.0,
        "Gain On Sale Of Security": 3000.0,
        "Net Non Operating Interest Income Expense": 1885000.0,
        "Total Other Finance Cost": -1885000.0,
        "Interest Expense Non Operating": NaN,
        "Interest Income Non Operating": NaN,
        "Operating Income": -11969000.0,
        "Operating Expense": 21014000.0,
        "Research And Development": 10309000.0,
        "Selling General And Administration": 10705000.0,
        "Selling And Marketing Expense": 4880000.0,
        "General And Administrative Expense": 5825000.0,
        "Other Gand A": 5825000.0,
        "Gross Profit": 9045000.0,
        "Cost Of Revenue": 6993000.0,
        "Total Revenue": 16038000.0,
        "Operating Revenue": 16038000.0
    },
    "2024-12-31": {
        "Tax Effect Of Unusual Items": -125280.0,
        "Tax Rate For Calcs": 0.09,
        "Normalized EBITDA": -1633000.0,
        "Total Unusual Items": -1392000.0,
        "Total Unusual Items Excluding Goodwill": -1392000.0,
        "Net Income From Continuing Operation Net Minority Interest": -7317000.0,
        "Reconciled Depreciation": 788000.0,
        "Reconciled Cost Of Revenue": 6592000.0,
        "EBITDA": -3025000.0,
        "EBIT": -3813000.0,
        "Net Interest Income": 2405000.0,
        "Interest Expense": NaN,
        "Interest Income": NaN,
        "Normalized Income": -6050280.0,
        "Net Income From Continuing And Discontinued Operation": -7317000.0,
        "Total Expenses": 24990000.0,
        "Total Operating Income As Reported": -8410000.0,
        "Diluted Average Shares": 106683126.0,
        "Basic Average Shares": 106683126.0,
        "Diluted EPS": -0.07,
        "Basic EPS": -0.07,
        "Diluted NI Availto Com Stockholders": -7317000.0,
        "Net Income Common Stockholders": -7317000.0,
        "Net Income": -7317000.0,
        "Net Income Including Noncontrolling Interests": -7317000.0,
        "Net Income Continuous Operations": -7317000.0,
        "Earnings From Equity Interest Net Of Tax": 2000.0,
        "Tax Provision": 44000.0,
        "Pretax Income": -7275000.0,
        "Other Income Expense": -1355000.0,
        "Special Income Charges": -85000.0,
        "Restructuring And Mergern Acquisition": 85000.0,
        "Gain On Sale Of Security": -1307000.0,
        "Net Non Operating Interest Income Expense": 2405000.0,
        "Total Other Finance Cost": NaN,
        "Interest Expense Non Operating": NaN,
        "Interest Income Non Operating": NaN,
        "Operating Income": -8325000.0,
        "Operating Expense": 18398000.0,
        "Research And Development": 10060000.0,
        "Selling General And Administration": 8338000.0,
        "Selling And Marketing Expense": 4666000.0,
        "General And Administrative Expense": 3672000.0,
        "Other Gand A": 3672000.0,
        "Gross Profit": 10073000.0,
        "Cost Of Revenue": 6592000.0,
        "Total Revenue": 16665000.0,
        "Operating Revenue": 16665000.0
    },
    "2025-03-31": {
        "Tax Effect Of Unusual Items": -15660.0,
        "Tax Rate For Calcs": 0.09,
        "Normalized EBITDA": -8338000.0,
        "Total Unusual Items": -174000.0,
        "Total Unusual Items Excluding Goodwill": -174000.0,
        "Net Income From Continuing Operation Net Minority Interest": -8308000.0,
        "Reconciled Depreciation": 770000.0,
        "Reconciled Cost Of Revenue": 6246000.0,
        "EBITDA": -8512000.0,
        "EBIT": -9282000.0,
        "Net Interest Income": 1238000.0,
        "Interest Expense": NaN,
        "Interest Income": NaN,
        "Normalized Income": -8149660.0,
        "Net Income From Continuing And Discontinued Operation": -8308000.0,
        "Total Expenses": 26110000.0,
        "Total Operating Income As Reported": -9456000.0,
        "Diluted Average Shares": 105255959.0,
        "Basic Average Shares": 105255959.0,
        "Diluted EPS": -0.08,
        "Basic EPS": -0.08,
        "Diluted NI Availto Com Stockholders": -8308000.0,
        "Net Income Common Stockholders": -8308000.0,
        "Net Income": -8308000.0,
        "Net Income Including Noncontrolling Interests": -8308000.0,
        "Net Income Continuous Operations": -8308000.0,
        "Earnings From Equity Interest Net Of Tax": 3000.0,
        "Tax Provision": 93000.0,
        "Pretax Income": -8218000.0,
        "Other Income Expense": -174000.0,
        "Special Income Charges": -174000.0,
        "Restructuring And Mergern Acquisition": 174000.0,
        "Gain On Sale Of Security": NaN,
        "Net Non Operating Interest Income Expense": 1238000.0,
        "Total Other Finance Cost": -1238000.0,
        "Interest Expense Non Operating": NaN,
        "Interest Income Non Operating": NaN,
        "Operating Income": -9282000.0,
        "Operating Expense": 19864000.0,
        "Research And Development": 10590000.0,
        "Selling General And Administration": 9274000.0,
        "Selling And Marketing Expense": 5607000.0,
        "General And Administrative Expense": 3667000.0,
        "Other Gand A": 3667000.0,
        "Gross Profit": 10582000.0,
        "Cost Of Revenue": 6246000.0,
        "Total Revenue": 16828000.0,
        "Operating Revenue": 16828000.0
    },
    "2025-06-30": {
        "Tax Effect Of Unusual Items": 75330.0,
        "Tax Rate For Calcs": 0.09,
        "Normalized EBITDA": -8305000.0,
        "Total Unusual Items": 837000.0,
        "Total Unusual Items Excluding Goodwill": 837000.0,
        "Net Income From Continuing Operation Net Minority Interest": -7184000.0,
        "Reconciled Depreciation": 758000.0,
        "Reconciled Cost Of Revenue": 6224000.0,
        "EBITDA": -7468000.0,
        "EBIT": -8226000.0,
        "Net Interest Income": 225000.0,
        "Interest Expense": NaN,
        "Interest Income": NaN,
        "Normalized Income": -7945670.0,
        "Net Income From Continuing And Discontinued Operation": -7184000.0,
        "Total Expenses": 25285000.0,
        "Total Operating Income As Reported": -7389000.0,
        "Diluted Average Shares": 103551779.0,
        "Basic Average Shares": 103551779.0,
        "Diluted EPS": -0.07,
        "Basic EPS": -0.07,
        "Diluted NI Availto Com Stockholders": -7184000.0,
        "Net Income Common Stockholders": -7184000.0,
        "Net Income": -7184000.0,
        "Net Income Including Noncontrolling Interests": -7184000.0,
        "Net Income Continuous Operations": -7184000.0,
        "Earnings From Equity Interest Net Of Tax": 1000.0,
        "Tax Provision": 21000.0,
        "Pretax Income": -7164000.0,
        "Other Income Expense": 837000.0,
        "Special Income Charges": 837000.0,
        "Restructuring And Mergern Acquisition": -837000.0,
        "Gain On Sale Of Security": NaN,
        "Net Non Operating Interest Income Expense": 225000.0,
        "Total Other Finance Cost": -225000.0,
        "Interest Expense Non Operating": NaN,
        "Interest Income Non Operating": NaN,
        "Operating Income": -8226000.0,
        "Operating Expense": 19061000.0,
        "Research And Development": 10198000.0,
        "Selling General And Administration": 8863000.0,
        "Selling And Marketing Expense": 5166000.0,
        "General And Administrative Expense": 3697000.0,
        "Other Gand A": 3697000.0,
        "Gross Profit": 10835000.0,
        "Cost Of Revenue": 6224000.0,
        "Total Revenue": 17059000.0,
        "Operating Revenue": 17059000.0
    }
}