{
    "2023-06-30": {
        "Tax Effect Of Unusual Items": 1550000.0,
        "Tax Rate For Calcs": 0.31,
        "Normalized EBITDA": 60000000.0,
        "Total Unusual Items": 5000000.0,
        "Total Unusual Items Excluding Goodwill": 5000000.0,
        "Net Income From Continuing Operation Net Minority Interest": 6000000.0,
        "Reconciled Cost Of Revenue": 664000000.0,
        "EBITDA": 65000000.0,
        "EBIT": 65000000.0,
        "Net Interest Income": -48000000.0,
        "Interest Expense": 57000000.0,
        "Interest Income": 9000000.0,
        "Normalized Income": 2550000.0,
        "Net Income From Continuing And Discontinued Operation": 6000000.0,
        "Total Expenses": 731000000.0,
        "Rent Expense Supplemental": 167000000.0,
        "Total Operating Income As Reported": 51000000.0,
        "Diluted Average Shares": 116524400.0,
        "Basic Average Shares": 115297400.0,
        "Diluted EPS": 0.05,
        "Basic EPS": 0.05,
        "Diluted NI Availto Com Stockholders": 6000000.0,
        "Net Income Common Stockholders": 6000000.0,
        "Net Income": 6000000.0,
        "Net Income Including Noncontrolling Interests": 6000000.0,
        "Net Income Continuous Operations": 6000000.0,
        "Tax Provision": 2000000.0,
        "Pretax Income": 8000000.0,
        "Other Income Expense": 5000000.0,
        "Gain On Sale Of Security": 5000000.0,
        "Net Non Operating Interest Income Expense": -48000000.0,
        "Interest Expense Non Operating": 57000000.0,
        "Interest Income Non Operating": 9000000.0,
        "Operating Income": 51000000.0,
        "Operating Expense": 67000000.0,
        "Other Operating Expenses": 29000000.0,
        "Selling General And Administration": 38000000.0,
        "Selling And Marketing Expense": 38000000.0,
        "Gross Profit": 118000000.0,
        "Cost Of Revenue": 664000000.0,
        "Total Revenue": 782000000.0,
        "Operating Revenue": 782000000.0
    },
    "2023-03-31": {
        "Tax Effect Of Unusual Items": -3640000.0,
        "Tax Rate For Calcs": 0.26,
        "Normalized EBITDA": -24000000.0,
        "Total Unusual Items": -14000000.0,
        "Total Unusual Items Excluding Goodwill": -14000000.0,
        "Net Income From Continuing Operation Net Minority Interest": -71000000.0,
        "Reconciled Cost Of Revenue": 702000000.0,
        "EBITDA": -38000000.0,
        "EBIT": -38000000.0,
        "Net Interest Income": -51000000.0,
        "Interest Expense": 58000000.0,
        "Interest Income": 7000000.0,
        "Normalized Income": -60640000.0,
        "Net Income From Continuing And Discontinued Operation": -71000000.0,
        "Total Expenses": 762000000.0,
        "Rent Expense Supplemental": 145000000.0,
        "Total Operating Income As Reported": -31000000.0,
        "Diluted Average Shares": 116504900.0,
        "Basic Average Shares": 115252400.0,
        "Diluted EPS": -0.62,
        "Basic EPS": -0.62,
        "Diluted NI Availto Com Stockholders": -71000000.0,
        "Net Income Common Stockholders": -71000000.0,
        "Net Income": -71000000.0,
        "Net Income Including Noncontrolling Interests": -71000000.0,
        "Net Income Continuous Operations": -71000000.0,
        "Tax Provision": -25000000.0,
        "Pretax Income": -96000000.0,
        "Other Income Expense": -14000000.0,
        "Gain On Sale Of Security": -14000000.0,
        "Net Non Operating Interest Income Expense": -51000000.0,
        "Interest Expense Non Operating": 58000000.0,
        "Interest Income Non Operating": 7000000.0,
        "Operating Income": -31000000.0,
        "Operating Expense": 60000000.0,
        "Other Operating Expenses": 25000000.0,
        "Selling General And Administration": 35000000.0,
        "Selling And Marketing Expense": 35000000.0,
        "Gross Profit": 29000000.0,
        "Cost Of Revenue": 702000000.0,
        "Total Revenue": 731000000.0,
        "Operating Revenue": 731000000.0
    },
    "2022-12-31": {
        "Tax Effect Of Unusual Items": 8990400.0,
        "Tax Rate For Calcs": 0.3,
        "Normalized EBITDA": 46151000.0,
        "Total Unusual Items": 29968000.0,
        "Total Unusual Items Excluding Goodwill": 29968000.0,
        "Net Income From Continuing Operation Net Minority Interest": -22224000.0,
        "Reconciled Cost Of Revenue": 693695000.0,
        "EBITDA": 76119000.0,
        "EBIT": 76119000.0,
        "Net Interest Income": -48472000.0,
        "Interest Expense": 54482000.0,
        "Interest Income": 6902000.0,
        "Normalized Income": -43201600.0,
        "Net Income From Continuing And Discontinued Operation": -22224000.0,
        "Total Expenses": 780049000.0,
        "Rent Expense Supplemental": 136640000.0,
        "Total Operating Income As Reported": 59689000.0,
        "Diluted Average Shares": 116597700.0,
        "Basic Average Shares": 116597700.0,
        "Diluted EPS": 0.24,
        "Basic EPS": 0.24,
        "Diluted NI Availto Com Stockholders": -22224000.0,
        "Net Income Common Stockholders": -22224000.0,
        "Net Income": -22224000.0,
        "Net Income Including Noncontrolling Interests": -22224000.0,
        "Net Income Continuous Operations": -22224000.0,
        "Tax Provision": 43861000.0,
        "Pretax Income": 21637000.0,
        "Other Income Expense": 29968000.0,
        "Gain On Sale Of Security": 10420000.0,
        "Net Non Operating Interest Income Expense": -48472000.0,
        "Interest Expense Non Operating": 54482000.0,
        "Interest Income Non Operating": 6902000.0,
        "Operating Income": 40141000.0,
        "Operating Expense": 86354000.0,
        "Other Operating Expenses": -37646000.0,
        "Selling General And Administration": 124000000.0,
        "Selling And Marketing Expense": 42287000.0,
        "Gross Profit": 126495000.0,
        "Cost Of Revenue": 693695000.0,
        "Total Revenue": 820190000.0,
        "Operating Revenue": 727213000.0
    },
    "2022-09-30": {
        "Tax Effect Of Unusual Items": -800000.0,
        "Tax Rate For Calcs": 0.4,
        "Normalized EBITDA": 39000000.0,
        "Total Unusual Items": -2000000.0,
        "Total Unusual Items Excluding Goodwill": -2000000.0,
        "Net Income From Continuing Operation Net Minority Interest": 40000000.0,
        "Reconciled Cost Of Revenue": 683000000.0,
        "EBITDA": 37000000.0,
        "EBIT": 37000000.0,
        "Net Interest Income": -42000000.0,
        "Interest Expense": 46000000.0,
        "Interest Income": 4000000.0,
        "Normalized Income": 41200000.0,
        "Net Income From Continuing And Discontinued Operation": 40000000.0,
        "Total Expenses": 734000000.0,
        "Rent Expense Supplemental": 166000000.0,
        "Total Operating Income As Reported": 35000000.0,
        "Diluted Average Shares": 116504892.0,
        "Basic Average Shares": 115553316.0,
        "Diluted EPS": 0.3,
        "Basic EPS": 0.3,
        "Diluted NI Availto Com Stockholders": 40000000.0,
        "Net Income Common Stockholders": 40000000.0,
        "Net Income": 40000000.0,
        "Net Income Including Noncontrolling Interests": 40000000.0,
        "Net Income Continuous Operations": 40000000.0,
        "Tax Provision": -49000000.0,
        "Pretax Income": -9000000.0,
        "Other Income Expense": -2000000.0,
        "Gain On Sale Of Security": -2000000.0,
        "Net Non Operating Interest Income Expense": -42000000.0,
        "Interest Expense Non Operating": 46000000.0,
        "Interest Income Non Operating": 4000000.0,
        "Operating Income": 35000000.0,
        "Operating Expense": 51000000.0,
        "Other Operating Expenses": 22000000.0,
        "Selling General And Administration": 29000000.0,
        "Selling And Marketing Expense": 29000000.0,
        "Gross Profit": 86000000.0,
        "Cost Of Revenue": 683000000.0,
        "Total Revenue": 769000000.0,
        "Operating Revenue": 769000000.0
    },
    "2022-06-30": {
        "Tax Effect Of Unusual Items": -7111111.111111,
        "Tax Rate For Calcs": 0.395062,
        "Normalized EBITDA": -19000000.0,
        "Total Unusual Items": -18000000.0,
        "Total Unusual Items Excluding Goodwill": -18000000.0,
        "Net Income From Continuing Operation Net Minority Interest": -49000000.0,
        "Reconciled Cost Of Revenue": 670000000.0,
        "EBITDA": -37000000.0,
        "EBIT": -37000000.0,
        "Net Interest Income": -42000000.0,
        "Interest Expense": 44000000.0,
        "Interest Income": 2000000.0,
        "Normalized Income": -38111111.111111,
        "Net Income From Continuing And Discontinued Operation": -49000000.0,
        "Total Expenses": 711000000.0,
        "Rent Expense Supplemental": 117000000.0,
        "Total Operating Income As Reported": -20000000.0,
        "Diluted Average Shares": 116508300.0,
        "Basic Average Shares": 115575000.0,
        "Diluted EPS": -0.42,
        "Basic EPS": -0.42,
        "Diluted NI Availto Com Stockholders": -49000000.0,
        "Net Income Common Stockholders": -49000000.0,
        "Net Income": -49000000.0,
        "Net Income Including Noncontrolling Interests": -49000000.0,
        "Net Income Continuous Operations": -49000000.0,
        "Tax Provision": -32000000.0,
        "Pretax Income": -81000000.0,
        "Other Income Expense": -18000000.0,
        "Gain On Sale Of Security": -18000000.0,
        "Net Non Operating Interest Income Expense": -42000000.0,
        "Interest Expense Non Operating": 44000000.0,
        "Interest Income Non Operating": 2000000.0,
        "Operating Income": -20000000.0,
        "Operating Expense": 41000000.0,
        "Other Operating Expenses": 13000000.0,
        "Selling General And Administration": 28000000.0,
        "Selling And Marketing Expense": 28000000.0,
        "Gross Profit": 21000000.0,
        "Cost Of Revenue": 670000000.0,
        "Total Revenue": 691000000.0,
        "Operating Revenue": 691000000.0
    },
    "2022-03-31": {
        "Diluted EPS": -0.42,
        "Total Revenue": 567,
        "Gross Profit": 324,
        "Operating Income": -31,
        "EBIT": -31,
        "Net Income": -49
    },
    "2021-06-30": {
        "Diluted EPS": 0.67,
        "Total Revenue": 581,
        "Gross Profit": 434,
        "Operating Income": 134,
        "Net Income": 78
    },
    "2021-03-31": {
        "Diluted EPS": 0.0,
        "Total Revenue": 315,
        "Gross Profit": 220,
        "Operating Income": -36,
        "EBIT": -36,
        "Net Income": -36
    },
    "2020-12-31": {
        "Diluted EPS": 0.31,
        "Total Revenue": 436,
        "Gross Profit": 436,
        "Operating Income": 23,
        "EBIT": 122,
        "Net Income": 29
    },
    "2020-09-30": {
        "Diluted EPS": -0.97,
        "Total Revenue": 214,
        "Gross Profit": 214,
        "Operating Income": -101,
        "EBIT": -26,
        "Net Income": -99
    },
    "2020-06-30": {
        "Diluted EPS": -0.7,
        "Total Revenue": 65,
        "Gross Profit": 65,
        "Operating Income": -101,
        "EBIT": -49,
        "Net Income": -71
    },
    "2020-03-31": {
        "Diluted EPS": -0.75,
        "Total Revenue": 395,
        "Gross Profit": 395,
        "Operating Income": 16,
        "EBIT": 88,
        "Net Income": -75
    },
    "2019-12-31": {
        "Diluted EPS": 0.69,
        "Total Revenue": 544,
        "Gross Profit": 544,
        "Operating Income": 108,
        "EBIT": 188,
        "Net Income": 70
    },
    "2019-09-30": {
        "Diluted EPS": 0.36,
        "Total Revenue": 489,
        "Gross Profit": 489,
        "Operating Income": 88,
        "EBIT": 156,
        "Net Income": 37
    },
    "2019-06-30": {
        "Diluted EPS": 0.06,
        "Total Revenue": 436,
        "Gross Profit": 436,
        "Operating Income": 34,
        "EBIT": 105,
        "Net Income": 6
    },
    "2019-03-31": {
        "Diluted EPS": 0.27,
        "Total Revenue": 375,
        "Gross Profit": 375,
        "Operating Income": 1,
        "EBIT": 69,
        "Net Income": 27
    },
    "2018-12-31": {
        "Diluted EPS": 0.3,
        "Total Revenue": 366,
        "Gross Profit": 366,
        "Operating Income": 20,
        "EBIT": 26,
        "Net Income": 29
    },
    "2018-09-30": {
        "Diluted EPS": -0.06,
        "Total Revenue": 386,
        "Gross Profit": 386,
        "Operating Income": 13,
        "EBIT": 19,
        "Net Income": -6
    },
    "2018-06-30": {
        "Diluted EPS": 0.02,
        "Total Revenue": 322,
        "Gross Profit": 322,
        "Operating Income": -30,
        "EBIT": -24,
        "Net Income": 2
    },
    "2018-03-31": {
        "Diluted EPS": -0.6,
        "Total Revenue": 312,
        "Gross Profit": 312,
        "Operating Income": -48,
        "EBIT": -41,
        "Net Income": -60
    },
    "2017-12-31": {
        "Diluted EPS": 0.23,
        "Total Revenue": 287,
        "Gross Profit": 287,
        "Operating Income": 1,
        "EBIT": 6,
        "Net Income": 24
    },
    "2017-09-30": {
        "Diluted EPS": 0.41,
        "Total Revenue": 370,
        "Gross Profit": 370,
        "Operating Income": 36,
        "EBIT": 45,
        "Net Income": 41
    },
    "2017-06-30": {
        "Diluted EPS": -0.28,
        "Total Revenue": 322,
        "Gross Profit": 322,
        "Operating Income": 2,
        "EBIT": 10,
        "Net Income": -28
    },
    "2017-03-31": {
        "Diluted EPS": -0.66,
        "Total Revenue": 279,
        "Gross Profit": 279,
        "Operating Income": -38,
        "EBIT": -32,
        "Net Income": -67
    },
    "2016-12-31": {
        "Diluted EPS": 0.49,
        "Total Revenue": 305,
        "Gross Profit": 305,
        "Operating Income": 20,
        "EBIT": 26,
        "Net Income": 46
    },
    "2016-09-30": {
        "Diluted EPS": 0.57,
        "Total Revenue": 384,
        "Gross Profit": 384,
        "Operating Income": 59,
        "EBIT": 68,
        "Net Income": 58
    },
    "2016-06-30": {
        "Diluted EPS": 0.51,
        "Total Revenue": 284,
        "Gross Profit": 284,
        "Operating Income": 21,
        "EBIT": 29,
        "Net Income": 52
    },
    "2016-03-31": {
        "Diluted EPS": 0.33,
        "Total Revenue": 288,
        "Gross Profit": 288,
        "Operating Income": 46,
        "EBIT": 53,
        "Net Income": 33
    },
    "2015-12-31": {
        "Diluted EPS": 0.33,
        "Total Revenue": 238,
        "Gross Profit": 238,
        "Operating Income": -40,
        "EBIT": -40,
        "Net Income": 32
    },
    "2015-09-30": {
        "Diluted EPS": 0.67,
        "Total Revenue": 307,
        "Gross Profit": 230,
        "Operating Income": 170,
        "EBIT": 170,
        "Net Income": 68
    },
    "2015-06-30": {
        "Diluted EPS": 0.22,
        "Total Revenue": 263,
        "Gross Profit": 263,
        "Operating Income": 18,
        "EBIT": 26,
        "Net Income": 23
    },
    "2015-03-31": {
        "Diluted EPS": 0.2,
        "Total Revenue": 249,
        "Gross Profit": 249,
        "Operating Income": -2,
        "EBIT": 5,
        "Net Income": 20
    },
    "2014-12-31": {
        "Diluted EPS": 0.47,
        "Total Revenue": 269,
        "Gross Profit": 54,
        "Operating Income": 97,
        "EBIT": 120,
        "Net Income": 48
    },
    "2014-09-30": {
        "Diluted EPS": 0.26,
        "Total Revenue": 297,
        "Gross Profit": 148,
        "Operating Income": 28,
        "EBIT": 28,
        "Net Income": 26
    },
    "2014-06-30": {
        "Diluted EPS": -0.06,
        "Total Revenue": 254,
        "Gross Profit": 254,
        "Operating Income": 2,
        "EBIT": -2,
        "Net Income": -6
    },
    "2014-03-31": {
        "Diluted EPS": -0.03,
        "Total Revenue": 212,
        "Gross Profit": 212,
        "Operating Income": -35,
        "EBIT": -30,
        "Net Income": -28
    },
    "2013-12-31": {
        "Diluted EPS": -0.07,
        "Total Revenue": 243,
        "Gross Profit": 485,
        "Operating Income": -24,
        "EBIT": -17,
        "Net Income": -7
    },
    "2013-09-30": {
        "Diluted EPS": 0.23,
        "Total Revenue": 286,
        "Gross Profit": 286,
        "Operating Income": 26,
        "EBIT": 33,
        "Net Income": 20
    },
    "2013-06-30": {
        "Diluted EPS": 0.0,
        "Total Revenue": 233,
        "Gross Profit": 118,
        "Operating Income": 8,
        "EBIT": 12,
        "Net Income": 13
    },
    "2013-03-31": {
        "Diluted EPS": 0.0,
        "Total Revenue": 248,
        "Gross Profit": 121,
        "Operating Income": 1,
        "EBIT": 8,
        "Net Income": -7
    },
    "2012-12-31": {
        "Diluted EPS": 0.13,
        "Total Revenue": 247,
        "Gross Profit": 247,
        "Operating Income": 247,
        "EBIT": 247,
        "Net Income": 10
    },
    "2012-09-30": {
        "Diluted EPS": 0.22,
        "Total Revenue": 255,
        "Gross Profit": 255,
        "Operating Income": 255,
        "EBIT": 255,
        "Net Income": 17
    },
    "2023-09-30": {
        "Tax Effect Of Unusual Items": -6300000.0,
        "Tax Rate For Calcs": 0.3,
        "Normalized EBITDA": 47000000.0,
        "Total Unusual Items": -21000000.0,
        "Total Unusual Items Excluding Goodwill": -21000000.0,
        "Net Income From Continuing Operation Net Minority Interest": -39000000.0,
        "Reconciled Cost Of Revenue": 732000000.0,
        "EBITDA": 26000000.0,
        "EBIT": 26000000.0,
        "Net Interest Income": -52000000.0,
        "Interest Expense": 60000000.0,
        "Interest Income": 8000000.0,
        "Normalized Income": -24300000.0,
        "Net Income From Continuing And Discontinued Operation": -39000000.0,
        "Total Expenses": 809000000.0,
        "Rent Expense Supplemental": 172000000.0,
        "Total Operating Income As Reported": 39000000.0,
        "Diluted Average Shares": 116565141.0,
        "Basic Average Shares": 115330126.0,
        "Diluted EPS": -0.34,
        "Basic EPS": -0.34,
        "Diluted NI Availto Com Stockholders": -39000000.0,
        "Net Income Common Stockholders": -39000000.0,
        "Net Income": -39000000.0,
        "Net Income Including Noncontrolling Interests": -39000000.0,
        "Net Income Continuous Operations": -39000000.0,
        "Tax Provision": 5000000.0,
        "Pretax Income": -34000000.0,
        "Other Income Expense": -21000000.0,
        "Gain On Sale Of Security": -21000000.0,
        "Net Non Operating Interest Income Expense": -52000000.0,
        "Interest Expense Non Operating": 60000000.0,
        "Interest Income Non Operating": 8000000.0,
        "Operating Income": 39000000.0,
        "Operating Expense": 77000000.0,
        "Other Operating Expenses": 28000000.0,
        "Selling General And Administration": 49000000.0,
        "Selling And Marketing Expense": 49000000.0,
        "Gross Profit": 116000000.0,
        "Cost Of Revenue": 732000000.0,
        "Total Revenue": 848000000.0,
        "Operating Revenue": 848000000.0
    },
    "2024-03-31": {
        "Tax Effect Of Unusual Items": NaN,
        "Tax Rate For Calcs": NaN,
        "Normalized EBITDA": NaN,
        "Total Unusual Items": -7000000.0,
        "Total Unusual Items Excluding Goodwill": -7000000.0,
        "Net Income From Continuing Operation Net Minority Interest": NaN,
        "Reconciled Cost Of Revenue": NaN,
        "EBITDA": NaN,
        "EBIT": NaN,
        "Net Interest Income": NaN,
        "Interest Expense": NaN,
        "Interest Income": NaN,
        "Normalized Income": NaN,
        "Net Income From Continuing And Discontinued Operation": NaN,
        "Total Expenses": NaN,
        "Rent Expense Supplemental": NaN,
        "Total Operating Income As Reported": NaN,
        "Diluted Average Shares": NaN,
        "Basic Average Shares": NaN,
        "Diluted EPS": NaN,
        "Basic EPS": NaN,
        "Diluted NI Availto Com Stockholders": NaN,
        "Net Income Common Stockholders": NaN,
        "Net Income": NaN,
        "Net Income Including Noncontrolling Interests": NaN,
        "Net Income Continuous Operations": NaN,
        "Tax Provision": NaN,
        "Pretax Income": NaN,
        "Other Income Expense": -7000000.0,
        "Gain On Sale Of Security": -7000000.0,
        "Net Non Operating Interest Income Expense": NaN,
        "Interest Expense Non Operating": NaN,
        "Interest Income Non Operating": NaN,
        "Operating Income": NaN,
        "Operating Expense": NaN,
        "Other Operating Expenses": NaN,
        "Selling General And Administration": NaN,
        "Selling And Marketing Expense": NaN,
        "Gross Profit": NaN,
        "Cost Of Revenue": NaN,
        "Total Revenue": NaN,
        "Operating Revenue": NaN
    },
    "2023-12-31": {
        "Tax Effect Of Unusual Items": 965138.417206,
        "Tax Rate For Calcs": 0.136146,
        "Normalized EBITDA": 164617000.0,
        "Total Unusual Items": 7089000.0,
        "Total Unusual Items Excluding Goodwill": 7089000.0,
        "Net Income From Continuing Operation Net Minority Interest": 111819000.0,
        "Reconciled Cost Of Revenue": 655768000.0,
        "EBITDA": 171706000.0,
        "EBIT": 171706000.0,
        "Net Interest Income": -30542000.0,
        "Interest Expense": 42264000.0,
        "Interest Income": 13222000.0,
        "Normalized Income": 105695138.417206,
        "Net Income From Continuing And Discontinued Operation": 111819000.0,
        "Total Expenses": 746078000.0,
        "Rent Expense Supplemental": 122211000.0,
        "Total Operating Income As Reported": 164710000.0,
        "Diluted Average Shares": 116584700.0,
        "Basic Average Shares": 115164000.0,
        "Diluted EPS": 0.96,
        "Basic EPS": 0.97,
        "Diluted NI Availto Com Stockholders": 111819000.0,
        "Net Income Common Stockholders": 111819000.0,
        "Net Income": 111819000.0,
        "Net Income Including Noncontrolling Interests": 111819000.0,
        "Net Income Continuous Operations": 111819000.0,
        "Tax Provision": 17623000.0,
        "Pretax Income": 129442000.0,
        "Other Income Expense": 7089000.0,
        "Gain On Sale Of Security": -4726000.0,
        "Net Non Operating Interest Income Expense": -30542000.0,
        "Interest Expense Non Operating": 42264000.0,
        "Interest Income Non Operating": 13222000.0,
        "Operating Income": 152895000.0,
        "Operating Expense": 90310000.0,
        "Other Operating Expenses": -100969000.0,
        "Selling General And Administration": 191279000.0,
        "Selling And Marketing Expense": 45341000.0,
        "Gross Profit": 243205000.0,
        "Cost Of Revenue": 655768000.0,
        "Total Revenue": 898973000.0,
        "Operating Revenue": 898973000.0
    },
    "2024-06-30": {
        "Tax Effect Of Unusual Items": 2285714.285714,
        "Tax Rate For Calcs": 0.285714,
        "Normalized EBITDA": 78000000.0,
        "Total Unusual Items": 8000000.0,
        "Total Unusual Items Excluding Goodwill": 8000000.0,
        "Net Income From Continuing Operation Net Minority Interest": 10000000.0,
        "Reconciled Cost Of Revenue": 646000000.0,
        "EBITDA": 86000000.0,
        "EBIT": 86000000.0,
        "Net Interest Income": -60000000.0,
        "Interest Expense": 72000000.0,
        "Interest Income": 12000000.0,
        "Normalized Income": 4285714.285714,
        "Net Income From Continuing And Discontinued Operation": 10000000.0,
        "Total Expenses": 660000000.0,
        "Rent Expense Supplemental": 162000000.0,
        "Total Operating Income As Reported": 66000000.0,
        "Diluted Average Shares": 116597700.0,
        "Basic Average Shares": 115076600.0,
        "Diluted EPS": 0.09,
        "Basic EPS": 0.09,
        "Diluted NI Availto Com Stockholders": 10000000.0,
        "Net Income Common Stockholders": 10000000.0,
        "Net Income": 10000000.0,
        "Net Income Including Noncontrolling Interests": 10000000.0,
        "Net Income Continuous Operations": 10000000.0,
        "Tax Provision": 4000000.0,
        "Pretax Income": 14000000.0,
        "Other Income Expense": 8000000.0,
        "Gain On Sale Of Security": 8000000.0,
        "Net Non Operating Interest Income Expense": -60000000.0,
        "Interest Expense Non Operating": 72000000.0,
        "Interest Income Non Operating": 12000000.0,
        "Operating Income": 66000000.0,
        "Operating Expense": 14000000.0,
        "Other Operating Expenses": -18000000.0,
        "Selling General And Administration": 32000000.0,
        "Selling And Marketing Expense": 32000000.0,
        "Gross Profit": 80000000.0,
        "Cost Of Revenue": 646000000.0,
        "Total Revenue": 726000000.0,
        "Operating Revenue": 721000000.0
    },
    "2024-09-30": {
        "Tax Effect Of Unusual Items": 4200000.0,
        "Tax Rate For Calcs": 0.3,
        "Normalized EBITDA": 139000000.0,
        "Total Unusual Items": 14000000.0,
        "Total Unusual Items Excluding Goodwill": 14000000.0,
        "Net Income From Continuing Operation Net Minority Interest": 37000000.0,
        "Reconciled Cost Of Revenue": 651000000.0,
        "EBITDA": 153000000.0,
        "EBIT": 153000000.0,
        "Net Interest Income": -60000000.0,
        "Interest Expense": 73000000.0,
        "Interest Income": 13000000.0,
        "Normalized Income": 27200000.0,
        "Net Income From Continuing And Discontinued Operation": 37000000.0,
        "Total Expenses": 687000000.0,
        "Rent Expense Supplemental": 162000000.0,
        "Total Operating Income As Reported": 126000000.0,
        "Diluted Average Shares": 116597668.0,
        "Basic Average Shares": 115064006.0,
        "Diluted EPS": 0.32,
        "Basic EPS": 0.32,
        "Diluted NI Availto Com Stockholders": 37000000.0,
        "Net Income Common Stockholders": 37000000.0,
        "Net Income": 37000000.0,
        "Net Income Including Noncontrolling Interests": 37000000.0,
        "Net Income Continuous Operations": 37000000.0,
        "Tax Provision": 43000000.0,
        "Pretax Income": 80000000.0,
        "Other Income Expense": 14000000.0,
        "Gain On Sale Of Security": 14000000.0,
        "Net Non Operating Interest Income Expense": -60000000.0,
        "Interest Expense Non Operating": 73000000.0,
        "Interest Income Non Operating": 13000000.0,
        "Operating Income": 126000000.0,
        "Operating Expense": 36000000.0,
        "Other Operating Expenses": -19000000.0,
        "Selling General And Administration": 55000000.0,
        "Selling And Marketing Expense": 55000000.0,
        "Gross Profit": 162000000.0,
        "Cost Of Revenue": 651000000.0,
        "Total Revenue": 813000000.0,
        "Operating Revenue": 787000000.0
    },
    "2025-03-31": {
        "Tax Effect Of Unusual Items": 657894.736842,
        "Tax Rate For Calcs": 0.328947,
        "Normalized EBITDA": 2000000.0,
        "Total Unusual Items": 2000000.0,
        "Total Unusual Items Excluding Goodwill": 2000000.0,
        "Net Income From Continuing Operation Net Minority Interest": -51000000.0,
        "Reconciled Cost Of Revenue": 684000000.0,
        "EBITDA": 4000000.0,
        "EBIT": 4000000.0,
        "Net Interest Income": -68000000.0,
        "Interest Expense": 80000000.0,
        "Interest Income": 12000000.0,
        "Normalized Income": -52342105.263158,
        "Net Income From Continuing And Discontinued Operation": -51000000.0,
        "Total Expenses": 688000000.0,
        "Rent Expense Supplemental": 176000000.0,
        "Total Operating Income As Reported": -10000000.0,
        "Diluted Average Shares": 116458316.0,
        "Basic Average Shares": 114980237.0,
        "Diluted EPS": -4.5,
        "Basic EPS": -4.5,
        "Diluted NI Availto Com Stockholders": -51000000.0,
        "Net Income Common Stockholders": -51000000.0,
        "Net Income": -51000000.0,
        "Net Income Including Noncontrolling Interests": -51000000.0,
        "Net Income Continuous Operations": -51000000.0,
        "Tax Provision": -25000000.0,
        "Pretax Income": -76000000.0,
        "Other Income Expense": 2000000.0,
        "Gain On Sale Of Security": 2000000.0,
        "Net Non Operating Interest Income Expense": -68000000.0,
        "Interest Expense Non Operating": 80000000.0,
        "Interest Income Non Operating": 12000000.0,
        "Operating Income": -10000000.0,
        "Operating Expense": 4000000.0,
        "Other Operating Expenses": -30000000.0,
        "Selling General And Administration": 34000000.0,
        "Selling And Marketing Expense": 34000000.0,
        "Gross Profit": -6000000.0,
        "Cost Of Revenue": 684000000.0,
        "Total Revenue": 678000000.0,
        "Operating Revenue": 645000000.0
    },
    "2024-12-31": {
        "Tax Effect Of Unusual Items": 8819700.0,
        "Tax Rate For Calcs": 0.3,
        "Normalized EBITDA": 94185000.0,
        "Total Unusual Items": 29399000.0,
        "Total Unusual Items Excluding Goodwill": 29399000.0,
        "Net Income From Continuing Operation Net Minority Interest": 45375000.0,
        "Reconciled Cost Of Revenue": 692378000.0,
        "EBITDA": 123584000.0,
        "EBIT": 123584000.0,
        "Net Interest Income": -73299000.0,
        "Interest Expense": 83895000.0,
        "Interest Income": 12444000.0,
        "Normalized Income": 24795700.0,
        "Net Income From Continuing And Discontinued Operation": 45375000.0,
        "Total Expenses": 751287000.0,
        "Rent Expense Supplemental": 179662000.0,
        "Total Operating Income As Reported": 117222000.0,
        "Diluted Average Shares": 116550700.0,
        "Basic Average Shares": 115012300.0,
        "Diluted EPS": 0.39,
        "Basic EPS": 0.4,
        "Diluted NI Availto Com Stockholders": 45375000.0,
        "Net Income Common Stockholders": 45375000.0,
        "Net Income": 45375000.0,
        "Net Income Including Noncontrolling Interests": 45375000.0,
        "Net Income Continuous Operations": 45375000.0,
        "Tax Provision": -5686000.0,
        "Pretax Income": 39689000.0,
        "Other Income Expense": 29399000.0,
        "Gain On Sale Of Security": -4234000.0,
        "Net Non Operating Interest Income Expense": -73299000.0,
        "Interest Expense Non Operating": 83895000.0,
        "Interest Income Non Operating": 12444000.0,
        "Operating Income": 83589000.0,
        "Operating Expense": 58909000.0,
        "Other Operating Expenses": -90568000.0,
        "Selling General And Administration": 149477000.0,
        "Selling And Marketing Expense": 36472000.0,
        "Gross Profit": 142498000.0,
        "Cost Of Revenue": 692378000.0,
        "Total Revenue": 834876000.0,
        "Operating Revenue": 807325000.0
    },
    "2025-06-30": {
        "Tax Effect Of Unusual Items": 0.0,
        "Tax Rate For Calcs": 0.275862,
        "Normalized EBITDA": -10000000.0,
        "Total Unusual Items": NaN,
        "Total Unusual Items Excluding Goodwill": NaN,
        "Net Income From Continuing Operation Net Minority Interest": -63000000.0,
        "Reconciled Cost Of Revenue": 701000000.0,
        "EBITDA": -10000000.0,
        "EBIT": -10000000.0,
        "Net Interest Income": -65000000.0,
        "Interest Expense": 77000000.0,
        "Interest Income": 12000000.0,
        "Normalized Income": -63000000.0,
        "Net Income From Continuing And Discontinued Operation": -63000000.0,
        "Total Expenses": 715000000.0,
        "Rent Expense Supplemental": 189000000.0,
        "Total Operating Income As Reported": -22000000.0,
        "Diluted Average Shares": 116282700.0,
        "Basic Average Shares": 114934000.0,
        "Diluted EPS": -0.55,
        "Basic EPS": -0.55,
        "Diluted NI Availto Com Stockholders": -63000000.0,
        "Net Income Common Stockholders": -63000000.0,
        "Net Income": -63000000.0,
        "Net Income Including Noncontrolling Interests": -63000000.0,
        "Net Income Continuous Operations": -63000000.0,
        "Tax Provision": -24000000.0,
        "Pretax Income": -87000000.0,
        "Other Income Expense": NaN,
        "Gain On Sale Of Security": NaN,
        "Net Non Operating Interest Income Expense": -65000000.0,
        "Interest Expense Non Operating": 77000000.0,
        "Interest Income Non Operating": 12000000.0,
        "Operating Income": -22000000.0,
        "Operating Expense": 14000000.0,
        "Other Operating Expenses": -23000000.0,
        "Selling General And Administration": 37000000.0,
        "Selling And Marketing Expense": 37000000.0,
        "Gross Profit": -8000000.0,
        "Cost Of Revenue": 701000000.0,
        "Total Revenue": 693000000.0,
        "Operating Revenue": 688000000.0
    }
}