{
    "2023-06-30": {
        "Tax Effect Of Unusual Items": NaN,
        "Tax Rate For Calcs": NaN,
        "Total Unusual Items": NaN,
        "Total Unusual Items Excluding Goodwill": NaN,
        "Net Income From Continuing Operation Net Minority Interest": NaN,
        "Reconciled Depreciation": NaN,
        "Net Interest Income": NaN,
        "Interest Expense": NaN,
        "Interest Income": NaN,
        "Normalized Income": NaN,
        "Net Income From Continuing And Discontinued Operation": NaN,
        "Diluted Average Shares": NaN,
        "Basic Average Shares": NaN,
        "Diluted EPS": NaN,
        "Basic EPS": NaN,
        "Diluted NI Availto Com Stockholders": NaN,
        "Net Income Common Stockholders": NaN,
        "Preferred Stock Dividends": NaN,
        "Net Income": NaN,
        "Net Income Including Noncontrolling Interests": NaN,
        "Net Income Continuous Operations": NaN,
        "Tax Provision": NaN,
        "Pretax Income": NaN,
        "Special Income Charges": NaN,
        "Gain On Sale Of Business": 0.0,
        "Other Special Charges": NaN,
        "Restructuring And Mergern Acquisition": NaN,
        "Gain On Sale Of Security": NaN,
        "Depreciation Amortization Depletion Income Statement": NaN,
        "Depreciation And Amortization In Income Statement": NaN,
        "Amortization": NaN,
        "Amortization Of Intangibles Income Statement": NaN,
        "Selling General And Administration": NaN,
        "General And Administrative Expense": NaN,
        "Insurance And Claims": NaN,
        "Salaries And Wages": NaN,
        "Total Revenue": NaN,
        "Operating Revenue": NaN,
        "Occupancy And Equipment": NaN,
        "Professional Expense And Contract Services Expense": NaN,
        "Other Non Interest Expense": NaN
    },
    "2023-03-31": {
        "Tax Effect Of Unusual Items": NaN,
        "Tax Rate For Calcs": NaN,
        "Total Unusual Items": NaN,
        "Total Unusual Items Excluding Goodwill": NaN,
        "Net Income From Continuing Operation Net Minority Interest": NaN,
        "Reconciled Depreciation": NaN,
        "Net Interest Income": NaN,
        "Interest Expense": NaN,
        "Interest Income": NaN,
        "Normalized Income": NaN,
        "Net Income From Continuing And Discontinued Operation": NaN,
        "Diluted Average Shares": NaN,
        "Basic Average Shares": NaN,
        "Diluted EPS": NaN,
        "Basic EPS": NaN,
        "Diluted NI Availto Com Stockholders": NaN,
        "Net Income Common Stockholders": NaN,
        "Preferred Stock Dividends": NaN,
        "Net Income": NaN,
        "Net Income Including Noncontrolling Interests": NaN,
        "Net Income Continuous Operations": NaN,
        "Tax Provision": NaN,
        "Pretax Income": NaN,
        "Special Income Charges": NaN,
        "Gain On Sale Of Business": 0.0,
        "Other Special Charges": NaN,
        "Restructuring And Mergern Acquisition": NaN,
        "Gain On Sale Of Security": NaN,
        "Depreciation Amortization Depletion Income Statement": NaN,
        "Depreciation And Amortization In Income Statement": NaN,
        "Amortization": NaN,
        "Amortization Of Intangibles Income Statement": NaN,
        "Selling General And Administration": NaN,
        "General And Administrative Expense": NaN,
        "Insurance And Claims": NaN,
        "Salaries And Wages": NaN,
        "Total Revenue": NaN,
        "Operating Revenue": NaN,
        "Occupancy And Equipment": NaN,
        "Professional Expense And Contract Services Expense": NaN,
        "Other Non Interest Expense": NaN
    },
    "2022-12-31": {
        "Tax Effect Of Unusual Items": -2031287.693362,
        "Tax Rate For Calcs": 0.275541,
        "Total Unusual Items": -7372000.0,
        "Total Unusual Items Excluding Goodwill": -7372000.0,
        "Net Income From Continuing Operation Net Minority Interest": 177591000.0,
        "Reconciled Depreciation": 31064000.0,
        "Net Interest Income": 465819000.0,
        "Interest Expense": 180731000.0,
        "Interest Income": 646550000.0,
        "Normalized Income": 182931712.306638,
        "Net Income From Continuing And Discontinued Operation": 177591000.0,
        "Diluted Average Shares": 509301813.0,
        "Basic Average Shares": 506359704.0,
        "Diluted EPS": 0.34,
        "Basic EPS": 0.34,
        "Diluted NI Availto Com Stockholders": 173961000.0,
        "Net Income Common Stockholders": 173961000.0,
        "Preferred Stock Dividends": 3630000.0,
        "Net Income": 177591000.0,
        "Net Income Including Noncontrolling Interests": 177591000.0,
        "Net Income Continuous Operations": 177591000.0,
        "Tax Provision": 67545000.0,
        "Pretax Income": 245136000.0,
        "Special Income Charges": -7372000.0,
        "Other Special Charges": NaN,
        "Restructuring And Mergern Acquisition": 7372000.0,
        "Gain On Sale Of Security": 1203000.0,
        "Depreciation Amortization Depletion Income Statement": 10900000.0,
        "Depreciation And Amortization In Income Statement": 10900000.0,
        "Amortization": 10900000.0,
        "Amortization Of Intangibles Income Statement": 10900000.0,
        "Selling General And Administration": 136461000.0,
        "General And Administrative Expense": 136461000.0,
        "Insurance And Claims": 6827000.0,
        "Salaries And Wages": 129634000.0,
        "Total Revenue": 518665000.0,
        "Operating Revenue": 518665000.0
    },
    "2022-09-30": {
        "Tax Effect Of Unusual Items": -1306089.204297,
        "Tax Rate For Calcs": 0.277478,
        "Total Unusual Items": -4707000.0,
        "Total Unusual Items Excluding Goodwill": -4707000.0,
        "Net Income From Continuing Operation Net Minority Interest": 178119000.0,
        "Reconciled Depreciation": 11088000.0,
        "Net Interest Income": 453992000.0,
        "Interest Expense": 82736000.0,
        "Interest Income": 536728000.0,
        "Normalized Income": 181519910.795703,
        "Net Income From Continuing And Discontinued Operation": 178119000.0,
        "Diluted Average Shares": 508690997.0,
        "Basic Average Shares": 506342200.0,
        "Diluted EPS": 0.34,
        "Basic EPS": 0.35,
        "Diluted NI Availto Com Stockholders": 174947000.0,
        "Net Income Common Stockholders": 174947000.0,
        "Preferred Stock Dividends": 3172000.0,
        "Net Income": 178119000.0,
        "Net Income Including Noncontrolling Interests": 178119000.0,
        "Net Income Continuous Operations": 178119000.0,
        "Tax Provision": 68405000.0,
        "Pretax Income": 246524000.0,
        "Special Income Charges": -4707000.0,
        "Other Special Charges": NaN,
        "Restructuring And Mergern Acquisition": 4707000.0,
        "Gain On Sale Of Security": 135000.0,
        "Depreciation Amortization Depletion Income Statement": 11088000.0,
        "Depreciation And Amortization In Income Statement": 11088000.0,
        "Amortization": 11088000.0,
        "Amortization Of Intangibles Income Statement": 11088000.0,
        "Selling General And Administration": 141072000.0,
        "General And Administrative Expense": 141072000.0,
        "Insurance And Claims": 6500000.0,
        "Salaries And Wages": 134572000.0,
        "Total Revenue": 509998000.0,
        "Operating Revenue": 509998000.0
    },
    "2022-06-30": {
        "Tax Effect Of Unusual Items": -14980918.226601,
        "Tax Rate For Calcs": 0.274899,
        "Total Unusual Items": -54496000.0,
        "Total Unusual Items Excluding Goodwill": -54496000.0,
        "Net Income From Continuing Operation Net Minority Interest": 96413000.0,
        "Reconciled Depreciation": 11400000.0,
        "Net Interest Income": 418160000.0,
        "Interest Expense": 34787000.0,
        "Interest Income": 452947000.0,
        "Normalized Income": 135928081.773399,
        "Net Income From Continuing And Discontinued Operation": 96413000.0,
        "Diluted Average Shares": 508479206.0,
        "Basic Average Shares": 506302464.0,
        "Diluted EPS": 0.18,
        "Basic EPS": 0.18,
        "Diluted NI Availto Com Stockholders": 93241000.0,
        "Net Income Common Stockholders": 93241000.0,
        "Preferred Stock Dividends": 3172000.0,
        "Net Income": 96413000.0,
        "Net Income Including Noncontrolling Interests": 96413000.0,
        "Net Income Continuous Operations": 96413000.0,
        "Tax Provision": 36552000.0,
        "Pretax Income": 132965000.0,
        "Special Income Charges": -54496000.0,
        "Restructuring And Mergern Acquisition": 54496000.0,
        "Gain On Sale Of Security": -595000.0,
        "Depreciation Amortization Depletion Income Statement": 11400000.0,
        "Depreciation And Amortization In Income Statement": 11400000.0,
        "Amortization": 11400000.0,
        "Amortization Of Intangibles Income Statement": 11400000.0,
        "Selling General And Administration": 160149000.0,
        "General And Administrative Expense": 160149000.0,
        "Insurance And Claims": 5351000.0,
        "Salaries And Wages": 154798000.0,
        "Total Revenue": 476407000.0,
        "Operating Revenue": 476407000.0
    },
    "2022-03-31": {
        "Diluted EPS": 0.27,
        "Total Revenue": 380,
        "Gross Profit": 357,
        "Operating Income": 156,
        "EBIT": NaN,
        "Net Income": 114
    },
    "2021-12-31": {
        "Diluted EPS": 0.26,
        "Total Revenue": 378,
        "Gross Profit": 354,
        "Operating Income": 157,
        "EBIT": NaN,
        "Net Income": 112
    },
    "2021-09-30": {
        "Diluted EPS": 0.29,
        "Total Revenue": 371,
        "Gross Profit": 343,
        "Operating Income": 165,
        "EBIT": NaN,
        "Net Income": 119
    },
    "2021-06-30": {
        "Diluted EPS": 0.29,
        "Total Revenue": 377,
        "Gross Profit": 344,
        "Operating Income": 163,
        "EBIT": NaN,
        "Net Income": 117
    },
    "2021-03-31": {
        "Diluted EPS": 0.28,
        "Total Revenue": 363,
        "Gross Profit": 324,
        "Operating Income": 155,
        "EBIT": NaN,
        "Net Income": 113
    },
    "2020-12-31": {
        "Diluted EPS": 0.24,
        "Total Revenue": 382,
        "Gross Profit": 335,
        "Operating Income": 143,
        "EBIT": NaN,
        "Net Income": 102
    },
    "2020-09-30": {
        "Diluted EPS": 0.25,
        "Total Revenue": 387,
        "Gross Profit": 332,
        "Operating Income": 141,
        "EBIT": NaN,
        "Net Income": 99
    },
    "2020-06-30": {
        "Diluted EPS": 0.23,
        "Total Revenue": 393,
        "Gross Profit": 327,
        "Operating Income": 129,
        "EBIT": NaN,
        "Net Income": 92
    },
    "2020-03-31": {
        "Diluted EPS": 0.21,
        "Total Revenue": 405,
        "Gross Profit": 307,
        "Operating Income": 116,
        "EBIT": NaN,
        "Net Income": 84
    },
    "2019-12-31": {
        "Diluted EPS": 0.08,
        "Total Revenue": 382,
        "Gross Profit": 277,
        "Operating Income": 75,
        "EBIT": NaN,
        "Net Income": 35
    },
    "2019-09-30": {
        "Diluted EPS": 0.24,
        "Total Revenue": 370,
        "Gross Profit": 262,
        "Operating Income": 107,
        "EBIT": NaN,
        "Net Income": 79
    },
    "2019-06-30": {
        "Diluted EPS": 0.22,
        "Total Revenue": 355,
        "Gross Profit": 248,
        "Operating Income": 104,
        "EBIT": NaN,
        "Net Income": 73
    },
    "2019-03-31": {
        "Diluted EPS": 0.33,
        "Total Revenue": 428,
        "Gross Profit": 326,
        "Operating Income": 171,
        "EBIT": NaN,
        "Net Income": 110
    },
    "2018-12-31": {
        "Diluted EPS": 0.22,
        "Total Revenue": 349,
        "Gross Profit": 257,
        "Operating Income": 95,
        "EBIT": NaN,
        "Net Income": 74
    },
    "2018-09-30": {
        "Diluted EPS": 0.2,
        "Total Revenue": 326,
        "Gross Profit": 246,
        "Operating Income": 88,
        "EBIT": NaN,
        "Net Income": 66
    },
    "2018-06-30": {
        "Diluted EPS": 0.21,
        "Total Revenue": 318,
        "Gross Profit": 249,
        "Operating Income": 92,
        "EBIT": NaN,
        "Net Income": 70
    },
    "2018-03-31": {
        "Diluted EPS": 0.12,
        "Total Revenue": 300,
        "Gross Profit": 240,
        "Operating Income": 55,
        "EBIT": NaN,
        "Net Income": 39
    },
    "2017-12-31": {
        "Diluted EPS": 0.09,
        "Total Revenue": 248,
        "Gross Profit": 200,
        "Operating Income": 61,
        "EBIT": NaN,
        "Net Income": 23
    },
    "2017-09-30": {
        "Diluted EPS": 0.14,
        "Total Revenue": 238,
        "Gross Profit": 191,
        "Operating Income": 57,
        "EBIT": NaN,
        "Net Income": 37
    },
    "2017-06-30": {
        "Diluted EPS": 0.18,
        "Total Revenue": 236,
        "Gross Profit": 194,
        "Operating Income": 71,
        "EBIT": NaN,
        "Net Income": 48
    },
    "2017-03-31": {
        "Diluted EPS": 0.17,
        "Total Revenue": 224,
        "Gross Profit": 188,
        "Operating Income": 64,
        "EBIT": NaN,
        "Net Income": 44
    },
    "2016-12-31": {
        "Diluted EPS": 0.18,
        "Total Revenue": 234,
        "Gross Profit": 197,
        "Operating Income": 68,
        "EBIT": NaN,
        "Net Income": 46
    },
    "2016-09-30": {
        "Diluted EPS": 0.16,
        "Total Revenue": 216,
        "Gross Profit": 179,
        "Operating Income": 60,
        "EBIT": NaN,
        "Net Income": 43
    },
    "2016-06-30": {
        "Diluted EPS": 0.15,
        "Total Revenue": 213,
        "Gross Profit": 176,
        "Operating Income": 54,
        "EBIT": NaN,
        "Net Income": 37
    },
    "2016-03-31": {
        "Diluted EPS": 0.14,
        "Total Revenue": 207,
        "Gross Profit": 170,
        "Operating Income": 51,
        "EBIT": NaN,
        "Net Income": 34
    },
    "2015-12-31": {
        "Diluted EPS": 0.0,
        "Total Revenue": 210,
        "Gross Profit": 172,
        "Operating Income": -6,
        "EBIT": NaN,
        "Net Income": 3
    },
    "2015-09-30": {
        "Diluted EPS": 0.15,
        "Total Revenue": 196,
        "Gross Profit": 155,
        "Operating Income": 46,
        "EBIT": NaN,
        "Net Income": 34
    },
    "2015-06-30": {
        "Diluted EPS": 0.14,
        "Total Revenue": 196,
        "Gross Profit": 156,
        "Operating Income": 44,
        "EBIT": NaN,
        "Net Income": 32
    },
    "2015-03-31": {
        "Diluted EPS": 0.13,
        "Total Revenue": 190,
        "Gross Profit": 151,
        "Operating Income": 43,
        "EBIT": NaN,
        "Net Income": 30
    },
    "2014-12-31": {
        "Diluted EPS": 0.1,
        "Total Revenue": 201,
        "Gross Profit": 158,
        "Operating Income": 33,
        "EBIT": NaN,
        "Net Income": 25
    },
    "2014-09-30": {
        "Diluted EPS": 0.14,
        "Total Revenue": 170,
        "Gross Profit": 129,
        "Operating Income": 38,
        "EBIT": NaN,
        "Net Income": 28
    },
    "2014-06-30": {
        "Diluted EPS": 0.15,
        "Total Revenue": 170,
        "Gross Profit": 130,
        "Operating Income": 41,
        "EBIT": NaN,
        "Net Income": 30
    },
    "2014-03-31": {
        "Diluted EPS": 0.17,
        "Total Revenue": 174,
        "Gross Profit": 135,
        "Operating Income": 35,
        "EBIT": NaN,
        "Net Income": 34
    },
    "2013-12-31": {
        "Diluted EPS": 0.19,
        "Total Revenue": 199,
        "Gross Profit": 158,
        "Operating Income": 56,
        "EBIT": NaN,
        "Net Income": 40
    },
    "2013-09-30": {
        "Diluted EPS": 0.14,
        "Total Revenue": 176,
        "Gross Profit": 134,
        "Operating Income": 34,
        "EBIT": NaN,
        "Net Income": 27
    },
    "2013-06-30": {
        "Diluted EPS": 0.17,
        "Total Revenue": 185,
        "Gross Profit": 143,
        "Operating Income": 45,
        "EBIT": NaN,
        "Net Income": 34
    },
    "2013-03-31": {
        "Diluted EPS": 0.16,
        "Total Revenue": 184,
        "Gross Profit": 141,
        "Operating Income": 44,
        "EBIT": NaN,
        "Net Income": 31
    },
    "2012-12-31": {
        "Diluted EPS": 0.18,
        "Total Revenue": 197,
        "Gross Profit": 152,
        "Operating Income": 52,
        "EBIT": NaN,
        "Net Income": 37
    },
    "2012-09-30": {
        "Diluted EPS": 0.2,
        "Total Revenue": 208,
        "Gross Profit": 162,
        "Operating Income": 62,
        "EBIT": NaN,
        "Net Income": 39
    },
    "2012-06-30": {
        "Diluted EPS": 0.17,
        "Total Revenue": 191,
        "Gross Profit": 146,
        "Operating Income": 47,
        "EBIT": NaN,
        "Net Income": 33
    },
    "2012-03-31": {
        "Diluted EPS": 0.18,
        "Total Revenue": 197,
        "Gross Profit": 150,
        "Operating Income": 50,
        "EBIT": NaN,
        "Net Income": 35
    },
    "2011-12-31": {
        "Diluted EPS": 0.13,
        "Total Revenue": 180,
        "Gross Profit": 132,
        "Operating Income": 30,
        "EBIT": NaN,
        "Net Income": 24
    },
    "2011-09-30": {
        "Diluted EPS": 0.2,
        "Total Revenue": 192,
        "Gross Profit": 142,
        "Operating Income": 49,
        "EBIT": NaN,
        "Net Income": 35
    },
    "2011-06-30": {
        "Diluted EPS": 0.21,
        "Total Revenue": 201,
        "Gross Profit": 151,
        "Operating Income": 62,
        "EBIT": NaN,
        "Net Income": 37
    },
    "2011-03-31": {
        "Diluted EPS": 0.2,
        "Total Revenue": 213,
        "Gross Profit": 162,
        "Operating Income": 54,
        "EBIT": NaN,
        "Net Income": 37
    },
    "2010-12-31": {
        "Diluted EPS": 0.21,
        "Total Revenue": 201,
        "Gross Profit": 149,
        "Operating Income": 51,
        "EBIT": NaN,
        "Net Income": 37
    },
    "2010-09-30": {
        "Diluted EPS": 0.18,
        "Total Revenue": 188,
        "Gross Profit": 135,
        "Operating Income": 47,
        "EBIT": NaN,
        "Net Income": 33
    },
    "2010-06-30": {
        "Diluted EPS": 0.19,
        "Total Revenue": 194,
        "Gross Profit": 140,
        "Operating Income": 47,
        "EBIT": NaN,
        "Net Income": 33
    },
    "2010-03-31": {
        "Diluted EPS": 0.15,
        "Total Revenue": 186,
        "Gross Profit": 131,
        "Operating Income": 40,
        "EBIT": NaN,
        "Net Income": 27
    },
    "2009-12-31": {
        "Diluted EPS": 0.17,
        "Total Revenue": 196,
        "Gross Profit": 136,
        "Operating Income": 47,
        "EBIT": NaN,
        "Net Income": 29
    },
    "2009-09-30": {
        "Diluted EPS": 0.15,
        "Total Revenue": 194,
        "Gross Profit": 132,
        "Operating Income": 46,
        "EBIT": NaN,
        "Net Income": 26
    },
    "2009-06-30": {
        "Diluted EPS": 0.05,
        "Total Revenue": 180,
        "Gross Profit": 113,
        "Operating Income": 22,
        "EBIT": NaN,
        "Net Income": 9
    },
    "2009-03-31": {
        "Diluted EPS": 0.2,
        "Total Revenue": 214,
        "Gross Profit": 141,
        "Operating Income": 54,
        "EBIT": NaN,
        "Net Income": 33
    },
    "2023-09-30": {
        "Tax Effect Of Unusual Items": NaN,
        "Tax Rate For Calcs": NaN,
        "Total Unusual Items": NaN,
        "Total Unusual Items Excluding Goodwill": NaN,
        "Net Income From Continuing Operation Net Minority Interest": NaN,
        "Reconciled Depreciation": NaN,
        "Net Interest Income": NaN,
        "Interest Expense": NaN,
        "Interest Income": NaN,
        "Normalized Income": NaN,
        "Net Income From Continuing And Discontinued Operation": NaN,
        "Diluted Average Shares": NaN,
        "Basic Average Shares": NaN,
        "Diluted EPS": NaN,
        "Basic EPS": NaN,
        "Diluted NI Availto Com Stockholders": NaN,
        "Net Income Common Stockholders": NaN,
        "Preferred Stock Dividends": NaN,
        "Net Income": NaN,
        "Net Income Including Noncontrolling Interests": NaN,
        "Net Income Continuous Operations": NaN,
        "Tax Provision": NaN,
        "Pretax Income": NaN,
        "Special Income Charges": NaN,
        "Gain On Sale Of Business": 0.0,
        "Other Special Charges": NaN,
        "Restructuring And Mergern Acquisition": NaN,
        "Gain On Sale Of Security": NaN,
        "Depreciation Amortization Depletion Income Statement": NaN,
        "Depreciation And Amortization In Income Statement": NaN,
        "Amortization": NaN,
        "Amortization Of Intangibles Income Statement": NaN,
        "Selling General And Administration": NaN,
        "General And Administrative Expense": NaN,
        "Insurance And Claims": NaN,
        "Salaries And Wages": NaN,
        "Total Revenue": NaN,
        "Operating Revenue": NaN,
        "Occupancy And Equipment": NaN,
        "Professional Expense And Contract Services Expense": NaN,
        "Other Non Interest Expense": NaN
    },
    "2023-12-31": {
        "Tax Effect Of Unusual Items": NaN,
        "Tax Rate For Calcs": NaN,
        "Total Unusual Items": NaN,
        "Total Unusual Items Excluding Goodwill": NaN,
        "Net Income From Continuing Operation Net Minority Interest": NaN,
        "Reconciled Depreciation": NaN,
        "Net Interest Income": NaN,
        "Interest Expense": NaN,
        "Interest Income": NaN,
        "Normalized Income": NaN,
        "Net Income From Continuing And Discontinued Operation": NaN,
        "Diluted Average Shares": NaN,
        "Basic Average Shares": NaN,
        "Diluted EPS": NaN,
        "Basic EPS": NaN,
        "Diluted NI Availto Com Stockholders": NaN,
        "Net Income Common Stockholders": NaN,
        "Preferred Stock Dividends": NaN,
        "Net Income": NaN,
        "Net Income Including Noncontrolling Interests": NaN,
        "Net Income Continuous Operations": NaN,
        "Tax Provision": NaN,
        "Pretax Income": NaN,
        "Special Income Charges": NaN,
        "Gain On Sale Of Business": NaN,
        "Other Special Charges": 53837000.0,
        "Restructuring And Mergern Acquisition": NaN,
        "Gain On Sale Of Security": NaN,
        "Depreciation Amortization Depletion Income Statement": NaN,
        "Depreciation And Amortization In Income Statement": NaN,
        "Amortization": NaN,
        "Amortization Of Intangibles Income Statement": NaN,
        "Selling General And Administration": NaN,
        "General And Administrative Expense": NaN,
        "Insurance And Claims": NaN,
        "Salaries And Wages": NaN,
        "Total Revenue": NaN,
        "Operating Revenue": NaN,
        "Occupancy And Equipment": NaN,
        "Professional Expense And Contract Services Expense": NaN,
        "Other Non Interest Expense": NaN
    },
    "2024-03-31": {
        "Tax Effect Of Unusual Items": NaN,
        "Tax Rate For Calcs": NaN,
        "Total Unusual Items": NaN,
        "Total Unusual Items Excluding Goodwill": NaN,
        "Net Income From Continuing Operation Net Minority Interest": NaN,
        "Reconciled Depreciation": NaN,
        "Net Interest Income": NaN,
        "Interest Expense": NaN,
        "Interest Income": NaN,
        "Normalized Income": NaN,
        "Net Income From Continuing And Discontinued Operation": NaN,
        "Diluted Average Shares": NaN,
        "Basic Average Shares": NaN,
        "Diluted EPS": NaN,
        "Basic EPS": NaN,
        "Diluted NI Availto Com Stockholders": NaN,
        "Net Income Common Stockholders": NaN,
        "Preferred Stock Dividends": NaN,
        "Net Income": NaN,
        "Net Income Including Noncontrolling Interests": NaN,
        "Net Income Continuous Operations": NaN,
        "Tax Provision": NaN,
        "Pretax Income": NaN,
        "Special Income Charges": NaN,
        "Gain On Sale Of Business": NaN,
        "Other Special Charges": 7394000.0,
        "Restructuring And Mergern Acquisition": NaN,
        "Gain On Sale Of Security": NaN,
        "Depreciation Amortization Depletion Income Statement": NaN,
        "Depreciation And Amortization In Income Statement": NaN,
        "Amortization": NaN,
        "Amortization Of Intangibles Income Statement": NaN,
        "Selling General And Administration": NaN,
        "General And Administrative Expense": NaN,
        "Insurance And Claims": NaN,
        "Salaries And Wages": NaN,
        "Total Revenue": NaN,
        "Operating Revenue": NaN,
        "Occupancy And Equipment": NaN,
        "Professional Expense And Contract Services Expense": NaN,
        "Other Non Interest Expense": NaN
    },
    "2024-06-30": {
        "Tax Effect Of Unusual Items": NaN,
        "Tax Rate For Calcs": NaN,
        "Total Unusual Items": NaN,
        "Total Unusual Items Excluding Goodwill": NaN,
        "Net Income From Continuing Operation Net Minority Interest": NaN,
        "Reconciled Depreciation": NaN,
        "Net Interest Income": NaN,
        "Interest Expense": NaN,
        "Interest Income": NaN,
        "Normalized Income": NaN,
        "Net Income From Continuing And Discontinued Operation": NaN,
        "Diluted Average Shares": NaN,
        "Basic Average Shares": NaN,
        "Diluted EPS": NaN,
        "Basic EPS": NaN,
        "Diluted NI Availto Com Stockholders": NaN,
        "Net Income Common Stockholders": NaN,
        "Preferred Stock Dividends": NaN,
        "Net Income": NaN,
        "Net Income Including Noncontrolling Interests": NaN,
        "Net Income Continuous Operations": NaN,
        "Tax Provision": NaN,
        "Pretax Income": NaN,
        "Special Income Charges": NaN,
        "Gain On Sale Of Business": NaN,
        "Other Special Charges": 1363000.0,
        "Restructuring And Mergern Acquisition": NaN,
        "Gain On Sale Of Security": NaN,
        "Depreciation Amortization Depletion Income Statement": NaN,
        "Depreciation And Amortization In Income Statement": NaN,
        "Amortization": NaN,
        "Amortization Of Intangibles Income Statement": NaN,
        "Selling General And Administration": NaN,
        "General And Administrative Expense": NaN,
        "Insurance And Claims": NaN,
        "Salaries And Wages": NaN,
        "Total Revenue": NaN,
        "Operating Revenue": NaN,
        "Occupancy And Equipment": NaN,
        "Professional Expense And Contract Services Expense": NaN,
        "Other Non Interest Expense": NaN
    },
    "2024-09-30": {
        "Tax Effect Of Unusual Items": 1664818.0,
        "Tax Rate For Calcs": 0.227,
        "Total Unusual Items": 7334000.0,
        "Total Unusual Items Excluding Goodwill": 7334000.0,
        "Net Income From Continuing Operation Net Minority Interest": 97856000.0,
        "Reconciled Depreciation": 18427000.0,
        "Net Interest Income": 410498000.0,
        "Interest Expense": 450051000.0,
        "Interest Income": 860549000.0,
        "Normalized Income": 92186818.0,
        "Net Income From Continuing And Discontinued Operation": 97856000.0,
        "Diluted Average Shares": 511342932.0,
        "Basic Average Shares": 509227538.0,
        "Diluted EPS": 0.18,
        "Basic EPS": 0.18,
        "Diluted NI Availto Com Stockholders": 91739000.0,
        "Net Income Common Stockholders": 91739000.0,
        "Preferred Stock Dividends": 6117000.0,
        "Net Income": 97856000.0,
        "Net Income Including Noncontrolling Interests": 97856000.0,
        "Net Income Continuous Operations": 97856000.0,
        "Tax Provision": 28818000.0,
        "Pretax Income": 126674000.0,
        "Special Income Charges": 7334000.0,
        "Gain On Sale Of Business": 0.0,
        "Other Special Charges": -7334000.0,
        "Restructuring And Mergern Acquisition": 0.0,
        "Gain On Sale Of Security": 61000.0,
        "Depreciation Amortization Depletion Income Statement": 8692000.0,
        "Depreciation And Amortization In Income Statement": 8692000.0,
        "Amortization": 8692000.0,
        "Amortization Of Intangibles Income Statement": 8692000.0,
        "Selling General And Administration": 153624000.0,
        "General And Administrative Expense": 153624000.0,
        "Insurance And Claims": 14792000.0,
        "Salaries And Wages": 138832000.0,
        "Total Revenue": 463849000.0,
        "Operating Revenue": 463849000.0,
        "Occupancy And Equipment": 55935000.0,
        "Professional Expense And Contract Services Expense": 14118000.0,
        "Other Non Interest Expense": 37102000.0
    },
    "2024-12-31": {
        "Tax Effect Of Unusual Items": -994140.0,
        "Tax Rate For Calcs": 0.21,
        "Total Unusual Items": -4734000.0,
        "Total Unusual Items Excluding Goodwill": -4734000.0,
        "Net Income From Continuing Operation Net Minority Interest": 115711000.0,
        "Reconciled Depreciation": 20917000.0,
        "Net Interest Income": 422977000.0,
        "Interest Expense": 411849000.0,
        "Interest Income": 834826000.0,
        "Normalized Income": 119450860.0,
        "Net Income From Continuing And Discontinued Operation": 115711000.0,
        "Diluted Average Shares": 540087600.0,
        "Basic Average Shares": 536159463.0,
        "Diluted EPS": 0.2,
        "Basic EPS": 0.2,
        "Diluted NI Availto Com Stockholders": 108686000.0,
        "Net Income Common Stockholders": 108686000.0,
        "Preferred Stock Dividends": 7025000.0,
        "Net Income": 115711000.0,
        "Net Income Including Noncontrolling Interests": 115711000.0,
        "Net Income Continuous Operations": 115711000.0,
        "Tax Provision": -26650000.0,
        "Pretax Income": 89061000.0,
        "Special Income Charges": -1085000.0,
        "Gain On Sale Of Business": 0.0,
        "Other Special Charges": 0.0,
        "Restructuring And Mergern Acquisition": 1085000.0,
        "Gain On Sale Of Security": 315000.0,
        "Depreciation Amortization Depletion Income Statement": 8373000.0,
        "Depreciation And Amortization In Income Statement": 8373000.0,
        "Amortization": 8373000.0,
        "Amortization Of Intangibles Income Statement": 8373000.0,
        "Selling General And Administration": 150034000.0,
        "General And Administrative Expense": 150034000.0,
        "Insurance And Claims": 14002000.0,
        "Salaries And Wages": 136032000.0,
        "Total Revenue": 474608000.0,
        "Operating Revenue": 474608000.0,
        "Occupancy And Equipment": 62058000.0,
        "Professional Expense And Contract Services Expense": 21794000.0,
        "Other Non Interest Expense": 35238000.0
    },
    "2025-03-31": {
        "Tax Effect Of Unusual Items": 10234.0,
        "Tax Rate For Calcs": 0.238,
        "Total Unusual Items": 43000.0,
        "Total Unusual Items Excluding Goodwill": 43000.0,
        "Net Income From Continuing Operation Net Minority Interest": 106058000.0,
        "Reconciled Depreciation": 17911000.0,
        "Net Interest Income": 420105000.0,
        "Interest Expense": 364647000.0,
        "Interest Income": 784752000.0,
        "Normalized Income": 106025234.0,
        "Net Income From Continuing And Discontinued Operation": 106058000.0,
        "Diluted Average Shares": 563305525.0,
        "Basic Average Shares": 559613272.0,
        "Diluted EPS": 0.18,
        "Basic EPS": 0.18,
        "Diluted NI Availto Com Stockholders": 99103000.0,
        "Net Income Common Stockholders": 99103000.0,
        "Preferred Stock Dividends": 6955000.0,
        "Net Income": 106058000.0,
        "Net Income Including Noncontrolling Interests": 106058000.0,
        "Net Income Continuous Operations": 106058000.0,
        "Tax Provision": 33062000.0,
        "Pretax Income": 139120000.0,
        "Special Income Charges": 0.0,
        "Gain On Sale Of Business": 0.0,
        "Other Special Charges": NaN,
        "Restructuring And Mergern Acquisition": 0.0,
        "Gain On Sale Of Security": 60000.0,
        "Depreciation Amortization Depletion Income Statement": 8019000.0,
        "Depreciation And Amortization In Income Statement": 8019000.0,
        "Amortization": 8019000.0,
        "Amortization Of Intangibles Income Statement": 8019000.0,
        "Selling General And Administration": 155485000.0,
        "General And Administrative Expense": 155485000.0,
        "Insurance And Claims": 12867000.0,
        "Salaries And Wages": 142618000.0,
        "Total Revenue": 478413000.0,
        "Operating Revenue": 478413000.0,
        "Occupancy And Equipment": 55784000.0,
        "Professional Expense And Contract Services Expense": 15670000.0,
        "Other Non Interest Expense": 41660000.0
    },
    "2025-06-30": {
        "Tax Effect Of Unusual Items": -397782.0,
        "Tax Rate For Calcs": 0.231,
        "Total Unusual Items": -1722000.0,
        "Total Unusual Items Excluding Goodwill": -1722000.0,
        "Net Income From Continuing Operation Net Minority Interest": 133167000.0,
        "Reconciled Depreciation": 17457000.0,
        "Net Interest Income": 432408000.0,
        "Interest Expense": 372604000.0,
        "Interest Income": 805012000.0,
        "Normalized Income": 134491218.0,
        "Net Income From Continuing And Discontinued Operation": 133167000.0,
        "Diluted Average Shares": 562312330.0,
        "Basic Average Shares": 560336610.0,
        "Diluted EPS": 0.22,
        "Basic EPS": 0.23,
        "Diluted NI Availto Com Stockholders": 126219000.0,
        "Net Income Common Stockholders": 126219000.0,
        "Preferred Stock Dividends": 6948000.0,
        "Net Income": 133167000.0,
        "Net Income Including Noncontrolling Interests": 133167000.0,
        "Net Income Continuous Operations": 133167000.0,
        "Tax Provision": 39924000.0,
        "Pretax Income": 173091000.0,
        "Special Income Charges": -1722000.0,
        "Gain On Sale Of Business": 0.0,
        "Other Special Charges": NaN,
        "Restructuring And Mergern Acquisition": 800000.0,
        "Gain On Sale Of Security": -5000.0,
        "Depreciation Amortization Depletion Income Statement": 7427000.0,
        "Depreciation And Amortization In Income Statement": 7427000.0,
        "Amortization": 7427000.0,
        "Amortization Of Intangibles Income Statement": 7427000.0,
        "Selling General And Administration": 157614000.0,
        "General And Administrative Expense": 157614000.0,
        "Insurance And Claims": 12192000.0,
        "Salaries And Wages": 145422000.0,
        "Total Revenue": 495008000.0,
        "Operating Revenue": 495008000.0,
        "Occupancy And Equipment": 56150000.0,
        "Professional Expense And Contract Services Expense": 19970000.0,
        "Other Non Interest Expense": 41239000.0
    },
    "2025-09-30": {
        "Tax Effect Of Unusual Items": -232878.0,
        "Tax Rate For Calcs": 0.222,
        "Total Unusual Items": -1049000.0,
        "Total Unusual Items Excluding Goodwill": -1049000.0,
        "Net Income From Continuing Operation Net Minority Interest": 163355000.0,
        "Reconciled Depreciation": 16353000.0,
        "Net Interest Income": 446224000.0,
        "Interest Expense": 380699000.0,
        "Interest Income": 826923000.0,
        "Normalized Income": 164171122.0,
        "Net Income From Continuing And Discontinued Operation": 163355000.0,
        "Diluted Average Shares": 563636933.0,
        "Basic Average Shares": 560504275.0,
        "Diluted EPS": 0.28,
        "Basic EPS": 0.28,
        "Diluted NI Availto Com Stockholders": 155711000.0,
        "Net Income Common Stockholders": 155711000.0,
        "Preferred Stock Dividends": 7644000.0,
        "Net Income": 163355000.0,
        "Net Income Including Noncontrolling Interests": 163355000.0,
        "Net Income Continuous Operations": 163355000.0,
        "Tax Provision": 46600000.0,
        "Pretax Income": 209955000.0,
        "Special Income Charges": -1049000.0,
        "Gain On Sale Of Business": 0.0,
        "Other Special Charges": -2805000.0,
        "Restructuring And Mergern Acquisition": 3854000.0,
        "Gain On Sale Of Security": 28000.0,
        "Depreciation Amortization Depletion Income Statement": 7544000.0,
        "Depreciation And Amortization In Income Statement": 7544000.0,
        "Amortization": 7544000.0,
        "Amortization Of Intangibles Income Statement": 7544000.0,
        "Selling General And Administration": 155140000.0,
        "General And Administrative Expense": 155140000.0,
        "Insurance And Claims": 12174000.0,
        "Salaries And Wages": 142966000.0,
        "Total Revenue": 511111000.0,
        "Operating Revenue": 511111000.0,
        "Occupancy And Equipment": 55573000.0,
        "Professional Expense And Contract Services Expense": 23249000.0,
        "Other Non Interest Expense": 39430000.0
    }
}