{
    "2023-03-31": {
        "Tax Effect Of Unusual Items": NaN,
        "Tax Rate For Calcs": NaN,
        "Normalized EBITDA": NaN,
        "Total Unusual Items": NaN,
        "Total Unusual Items Excluding Goodwill": NaN,
        "Net Income From Continuing Operation Net Minority Interest": NaN,
        "Reconciled Depreciation": NaN,
        "Reconciled Cost Of Revenue": NaN,
        "EBITDA": NaN,
        "EBIT": NaN,
        "Net Interest Income": NaN,
        "Interest Expense": NaN,
        "Interest Income": 49000.0,
        "Normalized Income": NaN,
        "Net Income From Continuing And Discontinued Operation": NaN,
        "Total Expenses": NaN,
        "Total Operating Income As Reported": NaN,
        "Diluted Average Shares": NaN,
        "Basic Average Shares": NaN,
        "Diluted EPS": NaN,
        "Basic EPS": NaN,
        "Diluted NI Availto Com Stockholders": NaN,
        "Net Income Common Stockholders": NaN,
        "Net Income": NaN,
        "Minority Interests": NaN,
        "Net Income Including Noncontrolling Interests": NaN,
        "Net Income Continuous Operations": NaN,
        "Tax Provision": NaN,
        "Pretax Income": NaN,
        "Other Income Expense": NaN,
        "Special Income Charges": NaN,
        "Gain On Sale Of Ppe": NaN,
        "Earnings From Equity Interest": NaN,
        "Net Non Operating Interest Income Expense": NaN,
        "Total Other Finance Cost": -49000.0,
        "Interest Expense Non Operating": NaN,
        "Interest Income Non Operating": 49000.0,
        "Operating Income": NaN,
        "Operating Expense": NaN,
        "Other Operating Expenses": NaN,
        "Depreciation Amortization Depletion Income Statement": NaN,
        "Depreciation And Amortization In Income Statement": NaN,
        "Depreciation Income Statement": 240000.0,
        "Research And Development": NaN,
        "Selling General And Administration": NaN,
        "General And Administrative Expense": NaN,
        "Other Gand A": NaN,
        "Salaries And Wages": NaN,
        "Gross Profit": NaN,
        "Cost Of Revenue": NaN,
        "Total Revenue": NaN,
        "Operating Revenue": NaN
    },
    "2022-12-31": {
        "Tax Effect Of Unusual Items": NaN,
        "Tax Rate For Calcs": NaN,
        "Normalized EBITDA": NaN,
        "Total Unusual Items": NaN,
        "Total Unusual Items Excluding Goodwill": NaN,
        "Net Income From Continuing Operation Net Minority Interest": NaN,
        "Reconciled Depreciation": NaN,
        "Reconciled Cost Of Revenue": NaN,
        "EBITDA": NaN,
        "EBIT": NaN,
        "Net Interest Income": NaN,
        "Interest Expense": 32000.0,
        "Interest Income": NaN,
        "Normalized Income": NaN,
        "Net Income From Continuing And Discontinued Operation": NaN,
        "Total Expenses": NaN,
        "Total Operating Income As Reported": NaN,
        "Diluted Average Shares": NaN,
        "Basic Average Shares": NaN,
        "Diluted EPS": NaN,
        "Basic EPS": NaN,
        "Diluted NI Availto Com Stockholders": NaN,
        "Net Income Common Stockholders": NaN,
        "Net Income": NaN,
        "Minority Interests": NaN,
        "Net Income Including Noncontrolling Interests": NaN,
        "Net Income Continuous Operations": NaN,
        "Tax Provision": NaN,
        "Pretax Income": NaN,
        "Other Income Expense": NaN,
        "Special Income Charges": NaN,
        "Gain On Sale Of Ppe": NaN,
        "Earnings From Equity Interest": NaN,
        "Net Non Operating Interest Income Expense": NaN,
        "Total Other Finance Cost": NaN,
        "Interest Expense Non Operating": 32000.0,
        "Interest Income Non Operating": NaN,
        "Operating Income": NaN,
        "Operating Expense": NaN,
        "Other Operating Expenses": NaN,
        "Depreciation Amortization Depletion Income Statement": NaN,
        "Depreciation And Amortization In Income Statement": NaN,
        "Depreciation Income Statement": NaN,
        "Research And Development": NaN,
        "Selling General And Administration": NaN,
        "General And Administrative Expense": NaN,
        "Other Gand A": NaN,
        "Salaries And Wages": NaN,
        "Gross Profit": NaN,
        "Cost Of Revenue": NaN,
        "Total Revenue": NaN,
        "Operating Revenue": NaN
    },
    "2022-09-30": {
        "Tax Effect Of Unusual Items": NaN,
        "Tax Rate For Calcs": NaN,
        "Normalized EBITDA": NaN,
        "Total Unusual Items": NaN,
        "Total Unusual Items Excluding Goodwill": NaN,
        "Net Income From Continuing Operation Net Minority Interest": NaN,
        "Reconciled Depreciation": NaN,
        "Reconciled Cost Of Revenue": NaN,
        "EBITDA": NaN,
        "EBIT": NaN,
        "Net Interest Income": NaN,
        "Interest Expense": 42000.0,
        "Interest Income": NaN,
        "Normalized Income": NaN,
        "Net Income From Continuing And Discontinued Operation": NaN,
        "Total Expenses": NaN,
        "Total Operating Income As Reported": NaN,
        "Diluted Average Shares": NaN,
        "Basic Average Shares": NaN,
        "Diluted EPS": NaN,
        "Basic EPS": NaN,
        "Diluted NI Availto Com Stockholders": NaN,
        "Net Income Common Stockholders": NaN,
        "Net Income": NaN,
        "Net Income Including Noncontrolling Interests": NaN,
        "Net Income Continuous Operations": NaN,
        "Tax Provision": NaN,
        "Pretax Income": NaN,
        "Other Income Expense": NaN,
        "Special Income Charges": NaN,
        "Gain On Sale Of Ppe": NaN,
        "Earnings From Equity Interest": NaN,
        "Net Non Operating Interest Income Expense": NaN,
        "Total Other Finance Cost": NaN,
        "Interest Expense Non Operating": 42000.0,
        "Interest Income Non Operating": NaN,
        "Operating Income": NaN,
        "Operating Expense": NaN,
        "Other Operating Expenses": NaN,
        "Depreciation Amortization Depletion Income Statement": NaN,
        "Depreciation And Amortization In Income Statement": NaN,
        "Depreciation Income Statement": NaN,
        "Research And Development": NaN,
        "Selling General And Administration": NaN,
        "General And Administrative Expense": NaN,
        "Other Gand A": NaN,
        "Salaries And Wages": NaN,
        "Gross Profit": NaN,
        "Cost Of Revenue": NaN,
        "Total Revenue": NaN,
        "Operating Revenue": NaN
    },
    "2022-06-30": {
        "Tax Effect Of Unusual Items": 33364.553314,
        "Tax Rate For Calcs": 0.303314,
        "Normalized EBITDA": 5076000.0,
        "Total Unusual Items": 110000.0,
        "Total Unusual Items Excluding Goodwill": 110000.0,
        "Net Income From Continuing Operation Net Minority Interest": 967000.0,
        "Reconciled Depreciation": 3739000.0,
        "Reconciled Cost Of Revenue": 9424000.0,
        "EBITDA": 5186000.0,
        "EBIT": 1447000.0,
        "Net Interest Income": -59000.0,
        "Interest Expense": 59000.0,
        "Normalized Income": 890364.553314,
        "Net Income From Continuing And Discontinued Operation": 967000.0,
        "Total Expenses": 32419000.0,
        "Total Operating Income As Reported": 1001000.0,
        "Diluted Average Shares": 39752928.0,
        "Basic Average Shares": 38773580.0,
        "Diluted EPS": 0.02,
        "Basic EPS": 0.02,
        "Diluted NI Availto Com Stockholders": 967000.0,
        "Net Income Common Stockholders": 967000.0,
        "Net Income": 967000.0,
        "Net Income Including Noncontrolling Interests": 967000.0,
        "Net Income Continuous Operations": 967000.0,
        "Tax Provision": 421000.0,
        "Pretax Income": 1388000.0,
        "Other Income Expense": 556000.0,
        "Special Income Charges": 110000.0,
        "Gain On Sale Of Ppe": 110000.0,
        "Earnings From Equity Interest": 446000.0,
        "Net Non Operating Interest Income Expense": -59000.0,
        "Total Other Finance Cost": NaN,
        "Interest Expense Non Operating": 59000.0,
        "Operating Income": 891000.0,
        "Operating Expense": 19499000.0,
        "Other Operating Expenses": -223000.0,
        "Depreciation Amortization Depletion Income Statement": 243000.0,
        "Depreciation And Amortization In Income Statement": 243000.0,
        "Depreciation Income Statement": 243000.0,
        "Research And Development": 672000.0,
        "Selling General And Administration": 18807000.0,
        "General And Administrative Expense": 18807000.0,
        "Other Gand A": 17536000.0,
        "Salaries And Wages": 1271000.0,
        "Gross Profit": 20390000.0,
        "Cost Of Revenue": 12920000.0,
        "Total Revenue": 33310000.0,
        "Operating Revenue": 33310000.0
    },
    "2022-03-31": {
        "Diluted EPS": 0.04,
        "Total Revenue": 32,
        "Gross Profit": 20,
        "Operating Income": 2,
        "EBIT": 5,
        "Net Income": 2
    },
    "2021-12-31": {
        "Diluted EPS": 0.1,
        "Total Revenue": 32,
        "Gross Profit": 20,
        "Operating Income": 3,
        "EBIT": 6,
        "Net Income": 4
    },
    "2021-09-30": {
        "Diluted EPS": 0.04,
        "Total Revenue": 29,
        "Gross Profit": 18,
        "Operating Income": 3,
        "EBIT": 6,
        "Net Income": 2
    },
    "2021-06-30": {
        "Diluted EPS": 0.04,
        "Total Revenue": 27,
        "Gross Profit": 18,
        "Operating Income": 3,
        "EBIT": 5,
        "Net Income": 2
    },
    "2021-03-31": {
        "Diluted EPS": 0.04,
        "Total Revenue": 28,
        "Gross Profit": 18,
        "Operating Income": 1,
        "EBIT": 4,
        "Net Income": 2
    },
    "2020-12-31": {
        "Diluted EPS": 0.12,
        "Total Revenue": 31,
        "Gross Profit": 19,
        "Operating Income": 5,
        "EBIT": 8,
        "Net Income": 5
    },
    "2020-09-30": {
        "Diluted EPS": 0.07,
        "Total Revenue": 33,
        "Gross Profit": 19,
        "Operating Income": 4,
        "EBIT": 7,
        "Net Income": 3
    },
    "2020-06-30": {
        "Diluted EPS": 0.48,
        "Total Revenue": 43,
        "Gross Profit": 26,
        "Operating Income": 8,
        "EBIT": 10,
        "Net Income": 19
    },
    "2020-03-31": {
        "Diluted EPS": 0.11,
        "Total Revenue": 24,
        "Gross Profit": 16,
        "Operating Income": 3,
        "EBIT": 6,
        "Net Income": 4
    },
    "2019-12-31": {
        "Diluted EPS": 0.06,
        "Total Revenue": 21,
        "Gross Profit": 14,
        "Operating Income": 3,
        "EBIT": 5,
        "Net Income": 2
    },
    "2019-09-30": {
        "Diluted EPS": 0.07,
        "Total Revenue": 20,
        "Gross Profit": 14,
        "Operating Income": 2,
        "EBIT": 4,
        "Net Income": 3
    },
    "2019-06-30": {
        "Diluted EPS": 0.03,
        "Total Revenue": 20,
        "Gross Profit": 15,
        "Operating Income": 2,
        "EBIT": 3,
        "Net Income": 1
    },
    "2019-03-31": {
        "Diluted EPS": 0.05,
        "Total Revenue": 18,
        "Gross Profit": 13,
        "Operating Income": 2,
        "EBIT": 4,
        "Net Income": 2
    },
    "2018-12-31": {
        "Diluted EPS": 0.08,
        "Total Revenue": 18,
        "Gross Profit": 14,
        "Operating Income": 3,
        "EBIT": 4,
        "Net Income": 3
    },
    "2018-09-30": {
        "Diluted EPS": 0.06,
        "Total Revenue": 17,
        "Gross Profit": 13,
        "Operating Income": 3,
        "EBIT": 4,
        "Net Income": 2
    },
    "2018-06-30": {
        "Diluted EPS": 0.06,
        "Total Revenue": 16,
        "Gross Profit": 11,
        "Operating Income": 3,
        "EBIT": 4,
        "Net Income": 2
    },
    "2018-03-31": {
        "Diluted EPS": 0.06,
        "Total Revenue": 14,
        "Gross Profit": 11,
        "Operating Income": 2,
        "EBIT": 3,
        "Net Income": 2
    },
    "2017-12-31": {
        "Diluted EPS": 0.0,
        "Total Revenue": NaN,
        "Gross Profit": NaN,
        "Operating Income": NaN,
        "EBIT": NaN,
        "Net Income": NaN
    },
    "2023-06-30": {
        "Tax Effect Of Unusual Items": NaN,
        "Tax Rate For Calcs": NaN,
        "Normalized EBITDA": NaN,
        "Total Unusual Items": NaN,
        "Total Unusual Items Excluding Goodwill": NaN,
        "Net Income From Continuing Operation Net Minority Interest": NaN,
        "Reconciled Depreciation": NaN,
        "Reconciled Cost Of Revenue": NaN,
        "EBITDA": NaN,
        "EBIT": NaN,
        "Net Interest Income": NaN,
        "Interest Expense": NaN,
        "Normalized Income": NaN,
        "Net Income From Continuing And Discontinued Operation": NaN,
        "Total Expenses": NaN,
        "Total Operating Income As Reported": NaN,
        "Diluted Average Shares": NaN,
        "Basic Average Shares": NaN,
        "Diluted EPS": NaN,
        "Basic EPS": NaN,
        "Diluted NI Availto Com Stockholders": NaN,
        "Net Income Common Stockholders": NaN,
        "Net Income": NaN,
        "Minority Interests": 0.0,
        "Net Income Including Noncontrolling Interests": NaN,
        "Net Income Continuous Operations": NaN,
        "Tax Provision": NaN,
        "Pretax Income": NaN,
        "Other Income Expense": NaN,
        "Special Income Charges": NaN,
        "Gain On Sale Of Ppe": NaN,
        "Earnings From Equity Interest": NaN,
        "Net Non Operating Interest Income Expense": NaN,
        "Total Other Finance Cost": -20000.0,
        "Interest Expense Non Operating": NaN,
        "Operating Income": NaN,
        "Operating Expense": NaN,
        "Other Operating Expenses": NaN,
        "Depreciation Amortization Depletion Income Statement": NaN,
        "Depreciation And Amortization In Income Statement": NaN,
        "Depreciation Income Statement": 298000.0,
        "Research And Development": NaN,
        "Selling General And Administration": NaN,
        "General And Administrative Expense": NaN,
        "Other Gand A": NaN,
        "Salaries And Wages": NaN,
        "Gross Profit": NaN,
        "Cost Of Revenue": NaN,
        "Total Revenue": NaN,
        "Operating Revenue": NaN
    },
    "2023-09-30": {
        "Tax Effect Of Unusual Items": NaN,
        "Tax Rate For Calcs": NaN,
        "Normalized EBITDA": NaN,
        "Total Unusual Items": NaN,
        "Total Unusual Items Excluding Goodwill": NaN,
        "Net Income From Continuing Operation Net Minority Interest": NaN,
        "Reconciled Depreciation": NaN,
        "Reconciled Cost Of Revenue": NaN,
        "EBITDA": NaN,
        "EBIT": NaN,
        "Net Interest Income": NaN,
        "Interest Expense": NaN,
        "Normalized Income": NaN,
        "Net Income From Continuing And Discontinued Operation": NaN,
        "Total Expenses": NaN,
        "Total Operating Income As Reported": NaN,
        "Diluted Average Shares": NaN,
        "Basic Average Shares": NaN,
        "Diluted EPS": NaN,
        "Basic EPS": NaN,
        "Diluted NI Availto Com Stockholders": NaN,
        "Net Income Common Stockholders": NaN,
        "Net Income": NaN,
        "Minority Interests": NaN,
        "Net Income Including Noncontrolling Interests": NaN,
        "Net Income Continuous Operations": NaN,
        "Tax Provision": NaN,
        "Pretax Income": NaN,
        "Other Income Expense": NaN,
        "Special Income Charges": NaN,
        "Gain On Sale Of Ppe": NaN,
        "Earnings From Equity Interest": NaN,
        "Gain On Sale Of Security": NaN,
        "Net Non Operating Interest Income Expense": NaN,
        "Total Other Finance Cost": NaN,
        "Interest Expense Non Operating": NaN,
        "Operating Income": NaN,
        "Operating Expense": NaN,
        "Other Operating Expenses": NaN,
        "Depreciation Amortization Depletion Income Statement": NaN,
        "Depreciation And Amortization In Income Statement": NaN,
        "Depreciation Income Statement": 419000.0,
        "Research And Development": NaN,
        "Selling General And Administration": NaN,
        "General And Administrative Expense": NaN,
        "Other Gand A": NaN,
        "Salaries And Wages": NaN,
        "Gross Profit": NaN,
        "Cost Of Revenue": NaN,
        "Total Revenue": NaN,
        "Operating Revenue": NaN
    },
    "2023-12-31": {
        "Tax Effect Of Unusual Items": NaN,
        "Tax Rate For Calcs": NaN,
        "Normalized EBITDA": NaN,
        "Total Unusual Items": NaN,
        "Total Unusual Items Excluding Goodwill": NaN,
        "Net Income From Continuing Operation Net Minority Interest": NaN,
        "Reconciled Depreciation": NaN,
        "Reconciled Cost Of Revenue": NaN,
        "EBITDA": NaN,
        "EBIT": NaN,
        "Net Interest Income": NaN,
        "Interest Expense": 256000.0,
        "Normalized Income": NaN,
        "Net Income From Continuing And Discontinued Operation": NaN,
        "Total Expenses": NaN,
        "Total Operating Income As Reported": NaN,
        "Diluted Average Shares": NaN,
        "Basic Average Shares": NaN,
        "Diluted EPS": NaN,
        "Basic EPS": NaN,
        "Diluted NI Availto Com Stockholders": NaN,
        "Net Income Common Stockholders": NaN,
        "Net Income": NaN,
        "Minority Interests": NaN,
        "Net Income Including Noncontrolling Interests": NaN,
        "Net Income Continuous Operations": NaN,
        "Tax Provision": NaN,
        "Pretax Income": NaN,
        "Other Income Expense": NaN,
        "Special Income Charges": NaN,
        "Gain On Sale Of Ppe": NaN,
        "Earnings From Equity Interest": NaN,
        "Gain On Sale Of Security": NaN,
        "Net Non Operating Interest Income Expense": NaN,
        "Total Other Finance Cost": NaN,
        "Interest Expense Non Operating": 256000.0,
        "Operating Income": NaN,
        "Operating Expense": NaN,
        "Other Operating Expenses": NaN,
        "Depreciation Amortization Depletion Income Statement": NaN,
        "Depreciation And Amortization In Income Statement": NaN,
        "Depreciation Income Statement": NaN,
        "Research And Development": NaN,
        "Selling General And Administration": NaN,
        "General And Administrative Expense": NaN,
        "Other Gand A": NaN,
        "Salaries And Wages": NaN,
        "Gross Profit": NaN,
        "Cost Of Revenue": NaN,
        "Total Revenue": NaN,
        "Operating Revenue": NaN
    },
    "2024-03-31": {
        "Tax Effect Of Unusual Items": NaN,
        "Tax Rate For Calcs": NaN,
        "Normalized EBITDA": NaN,
        "Total Unusual Items": NaN,
        "Total Unusual Items Excluding Goodwill": NaN,
        "Net Income From Continuing Operation Net Minority Interest": NaN,
        "Reconciled Depreciation": NaN,
        "Reconciled Cost Of Revenue": NaN,
        "EBITDA": NaN,
        "EBIT": NaN,
        "Net Interest Income": NaN,
        "Interest Expense": 150000.0,
        "Normalized Income": NaN,
        "Net Income From Continuing And Discontinued Operation": NaN,
        "Total Expenses": NaN,
        "Total Operating Income As Reported": NaN,
        "Diluted Average Shares": NaN,
        "Basic Average Shares": NaN,
        "Diluted EPS": NaN,
        "Basic EPS": NaN,
        "Diluted NI Availto Com Stockholders": NaN,
        "Net Income Common Stockholders": NaN,
        "Net Income": NaN,
        "Minority Interests": NaN,
        "Net Income Including Noncontrolling Interests": NaN,
        "Net Income Continuous Operations": NaN,
        "Tax Provision": NaN,
        "Pretax Income": NaN,
        "Other Income Expense": NaN,
        "Special Income Charges": NaN,
        "Gain On Sale Of Ppe": NaN,
        "Earnings From Equity Interest": 67000.0,
        "Gain On Sale Of Security": 67000.0,
        "Net Non Operating Interest Income Expense": NaN,
        "Total Other Finance Cost": NaN,
        "Interest Expense Non Operating": 150000.0,
        "Operating Income": NaN,
        "Operating Expense": NaN,
        "Other Operating Expenses": NaN,
        "Depreciation Amortization Depletion Income Statement": NaN,
        "Depreciation And Amortization In Income Statement": NaN,
        "Depreciation Income Statement": 415000.0,
        "Research And Development": NaN,
        "Selling General And Administration": NaN,
        "General And Administrative Expense": NaN,
        "Other Gand A": NaN,
        "Salaries And Wages": NaN,
        "Gross Profit": NaN,
        "Cost Of Revenue": NaN,
        "Total Revenue": NaN,
        "Operating Revenue": NaN
    },
    "2024-06-30": {
        "Tax Effect Of Unusual Items": NaN,
        "Tax Rate For Calcs": NaN,
        "Normalized EBITDA": NaN,
        "Total Unusual Items": NaN,
        "Total Unusual Items Excluding Goodwill": NaN,
        "Net Income From Continuing Operation Net Minority Interest": NaN,
        "Reconciled Depreciation": NaN,
        "Reconciled Cost Of Revenue": NaN,
        "EBITDA": NaN,
        "EBIT": NaN,
        "Net Interest Income": NaN,
        "Interest Expense": NaN,
        "Normalized Income": NaN,
        "Net Income From Continuing And Discontinued Operation": NaN,
        "Total Expenses": NaN,
        "Total Operating Income As Reported": NaN,
        "Diluted Average Shares": NaN,
        "Basic Average Shares": NaN,
        "Diluted EPS": NaN,
        "Basic EPS": NaN,
        "Diluted NI Availto Com Stockholders": NaN,
        "Net Income Common Stockholders": NaN,
        "Net Income": NaN,
        "Minority Interests": NaN,
        "Net Income Including Noncontrolling Interests": NaN,
        "Net Income Continuous Operations": NaN,
        "Tax Provision": NaN,
        "Pretax Income": NaN,
        "Other Income Expense": NaN,
        "Special Income Charges": NaN,
        "Gain On Sale Of Ppe": NaN,
        "Earnings From Equity Interest": -1117000.0,
        "Gain On Sale Of Security": NaN,
        "Net Non Operating Interest Income Expense": NaN,
        "Total Other Finance Cost": 254000.0,
        "Interest Expense Non Operating": NaN,
        "Operating Income": NaN,
        "Operating Expense": NaN,
        "Other Operating Expenses": NaN,
        "Depreciation Amortization Depletion Income Statement": NaN,
        "Depreciation And Amortization In Income Statement": NaN,
        "Depreciation Income Statement": 377000.0,
        "Research And Development": NaN,
        "Selling General And Administration": NaN,
        "General And Administrative Expense": NaN,
        "Other Gand A": NaN,
        "Salaries And Wages": NaN,
        "Gross Profit": NaN,
        "Cost Of Revenue": NaN,
        "Total Revenue": NaN,
        "Operating Revenue": NaN
    },
    "2024-09-30": {
        "Tax Effect Of Unusual Items": 163777.050373,
        "Tax Rate For Calcs": 0.289871,
        "Normalized EBITDA": 11567000.0,
        "Total Unusual Items": 565000.0,
        "Total Unusual Items Excluding Goodwill": 565000.0,
        "Net Income From Continuing Operation Net Minority Interest": 3878000.0,
        "Reconciled Depreciation": 6408000.0,
        "Reconciled Cost Of Revenue": 17573000.0,
        "EBITDA": 12132000.0,
        "EBIT": 5724000.0,
        "Net Interest Income": -225000.0,
        "Interest Expense": 225000.0,
        "Normalized Income": 3476777.050373,
        "Net Income From Continuing And Discontinued Operation": 3878000.0,
        "Total Expenses": 52845000.0,
        "Total Operating Income As Reported": 5628000.0,
        "Diluted Average Shares": 40779414.0,
        "Basic Average Shares": 38870823.0,
        "Diluted EPS": 0.1,
        "Basic EPS": 0.1,
        "Diluted NI Availto Com Stockholders": 3878000.0,
        "Net Income Common Stockholders": 3878000.0,
        "Net Income": 3878000.0,
        "Minority Interests": -27000.0,
        "Net Income Including Noncontrolling Interests": 3905000.0,
        "Net Income Continuous Operations": 3905000.0,
        "Tax Provision": 1594000.0,
        "Pretax Income": 5499000.0,
        "Other Income Expense": 565000.0,
        "Special Income Charges": 469000.0,
        "Gain On Sale Of Ppe": 469000.0,
        "Earnings From Equity Interest": 96000.0,
        "Gain On Sale Of Security": 96000.0,
        "Net Non Operating Interest Income Expense": -225000.0,
        "Total Other Finance Cost": NaN,
        "Interest Expense Non Operating": 225000.0,
        "Operating Income": 5159000.0,
        "Operating Expense": 29212000.0,
        "Other Operating Expenses": -276000.0,
        "Depreciation Amortization Depletion Income Statement": 348000.0,
        "Depreciation And Amortization In Income Statement": 348000.0,
        "Depreciation Income Statement": NaN,
        "Research And Development": 757000.0,
        "Selling General And Administration": 28383000.0,
        "General And Administrative Expense": 28383000.0,
        "Other Gand A": 26671000.0,
        "Salaries And Wages": 1712000.0,
        "Gross Profit": 34371000.0,
        "Cost Of Revenue": 23633000.0,
        "Total Revenue": 58004000.0,
        "Operating Revenue": 58004000.0
    },
    "2024-12-31": {
        "Tax Effect Of Unusual Items": 329361.459159,
        "Tax Rate For Calcs": 0.298335,
        "Normalized EBITDA": 11714000.0,
        "Total Unusual Items": 1104000.0,
        "Total Unusual Items Excluding Goodwill": 1104000.0,
        "Net Income From Continuing Operation Net Minority Interest": 4316000.0,
        "Reconciled Depreciation": 6366000.0,
        "Reconciled Cost Of Revenue": 18534000.0,
        "EBITDA": 12818000.0,
        "EBIT": 6452000.0,
        "Net Interest Income": -147000.0,
        "Interest Expense": 147000.0,
        "Normalized Income": 3541361.459159,
        "Net Income From Continuing And Discontinued Operation": 4316000.0,
        "Total Expenses": 55347000.0,
        "Total Operating Income As Reported": 6452000.0,
        "Diluted Average Shares": 41522457.0,
        "Basic Average Shares": 39027522.0,
        "Diluted EPS": 0.1,
        "Basic EPS": 0.11,
        "Diluted NI Availto Com Stockholders": 4316000.0,
        "Net Income Common Stockholders": 4316000.0,
        "Net Income": 4316000.0,
        "Minority Interests": -108000.0,
        "Net Income Including Noncontrolling Interests": 4424000.0,
        "Net Income Continuous Operations": 4424000.0,
        "Tax Provision": 1881000.0,
        "Pretax Income": 6305000.0,
        "Other Income Expense": 1104000.0,
        "Special Income Charges": 1104000.0,
        "Gain On Sale Of Ppe": 1104000.0,
        "Earnings From Equity Interest": 0.0,
        "Gain On Sale Of Security": NaN,
        "Net Non Operating Interest Income Expense": -147000.0,
        "Total Other Finance Cost": NaN,
        "Interest Expense Non Operating": 147000.0,
        "Operating Income": 5348000.0,
        "Operating Expense": 30790000.0,
        "Other Operating Expenses": -88000.0,
        "Depreciation Amortization Depletion Income Statement": 343000.0,
        "Depreciation And Amortization In Income Statement": 343000.0,
        "Depreciation Income Statement": NaN,
        "Research And Development": 803000.0,
        "Selling General And Administration": 29732000.0,
        "General And Administrative Expense": 29732000.0,
        "Other Gand A": 28211000.0,
        "Salaries And Wages": 1521000.0,
        "Gross Profit": 36138000.0,
        "Cost Of Revenue": 24557000.0,
        "Total Revenue": 60695000.0,
        "Operating Revenue": 60695000.0
    },
    "2025-03-31": {
        "Tax Effect Of Unusual Items": 615602.403058,
        "Tax Rate For Calcs": 0.259967,
        "Normalized EBITDA": 8086000.0,
        "Total Unusual Items": 2368000.0,
        "Total Unusual Items Excluding Goodwill": 2368000.0,
        "Net Income From Continuing Operation Net Minority Interest": 2625000.0,
        "Reconciled Depreciation": 6613000.0,
        "Reconciled Cost Of Revenue": 19585000.0,
        "EBITDA": 10454000.0,
        "EBIT": 3841000.0,
        "Net Interest Income": -179000.0,
        "Interest Expense": 179000.0,
        "Normalized Income": 872602.403058,
        "Net Income From Continuing And Discontinued Operation": 2625000.0,
        "Total Expenses": 57656000.0,
        "Total Operating Income As Reported": 3841000.0,
        "Diluted Average Shares": 41627876.0,
        "Basic Average Shares": 39426753.0,
        "Diluted EPS": 0.06,
        "Basic EPS": 0.07,
        "Diluted NI Availto Com Stockholders": 2625000.0,
        "Net Income Common Stockholders": 2625000.0,
        "Net Income": 2625000.0,
        "Minority Interests": -85000.0,
        "Net Income Including Noncontrolling Interests": 2710000.0,
        "Net Income Continuous Operations": 2710000.0,
        "Tax Provision": 952000.0,
        "Pretax Income": 3662000.0,
        "Other Income Expense": 2368000.0,
        "Special Income Charges": 2368000.0,
        "Gain On Sale Of Ppe": 2368000.0,
        "Earnings From Equity Interest": NaN,
        "Gain On Sale Of Security": NaN,
        "Net Non Operating Interest Income Expense": -179000.0,
        "Total Other Finance Cost": NaN,
        "Interest Expense Non Operating": 179000.0,
        "Operating Income": 1473000.0,
        "Operating Expense": 31806000.0,
        "Other Operating Expenses": -75000.0,
        "Depreciation Amortization Depletion Income Statement": 348000.0,
        "Depreciation And Amortization In Income Statement": 348000.0,
        "Depreciation Income Statement": NaN,
        "Research And Development": 797000.0,
        "Selling General And Administration": 30736000.0,
        "General And Administrative Expense": 30736000.0,
        "Other Gand A": 28425000.0,
        "Salaries And Wages": 2311000.0,
        "Gross Profit": 33279000.0,
        "Cost Of Revenue": 25850000.0,
        "Total Revenue": 59129000.0,
        "Operating Revenue": 59129000.0
    },
    "2025-06-30": {
        "Tax Effect Of Unusual Items": 219518.033448,
        "Tax Rate For Calcs": 0.345154,
        "Normalized EBITDA": 10714000.0,
        "Total Unusual Items": 636000.0,
        "Total Unusual Items Excluding Goodwill": 636000.0,
        "Net Income From Continuing Operation Net Minority Interest": 3157000.0,
        "Reconciled Depreciation": 6891000.0,
        "Reconciled Cost Of Revenue": 19787000.0,
        "EBITDA": 11350000.0,
        "EBIT": 4459000.0,
        "Net Interest Income": -132000.0,
        "Interest Expense": NaN,
        "Normalized Income": 2740518.033448,
        "Net Income From Continuing And Discontinued Operation": 3157000.0,
        "Total Expenses": 58597000.0,
        "Total Operating Income As Reported": 5095000.0,
        "Diluted Average Shares": 41083760.0,
        "Basic Average Shares": 39515247.0,
        "Diluted EPS": 0.08,
        "Basic EPS": 0.08,
        "Diluted NI Availto Com Stockholders": 3157000.0,
        "Net Income Common Stockholders": 3157000.0,
        "Net Income": 3157000.0,
        "Minority Interests": -93000.0,
        "Net Income Including Noncontrolling Interests": 3250000.0,
        "Net Income Continuous Operations": 3250000.0,
        "Tax Provision": 1713000.0,
        "Pretax Income": 4963000.0,
        "Other Income Expense": 636000.0,
        "Special Income Charges": 636000.0,
        "Gain On Sale Of Ppe": 636000.0,
        "Earnings From Equity Interest": 0.0,
        "Gain On Sale Of Security": NaN,
        "Net Non Operating Interest Income Expense": -132000.0,
        "Total Other Finance Cost": 132000.0,
        "Interest Expense Non Operating": NaN,
        "Operating Income": 4459000.0,
        "Operating Expense": 32272000.0,
        "Other Operating Expenses": -72000.0,
        "Depreciation Amortization Depletion Income Statement": 353000.0,
        "Depreciation And Amortization In Income Statement": 353000.0,
        "Depreciation Income Statement": NaN,
        "Research And Development": 847000.0,
        "Selling General And Administration": 31144000.0,
        "General And Administrative Expense": 31144000.0,
        "Other Gand A": 28803000.0,
        "Salaries And Wages": 2341000.0,
        "Gross Profit": 36731000.0,
        "Cost Of Revenue": 26325000.0,
        "Total Revenue": 63056000.0,
        "Operating Revenue": 63056000.0
    },
    "2025-09-30": {
        "Tax Effect Of Unusual Items": -142290.165531,
        "Tax Rate For Calcs": 0.298929,
        "Normalized EBITDA": 13657000.0,
        "Total Unusual Items": -476000.0,
        "Total Unusual Items Excluding Goodwill": -476000.0,
        "Net Income From Continuing Operation Net Minority Interest": 3513000.0,
        "Reconciled Depreciation": 7539000.0,
        "Reconciled Cost Of Revenue": 23427000.0,
        "EBITDA": 13181000.0,
        "EBIT": 5642000.0,
        "Net Interest Income": -507000.0,
        "Interest Expense": 507000.0,
        "Normalized Income": 3846709.834469,
        "Net Income From Continuing And Discontinued Operation": 3513000.0,
        "Total Expenses": 65796000.0,
        "Total Operating Income As Reported": 5642000.0,
        "Diluted Average Shares": 40495761.0,
        "Basic Average Shares": 38638660.0,
        "Diluted EPS": 0.09,
        "Basic EPS": 0.09,
        "Diluted NI Availto Com Stockholders": 3513000.0,
        "Net Income Common Stockholders": 3513000.0,
        "Net Income": 3513000.0,
        "Minority Interests": -87000.0,
        "Net Income Including Noncontrolling Interests": 3600000.0,
        "Net Income Continuous Operations": 3600000.0,
        "Tax Provision": 1535000.0,
        "Pretax Income": 5135000.0,
        "Other Income Expense": -476000.0,
        "Special Income Charges": -476000.0,
        "Gain On Sale Of Ppe": -476000.0,
        "Earnings From Equity Interest": NaN,
        "Gain On Sale Of Security": NaN,
        "Net Non Operating Interest Income Expense": -507000.0,
        "Total Other Finance Cost": NaN,
        "Interest Expense Non Operating": 507000.0,
        "Operating Income": 6118000.0,
        "Operating Expense": 35227000.0,
        "Other Operating Expenses": -44000.0,
        "Depreciation Amortization Depletion Income Statement": 397000.0,
        "Depreciation And Amortization In Income Statement": 397000.0,
        "Depreciation Income Statement": NaN,
        "Research And Development": 775000.0,
        "Selling General And Administration": 34099000.0,
        "General And Administrative Expense": 34099000.0,
        "Other Gand A": 31919000.0,
        "Salaries And Wages": 2180000.0,
        "Gross Profit": 41345000.0,
        "Cost Of Revenue": 30569000.0,
        "Total Revenue": 71914000.0,
        "Operating Revenue": 71914000.0
    }
}