{
    "2023-03-31": {
        "Tax Effect Of Unusual Items": NaN,
        "Tax Rate For Calcs": NaN,
        "Normalized EBITDA": NaN,
        "Total Unusual Items": NaN,
        "Total Unusual Items Excluding Goodwill": NaN,
        "Net Income From Continuing Operation Net Minority Interest": NaN,
        "Reconciled Depreciation": NaN,
        "Reconciled Cost Of Revenue": NaN,
        "EBITDA": NaN,
        "EBIT": NaN,
        "Net Interest Income": NaN,
        "Interest Expense": NaN,
        "Interest Income": NaN,
        "Normalized Income": NaN,
        "Net Income From Continuing And Discontinued Operation": NaN,
        "Total Expenses": NaN,
        "Total Operating Income As Reported": NaN,
        "Diluted Average Shares": NaN,
        "Basic Average Shares": NaN,
        "Diluted EPS": NaN,
        "Basic EPS": NaN,
        "Diluted NI Availto Com Stockholders": NaN,
        "Average Dilution Earnings": NaN,
        "Net Income Common Stockholders": NaN,
        "Otherunder Preferred Stock Dividend": 0.0,
        "Net Income": NaN,
        "Net Income Including Noncontrolling Interests": NaN,
        "Net Income Continuous Operations": NaN,
        "Tax Provision": NaN,
        "Pretax Income": NaN,
        "Other Income Expense": NaN,
        "Special Income Charges": NaN,
        "Gain On Sale Of Ppe": NaN,
        "Gain On Sale Of Security": NaN,
        "Net Non Operating Interest Income Expense": NaN,
        "Interest Expense Non Operating": NaN,
        "Interest Income Non Operating": NaN,
        "Operating Income": NaN,
        "Operating Expense": NaN,
        "Depreciation Amortization Depletion Income Statement": NaN,
        "Depreciation And Amortization In Income Statement": NaN,
        "Amortization": NaN,
        "Amortization Of Intangibles Income Statement": NaN,
        "Depreciation Income Statement": NaN,
        "Research And Development": NaN,
        "Selling General And Administration": NaN,
        "Selling And Marketing Expense": NaN,
        "General And Administrative Expense": NaN,
        "Other Gand A": NaN,
        "Gross Profit": NaN,
        "Cost Of Revenue": NaN,
        "Total Revenue": NaN,
        "Operating Revenue": NaN
    },
    "2022-12-31": {
        "Tax Effect Of Unusual Items": NaN,
        "Tax Rate For Calcs": NaN,
        "Normalized EBITDA": NaN,
        "Total Unusual Items": NaN,
        "Total Unusual Items Excluding Goodwill": NaN,
        "Net Income From Continuing Operation Net Minority Interest": NaN,
        "Reconciled Depreciation": NaN,
        "Reconciled Cost Of Revenue": NaN,
        "EBITDA": NaN,
        "EBIT": NaN,
        "Net Interest Income": NaN,
        "Interest Expense": NaN,
        "Interest Income": NaN,
        "Normalized Income": NaN,
        "Net Income From Continuing And Discontinued Operation": NaN,
        "Total Expenses": NaN,
        "Total Operating Income As Reported": NaN,
        "Diluted Average Shares": NaN,
        "Basic Average Shares": NaN,
        "Diluted EPS": NaN,
        "Basic EPS": NaN,
        "Diluted NI Availto Com Stockholders": NaN,
        "Average Dilution Earnings": NaN,
        "Net Income Common Stockholders": NaN,
        "Otherunder Preferred Stock Dividend": NaN,
        "Net Income": NaN,
        "Net Income Including Noncontrolling Interests": NaN,
        "Net Income Continuous Operations": NaN,
        "Tax Provision": NaN,
        "Pretax Income": NaN,
        "Other Income Expense": NaN,
        "Other Non Operating Income Expenses": -3707000.0,
        "Special Income Charges": NaN,
        "Gain On Sale Of Ppe": NaN,
        "Gain On Sale Of Security": NaN,
        "Net Non Operating Interest Income Expense": NaN,
        "Interest Expense Non Operating": NaN,
        "Interest Income Non Operating": NaN,
        "Operating Income": NaN,
        "Operating Expense": NaN,
        "Depreciation Amortization Depletion Income Statement": NaN,
        "Depreciation And Amortization In Income Statement": NaN,
        "Amortization": NaN,
        "Amortization Of Intangibles Income Statement": NaN,
        "Depreciation Income Statement": NaN,
        "Research And Development": NaN,
        "Selling General And Administration": NaN,
        "Selling And Marketing Expense": NaN,
        "General And Administrative Expense": NaN,
        "Other Gand A": NaN,
        "Gross Profit": NaN,
        "Cost Of Revenue": NaN,
        "Total Revenue": NaN,
        "Operating Revenue": NaN
    },
    "2022-09-30": {
        "Tax Effect Of Unusual Items": NaN,
        "Tax Rate For Calcs": NaN,
        "Normalized EBITDA": NaN,
        "Total Unusual Items": NaN,
        "Total Unusual Items Excluding Goodwill": NaN,
        "Net Income From Continuing Operation Net Minority Interest": NaN,
        "Reconciled Depreciation": NaN,
        "Reconciled Cost Of Revenue": NaN,
        "EBITDA": NaN,
        "EBIT": NaN,
        "Net Interest Income": NaN,
        "Interest Expense": NaN,
        "Interest Income": NaN,
        "Normalized Income": NaN,
        "Net Income From Continuing And Discontinued Operation": NaN,
        "Total Expenses": NaN,
        "Total Operating Income As Reported": NaN,
        "Diluted Average Shares": NaN,
        "Basic Average Shares": NaN,
        "Diluted EPS": NaN,
        "Basic EPS": NaN,
        "Diluted NI Availto Com Stockholders": NaN,
        "Net Income Common Stockholders": NaN,
        "Otherunder Preferred Stock Dividend": NaN,
        "Net Income": NaN,
        "Net Income Including Noncontrolling Interests": NaN,
        "Net Income Continuous Operations": NaN,
        "Tax Provision": NaN,
        "Pretax Income": NaN,
        "Other Income Expense": NaN,
        "Other Non Operating Income Expenses": 2199000.0,
        "Special Income Charges": NaN,
        "Gain On Sale Of Ppe": NaN,
        "Gain On Sale Of Security": NaN,
        "Net Non Operating Interest Income Expense": NaN,
        "Interest Expense Non Operating": NaN,
        "Interest Income Non Operating": NaN,
        "Operating Income": NaN,
        "Operating Expense": NaN,
        "Depreciation Amortization Depletion Income Statement": NaN,
        "Depreciation And Amortization In Income Statement": NaN,
        "Amortization": NaN,
        "Amortization Of Intangibles Income Statement": NaN,
        "Depreciation Income Statement": NaN,
        "Research And Development": NaN,
        "Selling General And Administration": NaN,
        "Selling And Marketing Expense": NaN,
        "General And Administrative Expense": NaN,
        "Other Gand A": NaN,
        "Gross Profit": NaN,
        "Cost Of Revenue": NaN,
        "Total Revenue": NaN,
        "Operating Revenue": NaN
    },
    "2022-06-30": {
        "Tax Effect Of Unusual Items": 0.0,
        "Tax Rate For Calcs": 0.4,
        "Normalized EBITDA": -23247000.0,
        "Total Unusual Items": NaN,
        "Total Unusual Items Excluding Goodwill": NaN,
        "Net Income From Continuing Operation Net Minority Interest": -26502000.0,
        "Reconciled Depreciation": 2878000.0,
        "Reconciled Cost Of Revenue": 26878000.0,
        "EBITDA": -23247000.0,
        "EBIT": -26125000.0,
        "Net Interest Income": -122000.0,
        "Interest Expense": 122000.0,
        "Interest Income": NaN,
        "Normalized Income": -26502000.0,
        "Net Income From Continuing And Discontinued Operation": -26502000.0,
        "Total Expenses": 138274000.0,
        "Total Operating Income As Reported": -27297000.0,
        "Diluted Average Shares": 161455000.0,
        "Basic Average Shares": 161455000.0,
        "Diluted EPS": -0.16,
        "Basic EPS": -0.16,
        "Diluted NI Availto Com Stockholders": -26502000.0,
        "Net Income Common Stockholders": -26502000.0,
        "Net Income": -26502000.0,
        "Net Income Including Noncontrolling Interests": -26502000.0,
        "Net Income Continuous Operations": -26502000.0,
        "Tax Provision": 255000.0,
        "Pretax Income": -26247000.0,
        "Other Income Expense": 1172000.0,
        "Other Non Operating Income Expenses": 1172000.0,
        "Special Income Charges": NaN,
        "Gain On Sale Of Ppe": NaN,
        "Gain On Sale Of Security": NaN,
        "Net Non Operating Interest Income Expense": -122000.0,
        "Interest Expense Non Operating": 122000.0,
        "Interest Income Non Operating": NaN,
        "Operating Income": -27297000.0,
        "Operating Expense": 111396000.0,
        "Depreciation Amortization Depletion Income Statement": 2878000.0,
        "Depreciation And Amortization In Income Statement": 2878000.0,
        "Amortization": 1341000.0,
        "Amortization Of Intangibles Income Statement": 1341000.0,
        "Depreciation Income Statement": 1537000.0,
        "Research And Development": 35728000.0,
        "Selling General And Administration": 72790000.0,
        "Selling And Marketing Expense": 43080000.0,
        "General And Administrative Expense": 29710000.0,
        "Other Gand A": 29710000.0,
        "Gross Profit": 84099000.0,
        "Cost Of Revenue": 26878000.0,
        "Total Revenue": 110977000.0,
        "Operating Revenue": 110977000.0
    },
    "2023-06-30": {
        "Tax Effect Of Unusual Items": NaN,
        "Tax Rate For Calcs": NaN,
        "Normalized EBITDA": NaN,
        "Total Unusual Items": NaN,
        "Total Unusual Items Excluding Goodwill": NaN,
        "Net Income From Continuing Operation Net Minority Interest": NaN,
        "Reconciled Depreciation": NaN,
        "Reconciled Cost Of Revenue": NaN,
        "EBITDA": NaN,
        "EBIT": NaN,
        "Net Interest Income": NaN,
        "Interest Expense": NaN,
        "Interest Income": NaN,
        "Normalized Income": NaN,
        "Net Income From Continuing And Discontinued Operation": NaN,
        "Total Expenses": NaN,
        "Total Operating Income As Reported": NaN,
        "Diluted Average Shares": 164988000.0,
        "Basic Average Shares": 162733000.0,
        "Diluted EPS": 0.03,
        "Basic EPS": 0.04,
        "Diluted NI Availto Com Stockholders": NaN,
        "Average Dilution Earnings": -113000.0,
        "Net Income Common Stockholders": NaN,
        "Otherunder Preferred Stock Dividend": NaN,
        "Net Income": NaN,
        "Net Income Including Noncontrolling Interests": NaN,
        "Net Income Continuous Operations": NaN,
        "Tax Provision": NaN,
        "Pretax Income": NaN,
        "Other Income Expense": NaN,
        "Special Income Charges": NaN,
        "Gain On Sale Of Ppe": NaN,
        "Gain On Sale Of Security": NaN,
        "Net Non Operating Interest Income Expense": NaN,
        "Interest Expense Non Operating": NaN,
        "Interest Income Non Operating": NaN,
        "Operating Income": NaN,
        "Operating Expense": NaN,
        "Depreciation Amortization Depletion Income Statement": NaN,
        "Depreciation And Amortization In Income Statement": NaN,
        "Amortization": NaN,
        "Amortization Of Intangibles Income Statement": NaN,
        "Depreciation Income Statement": NaN,
        "Research And Development": NaN,
        "Selling General And Administration": NaN,
        "Selling And Marketing Expense": NaN,
        "General And Administrative Expense": NaN,
        "Other Gand A": NaN,
        "Gross Profit": NaN,
        "Cost Of Revenue": NaN,
        "Total Revenue": NaN,
        "Operating Revenue": NaN
    },
    "2022-03-31": {
        "Diluted EPS": -0.16,
        "Total Revenue": 108,
        "Gross Profit": 82,
        "Operating Income": -26,
        "EBIT": -25,
        "Net Income": -27
    },
    "2021-12-31": {
        "Diluted EPS": -0.15,
        "Total Revenue": 106,
        "Gross Profit": 79,
        "Operating Income": -24,
        "EBIT": -22,
        "Net Income": -24
    },
    "2021-09-30": {
        "Diluted EPS": -0.07,
        "Total Revenue": 100,
        "Gross Profit": 75,
        "Operating Income": -12,
        "EBIT": -10,
        "Net Income": -12
    },
    "2021-06-30": {
        "Diluted EPS": -0.13,
        "Total Revenue": 96,
        "Gross Profit": 70,
        "Operating Income": -20,
        "EBIT": -19,
        "Net Income": -20
    },
    "2021-03-31": {
        "Diluted EPS": 0.02,
        "Total Revenue": 89,
        "Gross Profit": 64,
        "Operating Income": -6,
        "EBIT": -4,
        "Net Income": 3
    },
    "2020-12-31": {
        "Diluted EPS": -0.03,
        "Total Revenue": 84,
        "Gross Profit": 59,
        "Operating Income": -4,
        "EBIT": -1,
        "Net Income": -6
    },
    "2020-09-30": {
        "Diluted EPS": -0.06,
        "Total Revenue": 75,
        "Gross Profit": 52,
        "Operating Income": -8,
        "EBIT": -1,
        "Net Income": -10
    },
    "2020-06-30": {
        "Diluted EPS": -0.09,
        "Total Revenue": 67,
        "Gross Profit": 44,
        "Operating Income": -12,
        "EBIT": -9,
        "Net Income": -15
    },
    "2020-03-31": {
        "Diluted EPS": -0.14,
        "Total Revenue": 57,
        "Gross Profit": 39,
        "Operating Income": -17,
        "EBIT": -14,
        "Net Income": -20
    },
    "2019-12-31": {
        "Diluted EPS": 0.0,
        "Total Revenue": NaN,
        "Gross Profit": NaN,
        "Operating Income": NaN,
        "EBIT": NaN,
        "Net Income": NaN
    },
    "2023-09-30": {
        "Tax Effect Of Unusual Items": NaN,
        "Tax Rate For Calcs": NaN,
        "Normalized EBITDA": NaN,
        "Total Unusual Items": NaN,
        "Total Unusual Items Excluding Goodwill": NaN,
        "Net Income From Continuing Operation Net Minority Interest": NaN,
        "Reconciled Depreciation": NaN,
        "Reconciled Cost Of Revenue": NaN,
        "EBITDA": NaN,
        "EBIT": NaN,
        "Net Interest Income": NaN,
        "Interest Expense": NaN,
        "Interest Income": NaN,
        "Normalized Income": NaN,
        "Net Income From Continuing And Discontinued Operation": NaN,
        "Total Expenses": NaN,
        "Total Operating Income As Reported": NaN,
        "Diluted Average Shares": NaN,
        "Basic Average Shares": NaN,
        "Diluted EPS": NaN,
        "Basic EPS": NaN,
        "Diluted NI Availto Com Stockholders": NaN,
        "Average Dilution Earnings": 2000.0,
        "Net Income Common Stockholders": NaN,
        "Otherunder Preferred Stock Dividend": NaN,
        "Net Income": NaN,
        "Net Income Including Noncontrolling Interests": NaN,
        "Net Income Continuous Operations": NaN,
        "Tax Provision": NaN,
        "Pretax Income": NaN,
        "Other Income Expense": NaN,
        "Special Income Charges": NaN,
        "Gain On Sale Of Ppe": NaN,
        "Gain On Sale Of Security": NaN,
        "Net Non Operating Interest Income Expense": NaN,
        "Interest Expense Non Operating": NaN,
        "Interest Income Non Operating": NaN,
        "Operating Income": NaN,
        "Operating Expense": NaN,
        "Depreciation Amortization Depletion Income Statement": NaN,
        "Depreciation And Amortization In Income Statement": NaN,
        "Amortization": NaN,
        "Amortization Of Intangibles Income Statement": NaN,
        "Depreciation Income Statement": NaN,
        "Research And Development": NaN,
        "Selling General And Administration": NaN,
        "Selling And Marketing Expense": NaN,
        "General And Administrative Expense": NaN,
        "Other Gand A": NaN,
        "Gross Profit": NaN,
        "Cost Of Revenue": NaN,
        "Total Revenue": NaN,
        "Operating Revenue": NaN
    },
    "2023-12-31": {
        "Tax Effect Of Unusual Items": NaN,
        "Tax Rate For Calcs": NaN,
        "Normalized EBITDA": NaN,
        "Total Unusual Items": NaN,
        "Total Unusual Items Excluding Goodwill": NaN,
        "Net Income From Continuing Operation Net Minority Interest": NaN,
        "Reconciled Depreciation": NaN,
        "Reconciled Cost Of Revenue": NaN,
        "EBITDA": NaN,
        "EBIT": NaN,
        "Net Interest Income": NaN,
        "Interest Expense": 0.0,
        "Interest Income": NaN,
        "Normalized Income": NaN,
        "Net Income From Continuing And Discontinued Operation": NaN,
        "Total Expenses": NaN,
        "Total Operating Income As Reported": NaN,
        "Diluted Average Shares": NaN,
        "Basic Average Shares": NaN,
        "Diluted EPS": NaN,
        "Basic EPS": NaN,
        "Diluted NI Availto Com Stockholders": NaN,
        "Average Dilution Earnings": NaN,
        "Net Income Common Stockholders": NaN,
        "Otherunder Preferred Stock Dividend": NaN,
        "Net Income": NaN,
        "Net Income Including Noncontrolling Interests": NaN,
        "Net Income Continuous Operations": NaN,
        "Tax Provision": NaN,
        "Pretax Income": NaN,
        "Other Income Expense": NaN,
        "Special Income Charges": 0.0,
        "Gain On Sale Of Ppe": 0.0,
        "Gain On Sale Of Security": NaN,
        "Net Non Operating Interest Income Expense": NaN,
        "Interest Expense Non Operating": 0.0,
        "Interest Income Non Operating": NaN,
        "Operating Income": NaN,
        "Operating Expense": NaN,
        "Depreciation Amortization Depletion Income Statement": NaN,
        "Depreciation And Amortization In Income Statement": NaN,
        "Amortization": NaN,
        "Amortization Of Intangibles Income Statement": NaN,
        "Depreciation Income Statement": NaN,
        "Research And Development": NaN,
        "Selling General And Administration": NaN,
        "Selling And Marketing Expense": NaN,
        "General And Administrative Expense": NaN,
        "Other Gand A": NaN,
        "Gross Profit": NaN,
        "Cost Of Revenue": NaN,
        "Total Revenue": NaN,
        "Operating Revenue": NaN
    },
    "2024-03-31": {
        "Tax Effect Of Unusual Items": 7516.003123,
        "Tax Rate For Calcs": 0.051835,
        "Normalized EBITDA": 2848000.0,
        "Total Unusual Items": 145000.0,
        "Total Unusual Items Excluding Goodwill": 145000.0,
        "Net Income From Continuing Operation Net Minority Interest": 6073000.0,
        "Reconciled Depreciation": 404000.0,
        "Reconciled Cost Of Revenue": 23443000.0,
        "EBITDA": 2993000.0,
        "EBIT": 2589000.0,
        "Net Interest Income": 3671000.0,
        "Interest Expense": 0.0,
        "Interest Income": 3671000.0,
        "Normalized Income": 5935516.003123,
        "Net Income From Continuing And Discontinued Operation": 6073000.0,
        "Total Expenses": 102321000.0,
        "Total Operating Income As Reported": 2589000.0,
        "Diluted Average Shares": 168996000.0,
        "Basic Average Shares": 165033000.0,
        "Diluted EPS": 0.04,
        "Basic EPS": 0.04,
        "Diluted NI Availto Com Stockholders": 5958000.0,
        "Average Dilution Earnings": NaN,
        "Net Income Common Stockholders": 5958000.0,
        "Otherunder Preferred Stock Dividend": 115000.0,
        "Net Income": 6073000.0,
        "Net Income Including Noncontrolling Interests": 6073000.0,
        "Net Income Continuous Operations": 6073000.0,
        "Tax Provision": 332000.0,
        "Pretax Income": 6405000.0,
        "Other Income Expense": 145000.0,
        "Special Income Charges": 0.0,
        "Gain On Sale Of Ppe": 0.0,
        "Gain On Sale Of Security": 145000.0,
        "Net Non Operating Interest Income Expense": 3671000.0,
        "Interest Expense Non Operating": 0.0,
        "Interest Income Non Operating": 3671000.0,
        "Operating Income": 2589000.0,
        "Operating Expense": 78878000.0,
        "Depreciation Amortization Depletion Income Statement": 404000.0,
        "Depreciation And Amortization In Income Statement": 404000.0,
        "Amortization": 347000.0,
        "Amortization Of Intangibles Income Statement": 347000.0,
        "Depreciation Income Statement": 57000.0,
        "Research And Development": 28135000.0,
        "Selling General And Administration": 50339000.0,
        "Selling And Marketing Expense": 32305000.0,
        "General And Administrative Expense": 18034000.0,
        "Other Gand A": 18034000.0,
        "Gross Profit": 81467000.0,
        "Cost Of Revenue": 23443000.0,
        "Total Revenue": 104910000.0,
        "Operating Revenue": 101437000.0
    },
    "2024-06-30": {
        "Tax Effect Of Unusual Items": 13026.009522,
        "Tax Rate For Calcs": 0.107653,
        "Normalized EBITDA": 11723000.0,
        "Total Unusual Items": 121000.0,
        "Total Unusual Items Excluding Goodwill": 121000.0,
        "Net Income From Continuing Operation Net Minority Interest": 10121000.0,
        "Reconciled Depreciation": 502000.0,
        "Reconciled Cost Of Revenue": 22678000.0,
        "EBITDA": 11844000.0,
        "EBIT": 11342000.0,
        "Net Interest Income": 3760000.0,
        "Interest Expense": 0.0,
        "Interest Income": 3760000.0,
        "Normalized Income": 10013026.009522,
        "Net Income From Continuing And Discontinued Operation": 10121000.0,
        "Total Expenses": 96915000.0,
        "Total Operating Income As Reported": 7461000.0,
        "Diluted Average Shares": 168648000.0,
        "Basic Average Shares": 165295000.0,
        "Diluted EPS": 0.06,
        "Basic EPS": 0.06,
        "Diluted NI Availto Com Stockholders": 9930000.0,
        "Average Dilution Earnings": -191000.0,
        "Net Income Common Stockholders": 9926000.0,
        "Otherunder Preferred Stock Dividend": 195000.0,
        "Net Income": 10121000.0,
        "Net Income Including Noncontrolling Interests": 10121000.0,
        "Net Income Continuous Operations": 10121000.0,
        "Tax Provision": 1221000.0,
        "Pretax Income": 11342000.0,
        "Other Income Expense": 121000.0,
        "Special Income Charges": 0.0,
        "Gain On Sale Of Ppe": 0.0,
        "Gain On Sale Of Security": 121000.0,
        "Net Non Operating Interest Income Expense": 3760000.0,
        "Interest Expense Non Operating": 0.0,
        "Interest Income Non Operating": 3760000.0,
        "Operating Income": 7461000.0,
        "Operating Expense": 74237000.0,
        "Depreciation Amortization Depletion Income Statement": 502000.0,
        "Depreciation And Amortization In Income Statement": 502000.0,
        "Amortization": 348000.0,
        "Amortization Of Intangibles Income Statement": 348000.0,
        "Depreciation Income Statement": 154000.0,
        "Research And Development": 26972000.0,
        "Selling General And Administration": 46763000.0,
        "Selling And Marketing Expense": 27676000.0,
        "General And Administrative Expense": 19087000.0,
        "Other Gand A": 19087000.0,
        "Gross Profit": 81698000.0,
        "Cost Of Revenue": 22678000.0,
        "Total Revenue": 104376000.0,
        "Operating Revenue": 104376000.0
    },
    "2024-09-30": {
        "Tax Effect Of Unusual Items": -32784.699454,
        "Tax Rate For Calcs": 0.154645,
        "Normalized EBITDA": 11641000.0,
        "Total Unusual Items": -212000.0,
        "Total Unusual Items Excluding Goodwill": -212000.0,
        "Net Income From Continuing Operation Net Minority Interest": 9282000.0,
        "Reconciled Depreciation": 449000.0,
        "Reconciled Cost Of Revenue": 21708000.0,
        "EBITDA": 11429000.0,
        "EBIT": 10980000.0,
        "Net Interest Income": 3827000.0,
        "Interest Expense": 0.0,
        "Interest Income": 3827000.0,
        "Normalized Income": 9461215.300546,
        "Net Income From Continuing And Discontinued Operation": 9282000.0,
        "Total Expenses": 97199000.0,
        "Total Operating Income As Reported": 7365000.0,
        "Diluted Average Shares": 168350000.0,
        "Basic Average Shares": 162686000.0,
        "Diluted EPS": 0.05,
        "Basic EPS": 0.06,
        "Diluted NI Availto Com Stockholders": 9106000.0,
        "Average Dilution Earnings": 6000.0,
        "Net Income Common Stockholders": 9100000.0,
        "Otherunder Preferred Stock Dividend": 182000.0,
        "Net Income": 9282000.0,
        "Net Income Including Noncontrolling Interests": 9282000.0,
        "Net Income Continuous Operations": 9282000.0,
        "Tax Provision": 1698000.0,
        "Pretax Income": 10980000.0,
        "Other Income Expense": -212000.0,
        "Special Income Charges": 0.0,
        "Gain On Sale Of Ppe": 0.0,
        "Gain On Sale Of Security": -212000.0,
        "Net Non Operating Interest Income Expense": 3827000.0,
        "Interest Expense Non Operating": 0.0,
        "Interest Income Non Operating": 3827000.0,
        "Operating Income": 7365000.0,
        "Operating Expense": 75491000.0,
        "Depreciation Amortization Depletion Income Statement": 449000.0,
        "Depreciation And Amortization In Income Statement": 449000.0,
        "Amortization": 347000.0,
        "Amortization Of Intangibles Income Statement": 347000.0,
        "Depreciation Income Statement": 102000.0,
        "Research And Development": 26588000.0,
        "Selling General And Administration": 48454000.0,
        "Selling And Marketing Expense": 28799000.0,
        "General And Administrative Expense": 19655000.0,
        "Other Gand A": 19655000.0,
        "Gross Profit": 82856000.0,
        "Cost Of Revenue": 21708000.0,
        "Total Revenue": 104564000.0,
        "Operating Revenue": 89539000.0
    },
    "2024-12-31": {
        "Tax Effect Of Unusual Items": 39060.0,
        "Tax Rate For Calcs": 0.21,
        "Normalized EBITDA": 5194000.0,
        "Total Unusual Items": 186000.0,
        "Total Unusual Items Excluding Goodwill": 186000.0,
        "Net Income From Continuing Operation Net Minority Interest": 1536000.0,
        "Reconciled Depreciation": 391000.0,
        "Reconciled Cost Of Revenue": 22902000.0,
        "EBITDA": 5380000.0,
        "EBIT": 4989000.0,
        "Net Interest Income": 3535000.0,
        "Interest Expense": 0.0,
        "Interest Income": 3535000.0,
        "Normalized Income": 1389060.0,
        "Net Income From Continuing And Discontinued Operation": 1536000.0,
        "Total Expenses": 101888000.0,
        "Total Operating Income As Reported": 1268000.0,
        "Diluted Average Shares": 171835000.0,
        "Basic Average Shares": 162727000.0,
        "Diluted EPS": 0.01,
        "Basic EPS": 0.01,
        "Diluted NI Availto Com Stockholders": 1509000.0,
        "Average Dilution Earnings": NaN,
        "Net Income Common Stockholders": 1522000.0,
        "Otherunder Preferred Stock Dividend": 14000.0,
        "Net Income": 1536000.0,
        "Net Income Including Noncontrolling Interests": 1536000.0,
        "Net Income Continuous Operations": 1536000.0,
        "Tax Provision": 3453000.0,
        "Pretax Income": 4989000.0,
        "Other Income Expense": 186000.0,
        "Special Income Charges": 0.0,
        "Gain On Sale Of Ppe": 0.0,
        "Gain On Sale Of Security": 186000.0,
        "Net Non Operating Interest Income Expense": 3535000.0,
        "Interest Expense Non Operating": 0.0,
        "Interest Income Non Operating": 3535000.0,
        "Operating Income": 1268000.0,
        "Operating Expense": 78986000.0,
        "Depreciation Amortization Depletion Income Statement": 391000.0,
        "Depreciation And Amortization In Income Statement": 391000.0,
        "Amortization": 348000.0,
        "Amortization Of Intangibles Income Statement": 348000.0,
        "Depreciation Income Statement": 43000.0,
        "Research And Development": 27678000.0,
        "Selling General And Administration": 50917000.0,
        "Selling And Marketing Expense": 31089000.0,
        "General And Administrative Expense": 19828000.0,
        "Other Gand A": 19828000.0,
        "Gross Profit": 80254000.0,
        "Cost Of Revenue": 22902000.0,
        "Total Revenue": 103156000.0,
        "Operating Revenue": 150472000.0
    },
    "2025-03-31": {
        "Tax Effect Of Unusual Items": -178800.0,
        "Tax Rate For Calcs": 0.4,
        "Normalized EBITDA": -5254000.0,
        "Total Unusual Items": -447000.0,
        "Total Unusual Items Excluding Goodwill": -447000.0,
        "Net Income From Continuing Operation Net Minority Interest": -3916000.0,
        "Reconciled Depreciation": 391000.0,
        "Reconciled Cost Of Revenue": 24054000.0,
        "EBITDA": -5701000.0,
        "EBIT": -6092000.0,
        "Net Interest Income": 3028000.0,
        "Interest Expense": NaN,
        "Interest Income": 3028000.0,
        "Normalized Income": -3647800.0,
        "Net Income From Continuing And Discontinued Operation": -3916000.0,
        "Total Expenses": 109126000.0,
        "Total Operating Income As Reported": -6092000.0,
        "Diluted Average Shares": 161328000.0,
        "Basic Average Shares": 161328000.0,
        "Diluted EPS": -0.02,
        "Basic EPS": -0.02,
        "Diluted NI Availto Com Stockholders": -3916000.0,
        "Average Dilution Earnings": NaN,
        "Net Income Common Stockholders": -3916000.0,
        "Otherunder Preferred Stock Dividend": 0.0,
        "Net Income": -3916000.0,
        "Net Income Including Noncontrolling Interests": -3916000.0,
        "Net Income Continuous Operations": -3916000.0,
        "Tax Provision": 405000.0,
        "Pretax Income": -3511000.0,
        "Other Income Expense": -447000.0,
        "Special Income Charges": NaN,
        "Gain On Sale Of Ppe": NaN,
        "Gain On Sale Of Security": -447000.0,
        "Net Non Operating Interest Income Expense": 3028000.0,
        "Interest Expense Non Operating": NaN,
        "Interest Income Non Operating": 3028000.0,
        "Operating Income": -6092000.0,
        "Operating Expense": 85072000.0,
        "Depreciation Amortization Depletion Income Statement": 391000.0,
        "Depreciation And Amortization In Income Statement": 391000.0,
        "Amortization": 347000.0,
        "Amortization Of Intangibles Income Statement": 347000.0,
        "Depreciation Income Statement": 44000.0,
        "Research And Development": 31186000.0,
        "Selling General And Administration": 53495000.0,
        "Selling And Marketing Expense": 33358000.0,
        "General And Administrative Expense": 20137000.0,
        "Other Gand A": 20137000.0,
        "Gross Profit": 78980000.0,
        "Cost Of Revenue": 24054000.0,
        "Total Revenue": 103034000.0,
        "Operating Revenue": 101361000.0
    }
}