{
    "2023-06-30": {
        "Tax Effect Of Unusual Items": NaN,
        "Tax Rate For Calcs": NaN,
        "Normalized EBITDA": NaN,
        "Total Unusual Items": NaN,
        "Total Unusual Items Excluding Goodwill": NaN,
        "Net Income From Continuing Operation Net Minority Interest": NaN,
        "Reconciled Depreciation": NaN,
        "Reconciled Cost Of Revenue": NaN,
        "EBITDA": NaN,
        "EBIT": NaN,
        "Net Interest Income": NaN,
        "Interest Expense": NaN,
        "Interest Income": NaN,
        "Normalized Income": NaN,
        "Net Income From Continuing And Discontinued Operation": NaN,
        "Total Expenses": NaN,
        "Total Operating Income As Reported": NaN,
        "Diluted Average Shares": NaN,
        "Basic Average Shares": NaN,
        "Diluted EPS": NaN,
        "Basic EPS": NaN,
        "Diluted NI Availto Com Stockholders": NaN,
        "Net Income Common Stockholders": NaN,
        "Net Income": NaN,
        "Minority Interests": NaN,
        "Net Income Including Noncontrolling Interests": NaN,
        "Net Income Continuous Operations": NaN,
        "Earnings From Equity Interest Net Of Tax": NaN,
        "Tax Provision": NaN,
        "Pretax Income": NaN,
        "Other Income Expense": NaN,
        "Other Non Operating Income Expenses": NaN,
        "Special Income Charges": NaN,
        "Gain On Sale Of Business": 2994000.0,
        "Impairment Of Capital Assets": NaN,
        "Restructuring And Mergern Acquisition": NaN,
        "Gain On Sale Of Security": NaN,
        "Net Non Operating Interest Income Expense": NaN,
        "Interest Expense Non Operating": NaN,
        "Interest Income Non Operating": NaN,
        "Operating Income": NaN,
        "Operating Expense": NaN,
        "Selling General And Administration": NaN,
        "Gross Profit": NaN,
        "Cost Of Revenue": NaN,
        "Total Revenue": NaN,
        "Operating Revenue": NaN
    },
    "2023-03-31": {
        "Tax Effect Of Unusual Items": 361782.0,
        "Tax Rate For Calcs": 0.303,
        "Normalized EBITDA": 141478000.0,
        "Total Unusual Items": 1194000.0,
        "Total Unusual Items Excluding Goodwill": 1194000.0,
        "Net Income From Continuing Operation Net Minority Interest": 74540000.0,
        "Reconciled Depreciation": 24558000.0,
        "Reconciled Cost Of Revenue": 753896000.0,
        "EBITDA": 142672000.0,
        "EBIT": 118114000.0,
        "Net Interest Income": -12275000.0,
        "Interest Expense": 13105000.0,
        "Interest Income": 830000.0,
        "Normalized Income": 73707782.0,
        "Net Income From Continuing And Discontinued Operation": 74540000.0,
        "Total Expenses": 944015000.0,
        "Total Operating Income As Reported": 118466000.0,
        "Diluted Average Shares": 21512000.0,
        "Basic Average Shares": 21269000.0,
        "Diluted EPS": 3.47,
        "Basic EPS": 3.5,
        "Diluted NI Availto Com Stockholders": 74540000.0,
        "Net Income Common Stockholders": 74540000.0,
        "Net Income": 74540000.0,
        "Minority Interests": 2195000.0,
        "Net Income Including Noncontrolling Interests": 72345000.0,
        "Net Income Continuous Operations": 72345000.0,
        "Earnings From Equity Interest Net Of Tax": -821000.0,
        "Tax Provision": 31843000.0,
        "Pretax Income": 105009000.0,
        "Other Income Expense": -1182000.0,
        "Other Non Operating Income Expenses": -2376000.0,
        "Special Income Charges": NaN,
        "Impairment Of Capital Assets": NaN,
        "Restructuring And Mergern Acquisition": NaN,
        "Gain On Sale Of Security": 1194000.0,
        "Net Non Operating Interest Income Expense": -12275000.0,
        "Interest Expense Non Operating": 13105000.0,
        "Interest Income Non Operating": 830000.0,
        "Operating Income": 118466000.0,
        "Operating Expense": 190119000.0,
        "Selling General And Administration": 190119000.0,
        "Gross Profit": 308585000.0,
        "Cost Of Revenue": 753896000.0,
        "Total Revenue": 1062481000.0,
        "Operating Revenue": 1062481000.0
    },
    "2022-12-31": {
        "Tax Effect Of Unusual Items": -6791610.0,
        "Tax Rate For Calcs": 0.21,
        "Normalized EBITDA": 139344000.0,
        "Total Unusual Items": -32341000.0,
        "Total Unusual Items Excluding Goodwill": -32341000.0,
        "Net Income From Continuing Operation Net Minority Interest": 40332000.0,
        "Reconciled Depreciation": 24364000.0,
        "Reconciled Cost Of Revenue": 832557000.0,
        "EBITDA": 107003000.0,
        "EBIT": 82639000.0,
        "Net Interest Income": -12260000.0,
        "Interest Expense": 13256000.0,
        "Interest Income": 996000.0,
        "Normalized Income": 65881390.0,
        "Net Income From Continuing And Discontinued Operation": 40332000.0,
        "Total Expenses": 1021800000.0,
        "Total Operating Income As Reported": 109716000.0,
        "Diluted Average Shares": 21656000.0,
        "Basic Average Shares": 21319000.0,
        "Diluted EPS": 1.86,
        "Basic EPS": 1.89,
        "Diluted NI Availto Com Stockholders": 40332000.0,
        "Net Income Common Stockholders": 40332000.0,
        "Net Income": 40332000.0,
        "Minority Interests": -876000.0,
        "Net Income Including Noncontrolling Interests": 41208000.0,
        "Net Income Continuous Operations": 41208000.0,
        "Earnings From Equity Interest Net Of Tax": -19000.0,
        "Tax Provision": 28156000.0,
        "Pretax Income": 69383000.0,
        "Other Income Expense": -28073000.0,
        "Other Non Operating Income Expenses": 4268000.0,
        "Special Income Charges": NaN,
        "Impairment Of Capital Assets": NaN,
        "Restructuring And Mergern Acquisition": NaN,
        "Gain On Sale Of Security": 932000.0,
        "Net Non Operating Interest Income Expense": -12260000.0,
        "Interest Expense Non Operating": 13256000.0,
        "Interest Income Non Operating": 996000.0,
        "Operating Income": 109716000.0,
        "Operating Expense": 189243000.0,
        "Selling General And Administration": 189243000.0,
        "Gross Profit": 298959000.0,
        "Cost Of Revenue": 832557000.0,
        "Total Revenue": 1131516000.0,
        "Operating Revenue": 1131516000.0
    },
    "2022-09-30": {
        "Tax Effect Of Unusual Items": NaN,
        "Tax Rate For Calcs": NaN,
        "Normalized EBITDA": NaN,
        "Total Unusual Items": NaN,
        "Total Unusual Items Excluding Goodwill": NaN,
        "Net Income From Continuing Operation Net Minority Interest": NaN,
        "Reconciled Depreciation": NaN,
        "Reconciled Cost Of Revenue": NaN,
        "EBITDA": NaN,
        "EBIT": NaN,
        "Net Interest Income": NaN,
        "Interest Expense": NaN,
        "Interest Income": NaN,
        "Normalized Income": NaN,
        "Net Income From Continuing And Discontinued Operation": NaN,
        "Total Expenses": NaN,
        "Total Operating Income As Reported": NaN,
        "Diluted Average Shares": NaN,
        "Basic Average Shares": NaN,
        "Diluted EPS": NaN,
        "Basic EPS": NaN,
        "Diluted NI Availto Com Stockholders": NaN,
        "Net Income Common Stockholders": NaN,
        "Net Income": NaN,
        "Minority Interests": NaN,
        "Net Income Including Noncontrolling Interests": NaN,
        "Net Income Continuous Operations": NaN,
        "Earnings From Equity Interest Net Of Tax": NaN,
        "Tax Provision": NaN,
        "Pretax Income": NaN,
        "Other Income Expense": NaN,
        "Other Non Operating Income Expenses": NaN,
        "Special Income Charges": 0.0,
        "Impairment Of Capital Assets": 0.0,
        "Restructuring And Mergern Acquisition": 0.0,
        "Gain On Sale Of Security": NaN,
        "Net Non Operating Interest Income Expense": NaN,
        "Interest Expense Non Operating": NaN,
        "Interest Income Non Operating": NaN,
        "Operating Income": NaN,
        "Operating Expense": NaN,
        "Selling General And Administration": NaN,
        "Gross Profit": NaN,
        "Cost Of Revenue": NaN,
        "Total Revenue": NaN,
        "Operating Revenue": NaN
    },
    "2022-06-30": {
        "Tax Effect Of Unusual Items": -646392.0,
        "Tax Rate For Calcs": 0.276,
        "Normalized EBITDA": 145205000.0,
        "Total Unusual Items": -2342000.0,
        "Total Unusual Items Excluding Goodwill": -2342000.0,
        "Net Income From Continuing Operation Net Minority Interest": 76108000.0,
        "Reconciled Depreciation": 24128000.0,
        "Reconciled Cost Of Revenue": 842931000.0,
        "EBITDA": 142863000.0,
        "EBIT": 118735000.0,
        "Net Interest Income": -11101000.0,
        "Interest Expense": 11386000.0,
        "Interest Income": 285000.0,
        "Normalized Income": 77803608.0,
        "Net Income From Continuing And Discontinued Operation": 76108000.0,
        "Total Expenses": 1016813000.0,
        "Total Operating Income As Reported": 118719000.0,
        "Diluted Average Shares": 21541000.0,
        "Basic Average Shares": 21313000.0,
        "Diluted EPS": 3.53,
        "Basic EPS": 3.57,
        "Diluted NI Availto Com Stockholders": 76108000.0,
        "Net Income Common Stockholders": 76108000.0,
        "Net Income": 76108000.0,
        "Minority Interests": -1099000.0,
        "Net Income Including Noncontrolling Interests": 77207000.0,
        "Net Income Continuous Operations": 77207000.0,
        "Earnings From Equity Interest Net Of Tax": -555000.0,
        "Tax Provision": 29587000.0,
        "Pretax Income": 107349000.0,
        "Other Income Expense": -269000.0,
        "Other Non Operating Income Expenses": 2073000.0,
        "Special Income Charges": NaN,
        "Gain On Sale Of Business": NaN,
        "Impairment Of Capital Assets": NaN,
        "Gain On Sale Of Security": -2342000.0,
        "Net Non Operating Interest Income Expense": -11101000.0,
        "Interest Expense Non Operating": 11386000.0,
        "Interest Income Non Operating": 285000.0,
        "Operating Income": 118719000.0,
        "Operating Expense": 173882000.0,
        "Selling General And Administration": 173882000.0,
        "Gross Profit": 292601000.0,
        "Cost Of Revenue": 842931000.0,
        "Total Revenue": 1135532000.0,
        "Operating Revenue": 1135532000.0
    },
    "2022-03-31": {
        "Diluted EPS": 2.9,
        "Total Revenue": 981,
        "Gross Profit": 249,
        "Operating Income": 95,
        "EBIT": 119,
        "Net Income": 62
    },
    "2021-12-31": {
        "Diluted EPS": 1.24,
        "Total Revenue": 963,
        "Gross Profit": 222,
        "Operating Income": 51,
        "EBIT": 76,
        "Net Income": 27
    },
    "2021-09-30": {
        "Diluted EPS": 2.4,
        "Total Revenue": 869,
        "Gross Profit": 227,
        "Operating Income": 76,
        "EBIT": 100,
        "Net Income": 52
    },
    "2021-06-30": {
        "Diluted EPS": 2.89,
        "Total Revenue": 895,
        "Gross Profit": 230,
        "Operating Income": 83,
        "EBIT": 106,
        "Net Income": 62
    },
    "2021-03-31": {
        "Diluted EPS": 2.57,
        "Total Revenue": 775,
        "Gross Profit": 205,
        "Operating Income": 77,
        "EBIT": 98,
        "Net Income": 55
    },
    "2020-12-31": {
        "Diluted EPS": 1.68,
        "Total Revenue": 798,
        "Gross Profit": 205,
        "Operating Income": 54,
        "EBIT": 59,
        "Net Income": 36
    },
    "2020-09-30": {
        "Diluted EPS": 1.84,
        "Total Revenue": 734,
        "Gross Profit": 191,
        "Operating Income": 61,
        "EBIT": 82,
        "Net Income": 39
    },
    "2020-06-30": {
        "Diluted EPS": 1.06,
        "Total Revenue": 689,
        "Gross Profit": 184,
        "Operating Income": 43,
        "EBIT": 80,
        "Net Income": 23
    },
    "2020-03-31": {
        "Diluted EPS": 1.99,
        "Total Revenue": 674,
        "Gross Profit": 186,
        "Operating Income": 67,
        "EBIT": 87,
        "Net Income": 43
    },
    "2019-12-31": {
        "Diluted EPS": 1.52,
        "Total Revenue": 684,
        "Gross Profit": 167,
        "Operating Income": 51,
        "EBIT": 73,
        "Net Income": 33
    },
    "2019-09-30": {
        "Diluted EPS": 1.75,
        "Total Revenue": 690,
        "Gross Profit": 173,
        "Operating Income": 61,
        "EBIT": 81,
        "Net Income": 38
    },
    "2019-06-30": {
        "Diluted EPS": 1.82,
        "Total Revenue": 701,
        "Gross Profit": 178,
        "Operating Income": 61,
        "EBIT": 82,
        "Net Income": 40
    },
    "2019-03-31": {
        "Diluted EPS": 1.64,
        "Total Revenue": 692,
        "Gross Profit": 165,
        "Operating Income": 55,
        "EBIT": 75,
        "Net Income": 36
    },
    "2018-12-31": {
        "Diluted EPS": 1.15,
        "Total Revenue": 697,
        "Gross Profit": 160,
        "Operating Income": 46,
        "EBIT": 67,
        "Net Income": 25
    },
    "2018-09-30": {
        "Diluted EPS": 0.2,
        "Total Revenue": 679,
        "Gross Profit": 164,
        "Operating Income": 38,
        "EBIT": 72,
        "Net Income": 4
    },
    "2018-06-30": {
        "Diluted EPS": 1.46,
        "Total Revenue": 682,
        "Gross Profit": 175,
        "Operating Income": 64,
        "EBIT": 87,
        "Net Income": 33
    },
    "2018-03-31": {
        "Diluted EPS": 1.72,
        "Total Revenue": 699,
        "Gross Profit": 169,
        "Operating Income": 64,
        "EBIT": 85,
        "Net Income": 39
    },
    "2017-12-31": {
        "Diluted EPS": -0.17,
        "Total Revenue": 715,
        "Gross Profit": 170,
        "Operating Income": 64,
        "EBIT": 85,
        "Net Income": -4
    },
    "2017-09-30": {
        "Diluted EPS": 1.55,
        "Total Revenue": 681,
        "Gross Profit": 164,
        "Operating Income": 60,
        "EBIT": 82,
        "Net Income": 35
    },
    "2017-06-30": {
        "Diluted EPS": 2.01,
        "Total Revenue": 713,
        "Gross Profit": 183,
        "Operating Income": 78,
        "EBIT": 99,
        "Net Income": 46
    },
    "2017-03-31": {
        "Diluted EPS": 1.72,
        "Total Revenue": 637,
        "Gross Profit": 165,
        "Operating Income": 65,
        "EBIT": 85,
        "Net Income": 39
    },
    "2016-12-31": {
        "Diluted EPS": 3.09,
        "Total Revenue": 675,
        "Gross Profit": 165,
        "Operating Income": 58,
        "EBIT": 79,
        "Net Income": 70
    },
    "2016-09-30": {
        "Diluted EPS": 1.24,
        "Total Revenue": 610,
        "Gross Profit": 155,
        "Operating Income": 53,
        "EBIT": 74,
        "Net Income": 28
    },
    "2016-06-30": {
        "Diluted EPS": 1.85,
        "Total Revenue": 640,
        "Gross Profit": 175,
        "Operating Income": 72,
        "EBIT": 92,
        "Net Income": 42
    },
    "2016-03-31": {
        "Diluted EPS": 1.45,
        "Total Revenue": 597,
        "Gross Profit": 161,
        "Operating Income": 62,
        "EBIT": 83,
        "Net Income": 33
    },
    "2015-12-31": {
        "Diluted EPS": -1.28,
        "Total Revenue": 634,
        "Gross Profit": 129,
        "Operating Income": -17,
        "EBIT": 45,
        "Net Income": -31
    },
    "2015-09-30": {
        "Diluted EPS": 0.52,
        "Total Revenue": 633,
        "Gross Profit": 157,
        "Operating Income": 37,
        "EBIT": 60,
        "Net Income": 12
    },
    "2015-06-30": {
        "Diluted EPS": 1.19,
        "Total Revenue": 682,
        "Gross Profit": 170,
        "Operating Income": 54,
        "EBIT": 78,
        "Net Income": 28
    },
    "2015-03-31": {
        "Diluted EPS": 1.28,
        "Total Revenue": 670,
        "Gross Profit": 165,
        "Operating Income": 58,
        "EBIT": 82,
        "Net Income": 31
    },
    "2014-12-31": {
        "Diluted EPS": 1.71,
        "Total Revenue": 763,
        "Gross Profit": 181,
        "Operating Income": 66,
        "EBIT": 91,
        "Net Income": 40
    },
    "2014-09-30": {
        "Diluted EPS": 0.92,
        "Total Revenue": 766,
        "Gross Profit": 200,
        "Operating Income": 88,
        "EBIT": 109,
        "Net Income": 24
    },
    "2014-06-30": {
        "Diluted EPS": 2.38,
        "Total Revenue": 843,
        "Gross Profit": 220,
        "Operating Income": 105,
        "EBIT": 129,
        "Net Income": 64
    },
    "2014-03-31": {
        "Diluted EPS": 2.08,
        "Total Revenue": 752,
        "Gross Profit": 207,
        "Operating Income": 99,
        "EBIT": 118,
        "Net Income": 56
    },
    "2013-12-31": {
        "Diluted EPS": 2.03,
        "Total Revenue": 828,
        "Gross Profit": 223,
        "Operating Income": 101,
        "EBIT": 133,
        "Net Income": 55
    },
    "2013-09-30": {
        "Diluted EPS": 2.1,
        "Total Revenue": 778,
        "Gross Profit": 226,
        "Operating Income": 110,
        "EBIT": 129,
        "Net Income": 56
    },
    "2013-06-30": {
        "Diluted EPS": 3.33,
        "Total Revenue": 879,
        "Gross Profit": 261,
        "Operating Income": 144,
        "EBIT": 163,
        "Net Income": 90
    },
    "2013-03-31": {
        "Diluted EPS": 2.89,
        "Total Revenue": 820,
        "Gross Profit": 235,
        "Operating Income": 118,
        "EBIT": 137,
        "Net Income": 78
    },
    "2012-12-31": {
        "Diluted EPS": 2.43,
        "Total Revenue": 815,
        "Gross Profit": 224,
        "Operating Income": 112,
        "EBIT": 130,
        "Net Income": 65
    },
    "2012-09-30": {
        "Diluted EPS": 2.12,
        "Total Revenue": 730,
        "Gross Profit": 192,
        "Operating Income": 90,
        "EBIT": 108,
        "Net Income": 57
    },
    "2012-06-30": {
        "Diluted EPS": 2.24,
        "Total Revenue": 767,
        "Gross Profit": 199,
        "Operating Income": 97,
        "EBIT": 114,
        "Net Income": 60
    },
    "2012-03-31": {
        "Diluted EPS": 1.96,
        "Total Revenue": 717,
        "Gross Profit": 186,
        "Operating Income": 83,
        "EBIT": 100,
        "Net Income": 52
    },
    "2011-12-31": {
        "Diluted EPS": 4.32,
        "Total Revenue": 753,
        "Gross Profit": 195,
        "Operating Income": 77,
        "EBIT": 99,
        "Net Income": 115
    },
    "2011-09-30": {
        "Diluted EPS": 1.59,
        "Total Revenue": 672,
        "Gross Profit": 167,
        "Operating Income": 72,
        "EBIT": 89,
        "Net Income": 42
    },
    "2011-06-30": {
        "Diluted EPS": 1.72,
        "Total Revenue": 669,
        "Gross Profit": 168,
        "Operating Income": 69,
        "EBIT": 87,
        "Net Income": 46
    },
    "2011-03-31": {
        "Diluted EPS": 0.97,
        "Total Revenue": 568,
        "Gross Profit": 136,
        "Operating Income": 45,
        "EBIT": 62,
        "Net Income": 26
    },
    "2010-12-31": {
        "Diluted EPS": 1.32,
        "Total Revenue": 599,
        "Gross Profit": 158,
        "Operating Income": 62,
        "EBIT": 80,
        "Net Income": 35
    },
    "2010-09-30": {
        "Diluted EPS": 0.98,
        "Total Revenue": 528,
        "Gross Profit": 133,
        "Operating Income": 47,
        "EBIT": 64,
        "Net Income": 26
    },
    "2010-06-30": {
        "Diluted EPS": 0.65,
        "Total Revenue": 482,
        "Gross Profit": 129,
        "Operating Income": 37,
        "EBIT": 51,
        "Net Income": 17
    },
    "2010-03-31": {
        "Diluted EPS": 0.62,
        "Total Revenue": 367,
        "Gross Profit": 101,
        "Operating Income": 32,
        "EBIT": 43,
        "Net Income": 16
    },
    "2009-12-31": {
        "Diluted EPS": 1.14,
        "Total Revenue": 399,
        "Gross Profit": 123,
        "Operating Income": 48,
        "EBIT": 59,
        "Net Income": 30
    },
    "2009-09-30": {
        "Diluted EPS": 1.53,
        "Total Revenue": 434,
        "Gross Profit": 136,
        "Operating Income": 63,
        "EBIT": 75,
        "Net Income": 40
    },
    "2009-06-30": {
        "Diluted EPS": 1.69,
        "Total Revenue": 499,
        "Gross Profit": 145,
        "Operating Income": 69,
        "EBIT": 80,
        "Net Income": 44
    },
    "2009-03-31": {
        "Diluted EPS": 1.37,
        "Total Revenue": 455,
        "Gross Profit": 128,
        "Operating Income": 58,
        "EBIT": 69,
        "Net Income": 36
    },
    "2023-09-30": {
        "Tax Effect Of Unusual Items": NaN,
        "Tax Rate For Calcs": NaN,
        "Normalized EBITDA": NaN,
        "Total Unusual Items": NaN,
        "Total Unusual Items Excluding Goodwill": NaN,
        "Net Income From Continuing Operation Net Minority Interest": NaN,
        "Reconciled Depreciation": NaN,
        "Reconciled Cost Of Revenue": NaN,
        "EBITDA": NaN,
        "EBIT": NaN,
        "Net Interest Income": NaN,
        "Interest Expense": NaN,
        "Interest Income": NaN,
        "Normalized Income": NaN,
        "Net Income From Continuing And Discontinued Operation": NaN,
        "Total Expenses": NaN,
        "Total Operating Income As Reported": NaN,
        "Diluted Average Shares": NaN,
        "Basic Average Shares": NaN,
        "Diluted EPS": NaN,
        "Basic EPS": NaN,
        "Diluted NI Availto Com Stockholders": NaN,
        "Net Income Common Stockholders": NaN,
        "Net Income": NaN,
        "Minority Interests": NaN,
        "Net Income Including Noncontrolling Interests": NaN,
        "Net Income Continuous Operations": NaN,
        "Earnings From Equity Interest Net Of Tax": NaN,
        "Tax Provision": NaN,
        "Pretax Income": NaN,
        "Other Income Expense": NaN,
        "Other Non Operating Income Expenses": NaN,
        "Special Income Charges": -145024000.0,
        "Gain On Sale Of Business": 0.0,
        "Impairment Of Capital Assets": 140844000.0,
        "Restructuring And Mergern Acquisition": 4180000.0,
        "Gain On Sale Of Security": NaN,
        "Net Non Operating Interest Income Expense": NaN,
        "Interest Expense Non Operating": NaN,
        "Interest Income Non Operating": NaN,
        "Operating Income": NaN,
        "Operating Expense": NaN,
        "Selling General And Administration": NaN,
        "Gross Profit": NaN,
        "Cost Of Revenue": NaN,
        "Total Revenue": NaN,
        "Operating Revenue": NaN
    },
    "2023-12-31": {
        "Tax Effect Of Unusual Items": NaN,
        "Tax Rate For Calcs": NaN,
        "Normalized EBITDA": NaN,
        "Total Unusual Items": NaN,
        "Total Unusual Items Excluding Goodwill": NaN,
        "Net Income From Continuing Operation Net Minority Interest": NaN,
        "Reconciled Depreciation": NaN,
        "Reconciled Cost Of Revenue": NaN,
        "EBITDA": NaN,
        "EBIT": NaN,
        "Net Interest Income": NaN,
        "Interest Expense": NaN,
        "Interest Income": NaN,
        "Normalized Income": NaN,
        "Net Income From Continuing And Discontinued Operation": NaN,
        "Total Expenses": NaN,
        "Total Operating Income As Reported": NaN,
        "Diluted Average Shares": NaN,
        "Basic Average Shares": NaN,
        "Diluted EPS": NaN,
        "Basic EPS": NaN,
        "Diluted NI Availto Com Stockholders": NaN,
        "Net Income Common Stockholders": NaN,
        "Net Income": NaN,
        "Minority Interests": NaN,
        "Net Income Including Noncontrolling Interests": NaN,
        "Net Income Continuous Operations": NaN,
        "Earnings From Equity Interest Net Of Tax": NaN,
        "Tax Provision": NaN,
        "Pretax Income": NaN,
        "Other Income Expense": NaN,
        "Other Non Operating Income Expenses": NaN,
        "Special Income Charges": -28036000.0,
        "Gain On Sale Of Business": NaN,
        "Impairment Of Capital Assets": 0.0,
        "Restructuring And Mergern Acquisition": 31030000.0,
        "Gain On Sale Of Security": NaN,
        "Net Non Operating Interest Income Expense": NaN,
        "Interest Expense Non Operating": NaN,
        "Interest Income Non Operating": NaN,
        "Operating Income": NaN,
        "Operating Expense": NaN,
        "Selling General And Administration": NaN,
        "Gross Profit": NaN,
        "Cost Of Revenue": NaN,
        "Total Revenue": NaN,
        "Operating Revenue": NaN
    },
    "2024-03-31": {
        "Tax Effect Of Unusual Items": 362043.0,
        "Tax Rate For Calcs": 0.253,
        "Normalized EBITDA": 156763000.0,
        "Total Unusual Items": 1431000.0,
        "Total Unusual Items Excluding Goodwill": 1431000.0,
        "Net Income From Continuing Operation Net Minority Interest": 87822000.0,
        "Reconciled Depreciation": 23536000.0,
        "Reconciled Cost Of Revenue": 671612000.0,
        "EBITDA": 158194000.0,
        "EBIT": 134658000.0,
        "Net Interest Income": -14442000.0,
        "Interest Expense": 16221000.0,
        "Interest Income": 1779000.0,
        "Normalized Income": 86753043.0,
        "Net Income From Continuing And Discontinued Operation": 87822000.0,
        "Total Expenses": 846275000.0,
        "Total Operating Income As Reported": 131553000.0,
        "Diluted Average Shares": 20321000.0,
        "Basic Average Shares": 20188000.0,
        "Diluted EPS": 4.32,
        "Basic EPS": 4.35,
        "Diluted NI Availto Com Stockholders": 87822000.0,
        "Net Income Common Stockholders": 87822000.0,
        "Net Income": 87822000.0,
        "Minority Interests": -607000.0,
        "Net Income Including Noncontrolling Interests": 88429000.0,
        "Net Income Continuous Operations": 88429000.0,
        "Earnings From Equity Interest Net Of Tax": -20000.0,
        "Tax Provision": 29988000.0,
        "Pretax Income": 118437000.0,
        "Other Income Expense": 1326000.0,
        "Other Non Operating Income Expenses": -105000.0,
        "Special Income Charges": NaN,
        "Gain On Sale Of Business": NaN,
        "Impairment Of Capital Assets": NaN,
        "Restructuring And Mergern Acquisition": NaN,
        "Gain On Sale Of Security": 1431000.0,
        "Net Non Operating Interest Income Expense": -14442000.0,
        "Interest Expense Non Operating": 16221000.0,
        "Interest Income Non Operating": 1779000.0,
        "Operating Income": 131553000.0,
        "Operating Expense": 174663000.0,
        "Selling General And Administration": 174663000.0,
        "Gross Profit": 306216000.0,
        "Cost Of Revenue": 671612000.0,
        "Total Revenue": 977828000.0,
        "Operating Revenue": 977828000.0
    },
    "2024-06-30": {
        "Tax Effect Of Unusual Items": 123341.412323,
        "Tax Rate For Calcs": 0.234936,
        "Normalized EBITDA": 170547000.0,
        "Total Unusual Items": 525000.0,
        "Total Unusual Items Excluding Goodwill": 525000.0,
        "Net Income From Continuing Operation Net Minority Interest": 99716000.0,
        "Reconciled Depreciation": 22990000.0,
        "Reconciled Cost Of Revenue": 719455000.0,
        "EBITDA": 171072000.0,
        "EBIT": 148082000.0,
        "Net Interest Income": -14347000.0,
        "Interest Expense": 15846000.0,
        "Interest Income": 1499000.0,
        "Normalized Income": 99314341.412323,
        "Net Income From Continuing And Discontinued Operation": 99716000.0,
        "Total Expenses": 892429000.0,
        "Total Operating Income As Reported": 147308000.0,
        "Diluted Average Shares": 20292000.0,
        "Basic Average Shares": 20175000.0,
        "Diluted EPS": 4.91,
        "Basic EPS": 4.94,
        "Diluted NI Availto Com Stockholders": 99716000.0,
        "Net Income Common Stockholders": 99716000.0,
        "Net Income": 99716000.0,
        "Minority Interests": -1434000.0,
        "Net Income Including Noncontrolling Interests": 101150000.0,
        "Net Income Continuous Operations": 101150000.0,
        "Earnings From Equity Interest Net Of Tax": -19000.0,
        "Tax Provision": 31067000.0,
        "Pretax Income": 132236000.0,
        "Other Income Expense": -725000.0,
        "Other Non Operating Income Expenses": -1250000.0,
        "Special Income Charges": 0.0,
        "Gain On Sale Of Business": 0.0,
        "Impairment Of Capital Assets": 0.0,
        "Restructuring And Mergern Acquisition": 0.0,
        "Gain On Sale Of Security": 525000.0,
        "Net Non Operating Interest Income Expense": -14347000.0,
        "Interest Expense Non Operating": 15846000.0,
        "Interest Income Non Operating": 1499000.0,
        "Operating Income": 147308000.0,
        "Operating Expense": 172974000.0,
        "Selling General And Administration": 172974000.0,
        "Gross Profit": 320282000.0,
        "Cost Of Revenue": 719455000.0,
        "Total Revenue": 1039737000.0,
        "Operating Revenue": 1039737000.0
    },
    "2024-09-30": {
        "Tax Effect Of Unusual Items": 307400.0,
        "Tax Rate For Calcs": 0.265,
        "Normalized EBITDA": 149523000.0,
        "Total Unusual Items": 1160000.0,
        "Total Unusual Items Excluding Goodwill": 1160000.0,
        "Net Income From Continuing Operation Net Minority Interest": 83068000.0,
        "Reconciled Depreciation": 24015000.0,
        "Reconciled Cost Of Revenue": 718482000.0,
        "EBITDA": 150683000.0,
        "EBIT": 126668000.0,
        "Net Interest Income": -12233000.0,
        "Interest Expense": 14313000.0,
        "Interest Income": 2080000.0,
        "Normalized Income": 82215400.0,
        "Net Income From Continuing And Discontinued Operation": 83068000.0,
        "Total Expenses": 894440000.0,
        "Total Operating Income As Reported": 125735000.0,
        "Diluted Average Shares": 20234000.0,
        "Basic Average Shares": 20092000.0,
        "Diluted EPS": 4.11,
        "Basic EPS": 4.13,
        "Diluted NI Availto Com Stockholders": 83068000.0,
        "Net Income Common Stockholders": 83068000.0,
        "Net Income": 83068000.0,
        "Minority Interests": 458000.0,
        "Net Income Including Noncontrolling Interests": 82610000.0,
        "Net Income Continuous Operations": 82610000.0,
        "Earnings From Equity Interest Net Of Tax": -21000.0,
        "Tax Provision": 29724000.0,
        "Pretax Income": 112355000.0,
        "Other Income Expense": -1147000.0,
        "Other Non Operating Income Expenses": -2307000.0,
        "Special Income Charges": 0.0,
        "Gain On Sale Of Business": 0.0,
        "Impairment Of Capital Assets": 0.0,
        "Restructuring And Mergern Acquisition": 0.0,
        "Gain On Sale Of Security": 1160000.0,
        "Net Non Operating Interest Income Expense": -12233000.0,
        "Interest Expense Non Operating": 14313000.0,
        "Interest Income Non Operating": 2080000.0,
        "Operating Income": 125735000.0,
        "Operating Expense": 175958000.0,
        "Selling General And Administration": 175958000.0,
        "Gross Profit": 301693000.0,
        "Cost Of Revenue": 718482000.0,
        "Total Revenue": 1020175000.0,
        "Operating Revenue": 1020175000.0
    },
    "2024-12-31": {
        "Tax Effect Of Unusual Items": -1018421.095473,
        "Tax Rate For Calcs": 0.257437,
        "Normalized EBITDA": 146805000.0,
        "Total Unusual Items": -3956000.0,
        "Total Unusual Items Excluding Goodwill": -3956000.0,
        "Net Income From Continuing Operation Net Minority Interest": 77653000.0,
        "Reconciled Depreciation": 24854000.0,
        "Reconciled Cost Of Revenue": 724273000.0,
        "EBITDA": 142849000.0,
        "EBIT": 117995000.0,
        "Net Interest Income": -10517000.0,
        "Interest Expense": 12342000.0,
        "Interest Income": 1825000.0,
        "Normalized Income": 80590578.904527,
        "Net Income From Continuing And Discontinued Operation": 77653000.0,
        "Total Expenses": 917306000.0,
        "Total Operating Income As Reported": 119988000.0,
        "Diluted Average Shares": 20197000.0,
        "Basic Average Shares": 20031000.0,
        "Diluted EPS": 3.84,
        "Basic EPS": 3.88,
        "Diluted NI Availto Com Stockholders": 77653000.0,
        "Net Income Common Stockholders": 77653000.0,
        "Net Income": 77653000.0,
        "Minority Interests": -782000.0,
        "Net Income Including Noncontrolling Interests": 78435000.0,
        "Net Income Continuous Operations": 78435000.0,
        "Earnings From Equity Interest Net Of Tax": -19000.0,
        "Tax Provision": 27199000.0,
        "Pretax Income": 105653000.0,
        "Other Income Expense": -3818000.0,
        "Other Non Operating Income Expenses": 138000.0,
        "Special Income Charges": -4474000.0,
        "Gain On Sale Of Business": -4474000.0,
        "Impairment Of Capital Assets": 0.0,
        "Restructuring And Mergern Acquisition": 0.0,
        "Gain On Sale Of Security": 518000.0,
        "Net Non Operating Interest Income Expense": -10517000.0,
        "Interest Expense Non Operating": 12342000.0,
        "Interest Income Non Operating": 1825000.0,
        "Operating Income": 119988000.0,
        "Operating Expense": 193033000.0,
        "Selling General And Administration": 193033000.0,
        "Gross Profit": 313021000.0,
        "Cost Of Revenue": 724273000.0,
        "Total Revenue": 1037294000.0,
        "Operating Revenue": 1037294000.0
    },
    "2025-03-31": {
        "Tax Effect Of Unusual Items": -219501.0,
        "Tax Rate For Calcs": 0.261,
        "Normalized EBITDA": 150496000.0,
        "Total Unusual Items": -841000.0,
        "Total Unusual Items Excluding Goodwill": -841000.0,
        "Net Income From Continuing Operation Net Minority Interest": 87261000.0,
        "Reconciled Depreciation": 21518000.0,
        "Reconciled Cost Of Revenue": 678212000.0,
        "EBITDA": 149655000.0,
        "EBIT": 128137000.0,
        "Net Interest Income": -6721000.0,
        "Interest Expense": 10115000.0,
        "Interest Income": 3394000.0,
        "Normalized Income": 87882499.0,
        "Net Income From Continuing And Discontinued Operation": 87261000.0,
        "Total Expenses": 841000000.0,
        "Total Operating Income As Reported": 128314000.0,
        "Diluted Average Shares": 20196000.0,
        "Basic Average Shares": 20047000.0,
        "Diluted EPS": 4.32,
        "Basic EPS": 4.35,
        "Diluted NI Availto Com Stockholders": 87261000.0,
        "Net Income Common Stockholders": 87261000.0,
        "Net Income": 87261000.0,
        "Minority Interests": 598000.0,
        "Net Income Including Noncontrolling Interests": 86663000.0,
        "Net Income Continuous Operations": 86663000.0,
        "Earnings From Equity Interest Net Of Tax": -560000.0,
        "Tax Provision": 30799000.0,
        "Pretax Income": 118022000.0,
        "Other Income Expense": -3571000.0,
        "Other Non Operating Income Expenses": -2730000.0,
        "Special Income Charges": NaN,
        "Gain On Sale Of Business": NaN,
        "Impairment Of Capital Assets": NaN,
        "Restructuring And Mergern Acquisition": NaN,
        "Gain On Sale Of Security": -841000.0,
        "Net Non Operating Interest Income Expense": -6721000.0,
        "Interest Expense Non Operating": 10115000.0,
        "Interest Income Non Operating": 3394000.0,
        "Operating Income": 128314000.0,
        "Operating Expense": 162788000.0,
        "Selling General And Administration": 162788000.0,
        "Gross Profit": 291102000.0,
        "Cost Of Revenue": 678212000.0,
        "Total Revenue": 969314000.0,
        "Operating Revenue": 969314000.0
    },
    "2025-06-30": {
        "Tax Effect Of Unusual Items": -20545770.0,
        "Tax Rate For Calcs": 0.21,
        "Normalized EBITDA": 149653000.0,
        "Total Unusual Items": -97837000.0,
        "Total Unusual Items Excluding Goodwill": -97837000.0,
        "Net Income From Continuing Operation Net Minority Interest": -30263000.0,
        "Reconciled Depreciation": 22263000.0,
        "Reconciled Cost Of Revenue": 729381000.0,
        "EBITDA": 51816000.0,
        "EBIT": 29553000.0,
        "Net Interest Income": -8975000.0,
        "Interest Expense": 10543000.0,
        "Interest Income": 1568000.0,
        "Normalized Income": 47028230.0,
        "Net Income From Continuing And Discontinued Operation": -30263000.0,
        "Total Expenses": 921051000.0,
        "Total Operating Income As Reported": 29276000.0,
        "Diluted Average Shares": 19809000.0,
        "Basic Average Shares": 19809000.0,
        "Diluted EPS": -1.53,
        "Basic EPS": -1.53,
        "Diluted NI Availto Com Stockholders": -30263000.0,
        "Net Income Common Stockholders": -30263000.0,
        "Net Income": -30263000.0,
        "Minority Interests": -26972000.0,
        "Net Income Including Noncontrolling Interests": -3291000.0,
        "Net Income Continuous Operations": -3291000.0,
        "Earnings From Equity Interest Net Of Tax": -21000.0,
        "Tax Provision": 22280000.0,
        "Pretax Income": 19010000.0,
        "Other Income Expense": -101512000.0,
        "Other Non Operating Income Expenses": -3675000.0,
        "Special Income Charges": -100221000.0,
        "Gain On Sale Of Business": NaN,
        "Impairment Of Capital Assets": 91337000.0,
        "Restructuring And Mergern Acquisition": 8884000.0,
        "Gain On Sale Of Security": 2384000.0,
        "Net Non Operating Interest Income Expense": -8975000.0,
        "Interest Expense Non Operating": 10543000.0,
        "Interest Income Non Operating": 1568000.0,
        "Operating Income": 129497000.0,
        "Operating Expense": 191670000.0,
        "Selling General And Administration": 191670000.0,
        "Gross Profit": 321167000.0,
        "Cost Of Revenue": 729381000.0,
        "Total Revenue": 1050548000.0,
        "Operating Revenue": 1050548000.0
    }
}