{
    "2023-04-30": {
        "Tax Effect Of Unusual Items": NaN,
        "Tax Rate For Calcs": NaN,
        "Normalized EBITDA": NaN,
        "Total Unusual Items": NaN,
        "Total Unusual Items Excluding Goodwill": NaN,
        "Net Income From Continuing Operation Net Minority Interest": NaN,
        "Reconciled Depreciation": NaN,
        "Reconciled Cost Of Revenue": NaN,
        "EBITDA": NaN,
        "EBIT": NaN,
        "Net Interest Income": NaN,
        "Interest Expense": NaN,
        "Normalized Income": NaN,
        "Net Income From Continuing And Discontinued Operation": NaN,
        "Total Expenses": NaN,
        "Total Operating Income As Reported": NaN,
        "Diluted Average Shares": NaN,
        "Basic Average Shares": NaN,
        "Diluted EPS": NaN,
        "Basic EPS": NaN,
        "Diluted NI Availto Com Stockholders": NaN,
        "Net Income Common Stockholders": NaN,
        "Net Income": NaN,
        "Net Income Including Noncontrolling Interests": NaN,
        "Net Income Continuous Operations": NaN,
        "Earnings From Equity Interest Net Of Tax": NaN,
        "Tax Provision": NaN,
        "Pretax Income": NaN,
        "Other Income Expense": 765000.0,
        "Special Income Charges": NaN,
        "Gain On Sale Of Ppe": NaN,
        "Gain On Sale Of Business": NaN,
        "Impairment Of Capital Assets": NaN,
        "Net Non Operating Interest Income Expense": NaN,
        "Interest Expense Non Operating": NaN,
        "Operating Income": NaN,
        "Operating Expense": NaN,
        "Selling General And Administration": NaN,
        "Gross Profit": NaN,
        "Cost Of Revenue": NaN,
        "Total Revenue": NaN,
        "Operating Revenue": NaN
    },
    "2023-01-31": {
        "Tax Effect Of Unusual Items": NaN,
        "Tax Rate For Calcs": NaN,
        "Normalized EBITDA": NaN,
        "Total Unusual Items": NaN,
        "Total Unusual Items Excluding Goodwill": NaN,
        "Net Income From Continuing Operation Net Minority Interest": NaN,
        "Reconciled Depreciation": NaN,
        "Reconciled Cost Of Revenue": NaN,
        "EBITDA": NaN,
        "EBIT": NaN,
        "Net Interest Income": NaN,
        "Interest Expense": NaN,
        "Normalized Income": NaN,
        "Net Income From Continuing And Discontinued Operation": NaN,
        "Total Expenses": NaN,
        "Total Operating Income As Reported": NaN,
        "Diluted Average Shares": NaN,
        "Basic Average Shares": NaN,
        "Diluted EPS": NaN,
        "Basic EPS": NaN,
        "Diluted NI Availto Com Stockholders": NaN,
        "Net Income Common Stockholders": NaN,
        "Net Income": NaN,
        "Net Income Including Noncontrolling Interests": NaN,
        "Net Income Continuous Operations": NaN,
        "Earnings From Equity Interest Net Of Tax": NaN,
        "Tax Provision": NaN,
        "Pretax Income": NaN,
        "Other Income Expense": 606000.0,
        "Special Income Charges": NaN,
        "Gain On Sale Of Ppe": NaN,
        "Gain On Sale Of Business": NaN,
        "Impairment Of Capital Assets": 1014000.0,
        "Net Non Operating Interest Income Expense": NaN,
        "Interest Expense Non Operating": NaN,
        "Operating Income": NaN,
        "Operating Expense": NaN,
        "Selling General And Administration": NaN,
        "Gross Profit": NaN,
        "Cost Of Revenue": NaN,
        "Total Revenue": NaN,
        "Operating Revenue": NaN
    },
    "2022-10-31": {
        "Tax Effect Of Unusual Items": NaN,
        "Tax Rate For Calcs": NaN,
        "Normalized EBITDA": NaN,
        "Total Unusual Items": NaN,
        "Total Unusual Items Excluding Goodwill": NaN,
        "Net Income From Continuing Operation Net Minority Interest": NaN,
        "Reconciled Depreciation": NaN,
        "Reconciled Cost Of Revenue": NaN,
        "EBITDA": NaN,
        "EBIT": NaN,
        "Net Interest Income": NaN,
        "Interest Expense": NaN,
        "Normalized Income": NaN,
        "Net Income From Continuing And Discontinued Operation": NaN,
        "Total Expenses": NaN,
        "Total Operating Income As Reported": NaN,
        "Diluted Average Shares": NaN,
        "Basic Average Shares": NaN,
        "Diluted EPS": NaN,
        "Basic EPS": NaN,
        "Diluted NI Availto Com Stockholders": NaN,
        "Net Income Common Stockholders": NaN,
        "Net Income": NaN,
        "Net Income Including Noncontrolling Interests": NaN,
        "Net Income Continuous Operations": NaN,
        "Earnings From Equity Interest Net Of Tax": 0.0,
        "Tax Provision": NaN,
        "Pretax Income": NaN,
        "Other Income Expense": NaN,
        "Special Income Charges": NaN,
        "Gain On Sale Of Ppe": NaN,
        "Gain On Sale Of Business": NaN,
        "Impairment Of Capital Assets": 0.0,
        "Net Non Operating Interest Income Expense": NaN,
        "Interest Expense Non Operating": NaN,
        "Operating Income": NaN,
        "Operating Expense": NaN,
        "Selling General And Administration": NaN,
        "Gross Profit": NaN,
        "Cost Of Revenue": NaN,
        "Total Revenue": NaN,
        "Operating Revenue": NaN
    },
    "2022-07-31": {
        "Tax Effect Of Unusual Items": -1026400.0,
        "Tax Rate For Calcs": 0.4,
        "Normalized EBITDA": -1110000.0,
        "Total Unusual Items": -2566000.0,
        "Total Unusual Items Excluding Goodwill": -2566000.0,
        "Net Income From Continuing Operation Net Minority Interest": -14989000.0,
        "Reconciled Depreciation": 1528000.0,
        "Reconciled Cost Of Revenue": 52822000.0,
        "EBITDA": -3676000.0,
        "EBIT": -5204000.0,
        "Net Interest Income": -1882000.0,
        "Interest Expense": 1882000.0,
        "Normalized Income": -13449400.0,
        "Net Income From Continuing And Discontinued Operation": -14989000.0,
        "Total Expenses": 91832000.0,
        "Total Operating Income As Reported": -5204000.0,
        "Diluted Average Shares": 12220693.0,
        "Basic Average Shares": 12220693.0,
        "Diluted EPS": -1.23,
        "Basic EPS": -1.23,
        "Diluted NI Availto Com Stockholders": -14989000.0,
        "Net Income Common Stockholders": -14989000.0,
        "Net Income": -14989000.0,
        "Net Income Including Noncontrolling Interests": -14989000.0,
        "Net Income Continuous Operations": -14989000.0,
        "Earnings From Equity Interest Net Of Tax": NaN,
        "Tax Provision": 7903000.0,
        "Pretax Income": -7086000.0,
        "Other Income Expense": -2566000.0,
        "Special Income Charges": -2566000.0,
        "Gain On Sale Of Ppe": NaN,
        "Impairment Of Capital Assets": 2566000.0,
        "Net Non Operating Interest Income Expense": -1882000.0,
        "Interest Expense Non Operating": 1882000.0,
        "Operating Income": -2638000.0,
        "Operating Expense": 39010000.0,
        "Selling General And Administration": 39010000.0,
        "Gross Profit": 36372000.0,
        "Cost Of Revenue": 52822000.0,
        "Total Revenue": 89194000.0,
        "Operating Revenue": 89194000.0
    },
    "2022-04-30": {
        "Diluted EPS": -0.6,
        "Total Revenue": 78,
        "Gross Profit": 36,
        "Operating Income": -5,
        "EBIT": -4,
        "Net Income": -7
    },
    "2022-01-31": {
        "Diluted EPS": -0.22,
        "Total Revenue": 99,
        "Gross Profit": 44,
        "Operating Income": 2,
        "EBIT": 4,
        "Net Income": -3
    },
    "2021-10-31": {
        "Diluted EPS": 0.18,
        "Total Revenue": 87,
        "Gross Profit": 42,
        "Operating Income": 3,
        "EBIT": 5,
        "Net Income": 2
    },
    "2021-07-31": {
        "Diluted EPS": -0.05,
        "Total Revenue": 79,
        "Gross Profit": 35,
        "Operating Income": 3,
        "EBIT": 4,
        "Net Income": -1
    },
    "2021-04-30": {
        "Diluted EPS": -0.98,
        "Total Revenue": 58,
        "Gross Profit": 25,
        "Operating Income": -7,
        "EBIT": -5,
        "Net Income": -12
    },
    "2021-01-31": {
        "Diluted EPS": -0.6,
        "Total Revenue": 75,
        "Gross Profit": 28,
        "Operating Income": -4,
        "EBIT": -2,
        "Net Income": -7
    },
    "2020-10-31": {
        "Diluted EPS": 0.42,
        "Total Revenue": 69,
        "Gross Profit": 32,
        "Operating Income": 6,
        "EBIT": 8,
        "Net Income": 5
    },
    "2020-07-31": {
        "Diluted EPS": -1.28,
        "Total Revenue": 37,
        "Gross Profit": 13,
        "Operating Income": -14,
        "EBIT": -12,
        "Net Income": -15
    },
    "2020-04-30": {
        "Diluted EPS": -4.12,
        "Total Revenue": 39,
        "Gross Profit": 16,
        "Operating Income": -49,
        "EBIT": -33,
        "Net Income": -48
    },
    "2020-01-31": {
        "Diluted EPS": 4.39,
        "Total Revenue": 104,
        "Gross Profit": 46,
        "Operating Income": -3,
        "EBIT": -1,
        "Net Income": 52
    },
    "2019-10-31": {
        "Diluted EPS": 0.5,
        "Total Revenue": 105,
        "Gross Profit": 51,
        "Operating Income": 8,
        "EBIT": 10,
        "Net Income": 6
    },
    "2019-07-31": {
        "Diluted EPS": -1.67,
        "Total Revenue": 92,
        "Gross Profit": 43,
        "Operating Income": -18,
        "EBIT": 4,
        "Net Income": -20
    },
    "2019-04-30": {
        "Diluted EPS": -0.67,
        "Total Revenue": 74,
        "Gross Profit": 38,
        "Operating Income": -6,
        "EBIT": -3,
        "Net Income": -8
    },
    "2019-01-31": {
        "Diluted EPS": 0.08,
        "Total Revenue": 161,
        "Gross Profit": 75,
        "Operating Income": 3,
        "EBIT": 9,
        "Net Income": 1
    },
    "2018-10-31": {
        "Diluted EPS": 0.57,
        "Total Revenue": 84,
        "Gross Profit": 41,
        "Operating Income": 9,
        "EBIT": 11,
        "Net Income": 7
    },
    "2018-07-31": {
        "Diluted EPS": -0.33,
        "Total Revenue": 63,
        "Gross Profit": 28,
        "Operating Income": -2,
        "EBIT": 0,
        "Net Income": -4
    },
    "2018-04-30": {
        "Diluted EPS": -0.49,
        "Total Revenue": 55,
        "Gross Profit": 26,
        "Operating Income": -4,
        "EBIT": -2,
        "Net Income": -6
    },
    "2018-01-31": {
        "Diluted EPS": 11.22,
        "Total Revenue": 75,
        "Gross Profit": 34,
        "Operating Income": -7,
        "EBIT": -3,
        "Net Income": 75
    },
    "2017-10-31": {
        "Diluted EPS": 0.41,
        "Total Revenue": 79,
        "Gross Profit": 37,
        "Operating Income": 5,
        "EBIT": 8,
        "Net Income": 4
    },
    "2017-07-31": {
        "Diluted EPS": -2.05,
        "Total Revenue": 61,
        "Gross Profit": 26,
        "Operating Income": -9,
        "EBIT": -6,
        "Net Income": -10
    },
    "2017-04-30": {
        "Diluted EPS": -1.88,
        "Total Revenue": 58,
        "Gross Profit": 26,
        "Operating Income": -8,
        "EBIT": -6,
        "Net Income": -9
    },
    "2017-01-31": {
        "Diluted EPS": -34.82,
        "Total Revenue": 64,
        "Gross Profit": 29,
        "Operating Income": -63,
        "EBIT": -7,
        "Net Income": -162
    },
    "2016-10-31": {
        "Diluted EPS": 0.68,
        "Total Revenue": 76,
        "Gross Profit": 38,
        "Operating Income": 6,
        "EBIT": 8,
        "Net Income": 3
    },
    "2016-07-31": {
        "Diluted EPS": -0.4,
        "Total Revenue": 61,
        "Gross Profit": 27,
        "Operating Income": -4,
        "EBIT": -2,
        "Net Income": -2
    },
    "2016-04-30": {
        "Diluted EPS": -0.5,
        "Total Revenue": 68,
        "Gross Profit": 28,
        "Operating Income": -4,
        "EBIT": -2,
        "Net Income": -2
    },
    "2016-01-31": {
        "Diluted EPS": 0.56,
        "Total Revenue": 82,
        "Gross Profit": 41,
        "Operating Income": 5,
        "EBIT": 7,
        "Net Income": 2
    },
    "2015-10-31": {
        "Diluted EPS": 1.6,
        "Total Revenue": 81,
        "Gross Profit": 40,
        "Operating Income": 12,
        "EBIT": 13,
        "Net Income": 6
    },
    "2015-07-31": {
        "Diluted EPS": -1.4,
        "Total Revenue": 80,
        "Gross Profit": 21,
        "Operating Income": -7,
        "EBIT": -4,
        "Net Income": -5
    },
    "2015-04-30": {
        "Diluted EPS": 0.6,
        "Total Revenue": 60,
        "Gross Profit": 31,
        "Operating Income": 5,
        "EBIT": 8,
        "Net Income": 2
    },
    "2015-01-31": {
        "Diluted EPS": 2.7,
        "Total Revenue": 95,
        "Gross Profit": 46,
        "Operating Income": 20,
        "EBIT": 19,
        "Net Income": 11
    },
    "2014-10-31": {
        "Diluted EPS": 3.5,
        "Total Revenue": 103,
        "Gross Profit": 51,
        "Operating Income": 25,
        "EBIT": 27,
        "Net Income": 13
    },
    "2014-07-31": {
        "Diluted EPS": 2.7,
        "Total Revenue": 89,
        "Gross Profit": 44,
        "Operating Income": 20,
        "EBIT": 22,
        "Net Income": 11
    },
    "2014-04-30": {
        "Diluted EPS": 0.4,
        "Total Revenue": 53,
        "Gross Profit": 26,
        "Operating Income": 5,
        "EBIT": 7,
        "Net Income": 1
    },
    "2014-01-31": {
        "Diluted EPS": 0.9,
        "Total Revenue": 88,
        "Gross Profit": 40,
        "Operating Income": 15,
        "EBIT": 16,
        "Net Income": 1
    },
    "2013-10-31": {
        "Diluted EPS": -0.9,
        "Total Revenue": 86,
        "Gross Profit": 42,
        "Operating Income": 18,
        "EBIT": 18,
        "Net Income": -2
    },
    "2013-07-31": {
        "Diluted EPS": -4.0,
        "Total Revenue": 74,
        "Gross Profit": 34,
        "Operating Income": 15,
        "EBIT": 16,
        "Net Income": -11
    },
    "2013-04-30": {
        "Diluted EPS": -5.8,
        "Total Revenue": 40,
        "Gross Profit": 18,
        "Operating Income": 2,
        "EBIT": 3,
        "Net Income": -15
    },
    "2013-01-31": {
        "Diluted EPS": 0.0,
        "Total Revenue": NaN,
        "Gross Profit": NaN,
        "Operating Income": NaN,
        "EBIT": NaN,
        "Net Income": NaN
    },
    "2012-10-31": {
        "Diluted EPS": -5.7,
        "Total Revenue": 203,
        "Gross Profit": 63,
        "Operating Income": 16,
        "EBIT": 20,
        "Net Income": -15
    },
    "2012-07-31": {
        "Diluted EPS": 0.0,
        "Total Revenue": NaN,
        "Gross Profit": NaN,
        "Operating Income": NaN,
        "EBIT": NaN,
        "Net Income": NaN
    },
    "2012-01-31": {
        "Diluted EPS": 0.0,
        "Total Revenue": NaN,
        "Gross Profit": NaN,
        "Operating Income": NaN,
        "EBIT": NaN,
        "Net Income": NaN
    },
    "2011-01-31": {
        "Diluted EPS": 0.0,
        "Total Revenue": NaN,
        "Gross Profit": NaN,
        "Operating Income": NaN,
        "EBIT": NaN,
        "Net Income": NaN
    },
    "2023-07-31": {
        "Tax Effect Of Unusual Items": NaN,
        "Tax Rate For Calcs": NaN,
        "Normalized EBITDA": NaN,
        "Total Unusual Items": NaN,
        "Total Unusual Items Excluding Goodwill": NaN,
        "Net Income From Continuing Operation Net Minority Interest": NaN,
        "Reconciled Depreciation": NaN,
        "Reconciled Cost Of Revenue": NaN,
        "EBITDA": NaN,
        "EBIT": NaN,
        "Net Interest Income": NaN,
        "Interest Expense": NaN,
        "Normalized Income": NaN,
        "Net Income From Continuing And Discontinued Operation": NaN,
        "Total Expenses": NaN,
        "Total Operating Income As Reported": NaN,
        "Diluted Average Shares": NaN,
        "Basic Average Shares": NaN,
        "Diluted EPS": NaN,
        "Basic EPS": NaN,
        "Diluted NI Availto Com Stockholders": NaN,
        "Net Income Common Stockholders": NaN,
        "Net Income": NaN,
        "Net Income Including Noncontrolling Interests": NaN,
        "Net Income Continuous Operations": NaN,
        "Earnings From Equity Interest Net Of Tax": NaN,
        "Tax Provision": NaN,
        "Pretax Income": NaN,
        "Other Income Expense": 32043000.0,
        "Special Income Charges": NaN,
        "Gain On Sale Of Ppe": NaN,
        "Gain On Sale Of Business": 0.0,
        "Impairment Of Capital Assets": 0.0,
        "Net Non Operating Interest Income Expense": NaN,
        "Interest Expense Non Operating": NaN,
        "Operating Income": NaN,
        "Operating Expense": NaN,
        "Selling General And Administration": NaN,
        "Gross Profit": NaN,
        "Cost Of Revenue": NaN,
        "Total Revenue": NaN,
        "Operating Revenue": NaN
    },
    "2023-10-31": {
        "Tax Effect Of Unusual Items": NaN,
        "Tax Rate For Calcs": NaN,
        "Normalized EBITDA": NaN,
        "Total Unusual Items": NaN,
        "Total Unusual Items Excluding Goodwill": NaN,
        "Net Income From Continuing Operation Net Minority Interest": NaN,
        "Reconciled Depreciation": NaN,
        "Reconciled Cost Of Revenue": NaN,
        "EBITDA": NaN,
        "EBIT": NaN,
        "Net Interest Income": NaN,
        "Interest Expense": NaN,
        "Normalized Income": NaN,
        "Net Income From Continuing And Discontinued Operation": NaN,
        "Total Expenses": NaN,
        "Total Operating Income As Reported": NaN,
        "Diluted Average Shares": NaN,
        "Basic Average Shares": NaN,
        "Diluted EPS": NaN,
        "Basic EPS": NaN,
        "Diluted NI Availto Com Stockholders": NaN,
        "Net Income Common Stockholders": NaN,
        "Net Income": NaN,
        "Net Income Including Noncontrolling Interests": NaN,
        "Net Income Continuous Operations": NaN,
        "Earnings From Equity Interest Net Of Tax": NaN,
        "Tax Provision": NaN,
        "Pretax Income": NaN,
        "Other Income Expense": NaN,
        "Special Income Charges": NaN,
        "Gain On Sale Of Ppe": NaN,
        "Gain On Sale Of Business": NaN,
        "Impairment Of Capital Assets": 0.0,
        "Net Non Operating Interest Income Expense": NaN,
        "Interest Expense Non Operating": NaN,
        "Operating Income": NaN,
        "Operating Expense": NaN,
        "Selling General And Administration": NaN,
        "Gross Profit": NaN,
        "Cost Of Revenue": NaN,
        "Total Revenue": NaN,
        "Operating Revenue": NaN
    },
    "2024-01-31": {
        "Tax Effect Of Unusual Items": NaN,
        "Tax Rate For Calcs": NaN,
        "Normalized EBITDA": NaN,
        "Total Unusual Items": NaN,
        "Total Unusual Items Excluding Goodwill": NaN,
        "Net Income From Continuing Operation Net Minority Interest": NaN,
        "Reconciled Depreciation": NaN,
        "Reconciled Cost Of Revenue": NaN,
        "EBITDA": NaN,
        "EBIT": NaN,
        "Net Interest Income": NaN,
        "Interest Expense": NaN,
        "Normalized Income": NaN,
        "Net Income From Continuing And Discontinued Operation": NaN,
        "Total Expenses": NaN,
        "Total Operating Income As Reported": NaN,
        "Diluted Average Shares": NaN,
        "Basic Average Shares": NaN,
        "Diluted EPS": NaN,
        "Basic EPS": NaN,
        "Diluted NI Availto Com Stockholders": NaN,
        "Net Income Common Stockholders": NaN,
        "Net Income": NaN,
        "Net Income Including Noncontrolling Interests": NaN,
        "Net Income Continuous Operations": NaN,
        "Earnings From Equity Interest Net Of Tax": NaN,
        "Tax Provision": NaN,
        "Pretax Income": NaN,
        "Other Income Expense": 0.0,
        "Other Non Operating Income Expenses": NaN,
        "Special Income Charges": NaN,
        "Gain On Sale Of Ppe": 0.0,
        "Gain On Sale Of Business": NaN,
        "Impairment Of Capital Assets": 0.0,
        "Net Non Operating Interest Income Expense": NaN,
        "Interest Expense Non Operating": NaN,
        "Operating Income": NaN,
        "Operating Expense": NaN,
        "Selling General And Administration": NaN,
        "Gross Profit": NaN,
        "Cost Of Revenue": NaN,
        "Total Revenue": NaN,
        "Operating Revenue": NaN
    },
    "2024-04-30": {
        "Tax Effect Of Unusual Items": NaN,
        "Tax Rate For Calcs": NaN,
        "Normalized EBITDA": NaN,
        "Total Unusual Items": NaN,
        "Total Unusual Items Excluding Goodwill": NaN,
        "Net Income From Continuing Operation Net Minority Interest": NaN,
        "Reconciled Depreciation": NaN,
        "Reconciled Cost Of Revenue": NaN,
        "EBITDA": NaN,
        "EBIT": NaN,
        "Net Interest Income": NaN,
        "Interest Expense": NaN,
        "Normalized Income": NaN,
        "Net Income From Continuing And Discontinued Operation": NaN,
        "Total Expenses": NaN,
        "Total Operating Income As Reported": NaN,
        "Diluted Average Shares": NaN,
        "Basic Average Shares": NaN,
        "Diluted EPS": NaN,
        "Basic EPS": NaN,
        "Diluted NI Availto Com Stockholders": NaN,
        "Net Income Common Stockholders": NaN,
        "Net Income": NaN,
        "Net Income Including Noncontrolling Interests": NaN,
        "Net Income Continuous Operations": NaN,
        "Earnings From Equity Interest Net Of Tax": NaN,
        "Tax Provision": NaN,
        "Pretax Income": NaN,
        "Other Income Expense": 7634000.0,
        "Other Non Operating Income Expenses": NaN,
        "Special Income Charges": NaN,
        "Gain On Sale Of Ppe": 0.0,
        "Gain On Sale Of Business": NaN,
        "Net Non Operating Interest Income Expense": NaN,
        "Interest Expense Non Operating": NaN,
        "Operating Income": NaN,
        "Operating Expense": NaN,
        "Selling General And Administration": NaN,
        "Gross Profit": NaN,
        "Cost Of Revenue": NaN,
        "Total Revenue": NaN,
        "Operating Revenue": NaN
    },
    "2024-07-31": {
        "Tax Effect Of Unusual Items": NaN,
        "Tax Rate For Calcs": NaN,
        "Normalized EBITDA": NaN,
        "Total Unusual Items": NaN,
        "Total Unusual Items Excluding Goodwill": NaN,
        "Net Income From Continuing Operation Net Minority Interest": NaN,
        "Reconciled Depreciation": NaN,
        "Reconciled Cost Of Revenue": NaN,
        "EBITDA": NaN,
        "EBIT": NaN,
        "Net Interest Income": NaN,
        "Interest Expense": NaN,
        "Normalized Income": NaN,
        "Net Income From Continuing And Discontinued Operation": NaN,
        "Total Expenses": NaN,
        "Total Operating Income As Reported": NaN,
        "Diluted Average Shares": NaN,
        "Basic Average Shares": NaN,
        "Diluted EPS": NaN,
        "Basic EPS": NaN,
        "Diluted NI Availto Com Stockholders": NaN,
        "Net Income Common Stockholders": NaN,
        "Net Income": NaN,
        "Net Income Including Noncontrolling Interests": NaN,
        "Net Income Continuous Operations": NaN,
        "Earnings From Equity Interest Net Of Tax": NaN,
        "Tax Provision": NaN,
        "Pretax Income": NaN,
        "Other Income Expense": NaN,
        "Other Non Operating Income Expenses": NaN,
        "Special Income Charges": NaN,
        "Gain On Sale Of Ppe": 0.0,
        "Gain On Sale Of Business": NaN,
        "Net Non Operating Interest Income Expense": NaN,
        "Interest Expense Non Operating": NaN,
        "Operating Income": NaN,
        "Operating Expense": NaN,
        "Selling General And Administration": NaN,
        "Gross Profit": NaN,
        "Cost Of Revenue": NaN,
        "Total Revenue": NaN,
        "Operating Revenue": NaN
    },
    "2024-10-31": {
        "Tax Effect Of Unusual Items": 0.0,
        "Tax Rate For Calcs": 0.0,
        "Normalized EBITDA": 6792000.0,
        "Total Unusual Items": 0.0,
        "Total Unusual Items Excluding Goodwill": 0.0,
        "Net Income From Continuing Operation Net Minority Interest": 4349000.0,
        "Reconciled Depreciation": 1031000.0,
        "Reconciled Cost Of Revenue": 40104000.0,
        "EBITDA": 6792000.0,
        "EBIT": 5761000.0,
        "Net Interest Income": -1691000.0,
        "Interest Expense": 1691000.0,
        "Normalized Income": 4349000.0,
        "Net Income From Continuing And Discontinued Operation": 4349000.0,
        "Total Expenses": 74401000.0,
        "Total Operating Income As Reported": 5761000.0,
        "Diluted Average Shares": 12698188.0,
        "Basic Average Shares": 12604528.0,
        "Diluted EPS": 0.34,
        "Basic EPS": 0.35,
        "Diluted NI Availto Com Stockholders": 4349000.0,
        "Net Income Common Stockholders": 4349000.0,
        "Net Income": 4349000.0,
        "Net Income Including Noncontrolling Interests": 4349000.0,
        "Net Income Continuous Operations": 4349000.0,
        "Earnings From Equity Interest Net Of Tax": 279000.0,
        "Tax Provision": 0.0,
        "Pretax Income": 4070000.0,
        "Other Income Expense": NaN,
        "Other Non Operating Income Expenses": NaN,
        "Special Income Charges": 0.0,
        "Gain On Sale Of Ppe": 0.0,
        "Gain On Sale Of Business": 0.0,
        "Net Non Operating Interest Income Expense": -1691000.0,
        "Interest Expense Non Operating": 1691000.0,
        "Operating Income": 5761000.0,
        "Operating Expense": 34297000.0,
        "Selling General And Administration": 34297000.0,
        "Gross Profit": 40058000.0,
        "Cost Of Revenue": 40104000.0,
        "Total Revenue": 80162000.0,
        "Operating Revenue": 80162000.0
    },
    "2025-01-31": {
        "Tax Effect Of Unusual Items": -2028307.873965,
        "Tax Rate For Calcs": 0.063438,
        "Normalized EBITDA": 3586000.0,
        "Total Unusual Items": -31973000.0,
        "Total Unusual Items Excluding Goodwill": -31973000.0,
        "Net Income From Continuing Operation Net Minority Interest": -28345000.0,
        "Reconciled Depreciation": 940000.0,
        "Reconciled Cost Of Revenue": 39873000.0,
        "EBITDA": -28387000.0,
        "EBIT": -29327000.0,
        "Net Interest Income": -1585000.0,
        "Interest Expense": 1585000.0,
        "Normalized Income": 1599692.126035,
        "Net Income From Continuing And Discontinued Operation": -28345000.0,
        "Total Expenses": 77648000.0,
        "Total Operating Income As Reported": -29671000.0,
        "Diluted Average Shares": 12636277.0,
        "Basic Average Shares": 12636277.0,
        "Diluted EPS": -2.24,
        "Basic EPS": -2.24,
        "Diluted NI Availto Com Stockholders": -28345000.0,
        "Net Income Common Stockholders": -28345000.0,
        "Net Income": -28345000.0,
        "Net Income Including Noncontrolling Interests": -28345000.0,
        "Net Income Continuous Operations": -28345000.0,
        "Earnings From Equity Interest Net Of Tax": 606000.0,
        "Tax Provision": -1961000.0,
        "Pretax Income": -30912000.0,
        "Other Income Expense": -31629000.0,
        "Other Non Operating Income Expenses": NaN,
        "Special Income Charges": -31973000.0,
        "Gain On Sale Of Ppe": 0.0,
        "Gain On Sale Of Business": 0.0,
        "Net Non Operating Interest Income Expense": -1585000.0,
        "Interest Expense Non Operating": 1585000.0,
        "Operating Income": 2302000.0,
        "Operating Expense": 37775000.0,
        "Selling General And Administration": 37775000.0,
        "Gross Profit": 40077000.0,
        "Cost Of Revenue": 39873000.0,
        "Total Revenue": 79950000.0,
        "Operating Revenue": 79950000.0
    },
    "2025-04-30": {
        "Tax Effect Of Unusual Items": 0.0,
        "Tax Rate For Calcs": 0.0,
        "Normalized EBITDA": -3677000.0,
        "Total Unusual Items": 0.0,
        "Total Unusual Items Excluding Goodwill": 0.0,
        "Net Income From Continuing Operation Net Minority Interest": -4803000.0,
        "Reconciled Depreciation": 761000.0,
        "Reconciled Cost Of Revenue": 28770000.0,
        "EBITDA": -3677000.0,
        "EBIT": -4438000.0,
        "Net Interest Income": -856000.0,
        "Interest Expense": 856000.0,
        "Normalized Income": -4803000.0,
        "Net Income From Continuing And Discontinued Operation": -4803000.0,
        "Total Expenses": 62371000.0,
        "Total Operating Income As Reported": -4438000.0,
        "Diluted Average Shares": 12820338.0,
        "Basic Average Shares": 12820338.0,
        "Diluted EPS": -0.37,
        "Basic EPS": -0.37,
        "Diluted NI Availto Com Stockholders": -4803000.0,
        "Net Income Common Stockholders": -4803000.0,
        "Net Income": -4803000.0,
        "Net Income Including Noncontrolling Interests": -4803000.0,
        "Net Income Continuous Operations": -4803000.0,
        "Earnings From Equity Interest Net Of Tax": 491000.0,
        "Tax Provision": 0.0,
        "Pretax Income": -5294000.0,
        "Other Income Expense": NaN,
        "Other Non Operating Income Expenses": NaN,
        "Special Income Charges": 0.0,
        "Gain On Sale Of Ppe": NaN,
        "Gain On Sale Of Business": 0.0,
        "Net Non Operating Interest Income Expense": -856000.0,
        "Interest Expense Non Operating": 856000.0,
        "Operating Income": -4438000.0,
        "Operating Expense": 33601000.0,
        "Selling General And Administration": 33601000.0,
        "Gross Profit": 29163000.0,
        "Cost Of Revenue": 28770000.0,
        "Total Revenue": 57933000.0,
        "Operating Revenue": 57933000.0
    },
    "2025-07-31": {
        "Tax Effect Of Unusual Items": 0.0,
        "Tax Rate For Calcs": 0.00489,
        "Normalized EBITDA": 13484000.0,
        "Total Unusual Items": 0.0,
        "Total Unusual Items Excluding Goodwill": 0.0,
        "Net Income From Continuing Operation Net Minority Interest": 12060000.0,
        "Reconciled Depreciation": 773000.0,
        "Reconciled Cost Of Revenue": 36303000.0,
        "EBITDA": 13484000.0,
        "EBIT": 12711000.0,
        "Net Interest Income": -849000.0,
        "Interest Expense": 849000.0,
        "Normalized Income": 12060000.0,
        "Net Income From Continuing And Discontinued Operation": 12060000.0,
        "Total Expenses": 62090000.0,
        "Total Operating Income As Reported": 11151000.0,
        "Diluted Average Shares": 12958739.0,
        "Basic Average Shares": 12906045.0,
        "Diluted EPS": 0.93,
        "Basic EPS": 0.93,
        "Diluted NI Availto Com Stockholders": 12060000.0,
        "Net Income Common Stockholders": 12060000.0,
        "Net Income": 12060000.0,
        "Net Income Including Noncontrolling Interests": 12060000.0,
        "Net Income Continuous Operations": 12060000.0,
        "Earnings From Equity Interest Net Of Tax": 256000.0,
        "Tax Provision": 58000.0,
        "Pretax Income": 11862000.0,
        "Other Income Expense": 1560000.0,
        "Other Non Operating Income Expenses": 1560000.0,
        "Special Income Charges": 0.0,
        "Gain On Sale Of Ppe": NaN,
        "Gain On Sale Of Business": 0.0,
        "Net Non Operating Interest Income Expense": -849000.0,
        "Interest Expense Non Operating": 849000.0,
        "Operating Income": 11151000.0,
        "Operating Expense": 25787000.0,
        "Selling General And Administration": 25787000.0,
        "Gross Profit": 36938000.0,
        "Cost Of Revenue": 36303000.0,
        "Total Revenue": 73241000.0,
        "Operating Revenue": 73241000.0
    },
    "2025-10-31": {
        "Tax Effect Of Unusual Items": 0.0,
        "Tax Rate For Calcs": 0.21,
        "Normalized EBITDA": 6140000.0,
        "Total Unusual Items": 0.0,
        "Total Unusual Items Excluding Goodwill": 0.0,
        "Net Income From Continuing Operation Net Minority Interest": 2726000.0,
        "Reconciled Depreciation": 705000.0,
        "Reconciled Cost Of Revenue": 43219000.0,
        "EBITDA": 6140000.0,
        "EBIT": 5435000.0,
        "Net Interest Income": -973000.0,
        "Interest Expense": 973000.0,
        "Normalized Income": 2726000.0,
        "Net Income From Continuing And Discontinued Operation": 2726000.0,
        "Total Expenses": 79691000.0,
        "Total Operating Income As Reported": 5435000.0,
        "Diluted Average Shares": 13217008.0,
        "Basic Average Shares": 13143808.0,
        "Diluted EPS": 0.21,
        "Basic EPS": 0.21,
        "Diluted NI Availto Com Stockholders": 2726000.0,
        "Net Income Common Stockholders": 2726000.0,
        "Net Income": 2726000.0,
        "Net Income Including Noncontrolling Interests": 2726000.0,
        "Net Income Continuous Operations": 2726000.0,
        "Earnings From Equity Interest Net Of Tax": 266000.0,
        "Tax Provision": 2002000.0,
        "Pretax Income": 4462000.0,
        "Other Income Expense": NaN,
        "Other Non Operating Income Expenses": NaN,
        "Special Income Charges": 0.0,
        "Gain On Sale Of Ppe": NaN,
        "Gain On Sale Of Business": 0.0,
        "Net Non Operating Interest Income Expense": -973000.0,
        "Interest Expense Non Operating": 973000.0,
        "Operating Income": 5435000.0,
        "Operating Expense": 36472000.0,
        "Selling General And Administration": 36472000.0,
        "Gross Profit": 41907000.0,
        "Cost Of Revenue": 43219000.0,
        "Total Revenue": 85126000.0,
        "Operating Revenue": 85126000.0
    }
}