{
    "2023-03-31": {
        "Tax Effect Of Unusual Items": NaN,
        "Tax Rate For Calcs": NaN,
        "Normalized EBITDA": NaN,
        "Total Unusual Items": NaN,
        "Total Unusual Items Excluding Goodwill": NaN,
        "Net Income From Continuing Operation Net Minority Interest": NaN,
        "Reconciled Depreciation": NaN,
        "Reconciled Cost Of Revenue": NaN,
        "EBITDA": NaN,
        "EBIT": NaN,
        "Net Interest Income": NaN,
        "Interest Expense": NaN,
        "Interest Income": NaN,
        "Normalized Income": NaN,
        "Net Income From Continuing And Discontinued Operation": NaN,
        "Total Expenses": NaN,
        "Total Operating Income As Reported": NaN,
        "Diluted Average Shares": NaN,
        "Basic Average Shares": NaN,
        "Diluted EPS": NaN,
        "Basic EPS": NaN,
        "Diluted NI Availto Com Stockholders": NaN,
        "Net Income Common Stockholders": NaN,
        "Net Income": NaN,
        "Minority Interests": NaN,
        "Net Income Including Noncontrolling Interests": NaN,
        "Net Income Continuous Operations": NaN,
        "Earnings From Equity Interest Net Of Tax": NaN,
        "Tax Provision": NaN,
        "Pretax Income": NaN,
        "Other Income Expense": NaN,
        "Other Non Operating Income Expenses": NaN,
        "Special Income Charges": 0.0,
        "Other Special Charges": NaN,
        "Write Off": 0.0,
        "Impairment Of Capital Assets": 0.0,
        "Gain On Sale Of Security": NaN,
        "Net Non Operating Interest Income Expense": NaN,
        "Interest Expense Non Operating": NaN,
        "Interest Income Non Operating": NaN,
        "Operating Income": NaN,
        "Operating Expense": NaN,
        "Other Operating Expenses": NaN,
        "Provision For Doubtful Accounts": NaN,
        "Research And Development": NaN,
        "Selling General And Administration": NaN,
        "Selling And Marketing Expense": NaN,
        "General And Administrative Expense": NaN,
        "Other Gand A": NaN,
        "Gross Profit": NaN,
        "Cost Of Revenue": NaN,
        "Total Revenue": NaN,
        "Operating Revenue": NaN
    },
    "2022-12-31": {
        "Tax Effect Of Unusual Items": NaN,
        "Tax Rate For Calcs": NaN,
        "Normalized EBITDA": NaN,
        "Total Unusual Items": NaN,
        "Total Unusual Items Excluding Goodwill": NaN,
        "Net Income From Continuing Operation Net Minority Interest": NaN,
        "Reconciled Depreciation": NaN,
        "Reconciled Cost Of Revenue": NaN,
        "EBITDA": NaN,
        "EBIT": NaN,
        "Net Interest Income": NaN,
        "Interest Expense": NaN,
        "Interest Income": NaN,
        "Normalized Income": NaN,
        "Net Income From Continuing And Discontinued Operation": NaN,
        "Total Expenses": NaN,
        "Total Operating Income As Reported": NaN,
        "Diluted Average Shares": NaN,
        "Basic Average Shares": NaN,
        "Diluted EPS": NaN,
        "Basic EPS": NaN,
        "Diluted NI Availto Com Stockholders": NaN,
        "Net Income Common Stockholders": NaN,
        "Net Income": NaN,
        "Minority Interests": NaN,
        "Net Income Including Noncontrolling Interests": NaN,
        "Net Income Continuous Operations": NaN,
        "Earnings From Equity Interest Net Of Tax": NaN,
        "Tax Provision": NaN,
        "Pretax Income": NaN,
        "Other Income Expense": NaN,
        "Other Non Operating Income Expenses": NaN,
        "Special Income Charges": 0.0,
        "Write Off": 0.0,
        "Impairment Of Capital Assets": NaN,
        "Gain On Sale Of Security": NaN,
        "Net Non Operating Interest Income Expense": NaN,
        "Interest Expense Non Operating": NaN,
        "Interest Income Non Operating": NaN,
        "Operating Income": NaN,
        "Operating Expense": NaN,
        "Other Operating Expenses": NaN,
        "Provision For Doubtful Accounts": NaN,
        "Research And Development": NaN,
        "Selling General And Administration": NaN,
        "Selling And Marketing Expense": NaN,
        "General And Administrative Expense": NaN,
        "Other Gand A": NaN,
        "Gross Profit": NaN,
        "Cost Of Revenue": NaN,
        "Total Revenue": NaN,
        "Operating Revenue": NaN
    },
    "2022-09-30": {
        "Tax Effect Of Unusual Items": NaN,
        "Tax Rate For Calcs": NaN,
        "Normalized EBITDA": NaN,
        "Total Unusual Items": NaN,
        "Total Unusual Items Excluding Goodwill": NaN,
        "Net Income From Continuing Operation Net Minority Interest": NaN,
        "Reconciled Depreciation": NaN,
        "Reconciled Cost Of Revenue": NaN,
        "EBITDA": NaN,
        "EBIT": NaN,
        "Net Interest Income": NaN,
        "Interest Expense": NaN,
        "Interest Income": NaN,
        "Normalized Income": NaN,
        "Net Income From Continuing And Discontinued Operation": NaN,
        "Total Expenses": NaN,
        "Total Operating Income As Reported": NaN,
        "Diluted Average Shares": NaN,
        "Basic Average Shares": NaN,
        "Diluted EPS": NaN,
        "Basic EPS": NaN,
        "Diluted NI Availto Com Stockholders": NaN,
        "Net Income Common Stockholders": NaN,
        "Net Income": NaN,
        "Minority Interests": NaN,
        "Net Income Including Noncontrolling Interests": NaN,
        "Net Income Continuous Operations": NaN,
        "Earnings From Equity Interest Net Of Tax": NaN,
        "Tax Provision": NaN,
        "Pretax Income": NaN,
        "Other Income Expense": NaN,
        "Other Non Operating Income Expenses": NaN,
        "Special Income Charges": 0.0,
        "Write Off": 0.0,
        "Gain On Sale Of Security": NaN,
        "Net Non Operating Interest Income Expense": NaN,
        "Interest Expense Non Operating": NaN,
        "Interest Income Non Operating": NaN,
        "Operating Income": NaN,
        "Operating Expense": NaN,
        "Other Operating Expenses": NaN,
        "Provision For Doubtful Accounts": NaN,
        "Research And Development": NaN,
        "Selling General And Administration": NaN,
        "Selling And Marketing Expense": NaN,
        "General And Administrative Expense": NaN,
        "Other Gand A": NaN,
        "Gross Profit": NaN,
        "Cost Of Revenue": NaN,
        "Total Revenue": NaN,
        "Operating Revenue": NaN
    },
    "2022-06-30": {
        "Tax Effect Of Unusual Items": -127950000.0,
        "Tax Rate For Calcs": 0.4,
        "Normalized EBITDA": 430630000.0,
        "Total Unusual Items": -319875000.0,
        "Total Unusual Items Excluding Goodwill": -319875000.0,
        "Net Income From Continuing Operation Net Minority Interest": -377203000.0,
        "Reconciled Depreciation": 385876000.0,
        "Reconciled Cost Of Revenue": 1367086000.0,
        "EBITDA": 110755000.0,
        "EBIT": -275121000.0,
        "Net Interest Income": -59716000.0,
        "Interest Expense": 68530000.0,
        "Interest Income": 8814000.0,
        "Normalized Income": -185278000.0,
        "Net Income From Continuing And Discontinued Operation": -377203000.0,
        "Total Expenses": 1688805000.0,
        "Total Operating Income As Reported": 36058000.0,
        "Diluted Average Shares": 147700770.0,
        "Basic Average Shares": 147700770.0,
        "Diluted EPS": -2.58,
        "Basic EPS": -2.58,
        "Diluted NI Availto Com Stockholders": -377203000.0,
        "Net Income Common Stockholders": -377203000.0,
        "Net Income": -377203000.0,
        "Minority Interests": -3696000.0,
        "Net Income Including Noncontrolling Interests": -373507000.0,
        "Net Income Continuous Operations": -373507000.0,
        "Earnings From Equity Interest Net Of Tax": 1090000.0,
        "Tax Provision": 30946000.0,
        "Pretax Income": -343651000.0,
        "Other Income Expense": -319993000.0,
        "Other Non Operating Income Expenses": -118000.0,
        "Special Income Charges": 0.0,
        "Write Off": 0.0,
        "Impairment Of Capital Assets": NaN,
        "Gain On Sale Of Security": -319875000.0,
        "Net Non Operating Interest Income Expense": -59716000.0,
        "Interest Expense Non Operating": 68530000.0,
        "Interest Income Non Operating": 8814000.0,
        "Operating Income": 36058000.0,
        "Operating Expense": 321719000.0,
        "Other Operating Expenses": -1588000.0,
        "Provision For Doubtful Accounts": -845000.0,
        "Research And Development": 76740000.0,
        "Selling General And Administration": 247412000.0,
        "Selling And Marketing Expense": 80368000.0,
        "General And Administrative Expense": 167044000.0,
        "Other Gand A": 167044000.0,
        "Gross Profit": 357777000.0,
        "Cost Of Revenue": 1367086000.0,
        "Total Revenue": 1724863000.0,
        "Operating Revenue": 1724863000.0
    },
    "2022-03-31": {
        "Diluted EPS": 0.03,
        "Total Revenue": 260,
        "Gross Profit": 56,
        "Operating Income": 15,
        "EBIT": 70,
        "Net Income": 14
    },
    "2021-12-31": {
        "Diluted EPS": -0.27,
        "Total Revenue": 286,
        "Gross Profit": 62,
        "Operating Income": -42,
        "EBIT": -42,
        "Net Income": -3
    },
    "2021-09-30": {
        "Diluted EPS": -0.03,
        "Total Revenue": 242,
        "Gross Profit": 58,
        "Operating Income": 18,
        "EBIT": 18,
        "Net Income": 24
    },
    "2021-06-30": {
        "Diluted EPS": 0.06,
        "Total Revenue": 232,
        "Gross Profit": 56,
        "Operating Income": 15,
        "EBIT": 62,
        "Net Income": 71
    },
    "2021-03-31": {
        "Diluted EPS": -0.12,
        "Total Revenue": 212,
        "Gross Profit": 49,
        "Operating Income": 12,
        "EBIT": 58,
        "Net Income": -13
    },
    "2020-12-31": {
        "Diluted EPS": -1.14,
        "Total Revenue": 86,
        "Gross Profit": 20,
        "Operating Income": -15,
        "EBIT": 35,
        "Net Income": -90
    },
    "2020-09-30": {
        "Diluted EPS": 0.06,
        "Total Revenue": 183,
        "Gross Profit": 41,
        "Operating Income": 11,
        "EBIT": 53,
        "Net Income": 14
    },
    "2020-06-30": {
        "Diluted EPS": -2.88,
        "Total Revenue": 316,
        "Gross Profit": 72,
        "Operating Income": 16,
        "EBIT": 47,
        "Net Income": -320
    },
    "2020-03-31": {
        "Diluted EPS": -0.18,
        "Total Revenue": 154,
        "Gross Profit": 33,
        "Operating Income": 5,
        "EBIT": 34,
        "Net Income": -20
    },
    "2019-12-31": {
        "Diluted EPS": -0.07,
        "Total Revenue": 148,
        "Gross Profit": 35,
        "Operating Income": 0,
        "EBIT": 0,
        "Net Income": -2
    },
    "2019-09-30": {
        "Diluted EPS": -0.06,
        "Total Revenue": 137,
        "Gross Profit": 31,
        "Operating Income": 9,
        "EBIT": 9,
        "Net Income": -10
    },
    "2019-06-30": {
        "Diluted EPS": -0.12,
        "Total Revenue": 129,
        "Gross Profit": 33,
        "Operating Income": 9,
        "EBIT": 9,
        "Net Income": -15
    },
    "2019-03-31": {
        "Diluted EPS": 0.01,
        "Total Revenue": 130,
        "Gross Profit": 36,
        "Operating Income": 8,
        "EBIT": 35,
        "Net Income": 1
    },
    "2018-12-31": {
        "Diluted EPS": -0.12,
        "Total Revenue": 115,
        "Gross Profit": 31,
        "Operating Income": 8,
        "EBIT": 8,
        "Net Income": -17
    },
    "2018-09-30": {
        "Diluted EPS": -0.06,
        "Total Revenue": 127,
        "Gross Profit": 35,
        "Operating Income": 9,
        "EBIT": 9,
        "Net Income": -4
    },
    "2018-06-30": {
        "Diluted EPS": -0.12,
        "Total Revenue": 125,
        "Gross Profit": 35,
        "Operating Income": 8,
        "EBIT": 8,
        "Net Income": -14
    },
    "2018-03-31": {
        "Diluted EPS": 0.06,
        "Total Revenue": 128,
        "Gross Profit": 36,
        "Operating Income": 9,
        "EBIT": 31,
        "Net Income": 5
    },
    "2017-12-31": {
        "Diluted EPS": 1.05,
        "Total Revenue": 133,
        "Gross Profit": 34,
        "Operating Income": -4,
        "EBIT": -4,
        "Net Income": 117
    },
    "2017-09-30": {
        "Diluted EPS": -1.98,
        "Total Revenue": 133,
        "Gross Profit": 29,
        "Operating Income": -184,
        "EBIT": -184,
        "Net Income": -207
    },
    "2017-06-30": {
        "Diluted EPS": -0.18,
        "Total Revenue": 130,
        "Gross Profit": 28,
        "Operating Income": -12,
        "EBIT": -10,
        "Net Income": -14
    },
    "2017-03-31": {
        "Diluted EPS": -0.15,
        "Total Revenue": 125,
        "Gross Profit": 26,
        "Operating Income": -10,
        "EBIT": 14,
        "Net Income": -14
    },
    "2016-12-31": {
        "Diluted EPS": -0.31,
        "Total Revenue": 109,
        "Gross Profit": 22,
        "Operating Income": -71,
        "EBIT": -71,
        "Net Income": -34
    },
    "2016-09-30": {
        "Diluted EPS": -0.13,
        "Total Revenue": 145,
        "Gross Profit": 28,
        "Operating Income": -18,
        "EBIT": -18,
        "Net Income": -20
    },
    "2016-06-30": {
        "Diluted EPS": -0.2,
        "Total Revenue": 137,
        "Gross Profit": 26,
        "Operating Income": -19,
        "EBIT": -18,
        "Net Income": -15
    },
    "2016-03-31": {
        "Diluted EPS": -0.26,
        "Total Revenue": 134,
        "Gross Profit": 26,
        "Operating Income": -13,
        "EBIT": 11,
        "Net Income": -22
    },
    "2015-12-31": {
        "Diluted EPS": -0.22,
        "Total Revenue": 152,
        "Gross Profit": 45,
        "Operating Income": -4,
        "EBIT": -4,
        "Net Income": -19
    },
    "2015-09-30": {
        "Diluted EPS": -0.11,
        "Total Revenue": 145,
        "Gross Profit": 32,
        "Operating Income": -10,
        "EBIT": -10,
        "Net Income": -10
    },
    "2015-06-30": {
        "Diluted EPS": -0.27,
        "Total Revenue": 140,
        "Gross Profit": 33,
        "Operating Income": -12,
        "EBIT": -12,
        "Net Income": -23
    },
    "2015-03-31": {
        "Diluted EPS": -0.22,
        "Total Revenue": 139,
        "Gross Profit": 37,
        "Operating Income": -4,
        "EBIT": 19,
        "Net Income": -16
    },
    "2014-12-31": {
        "Diluted EPS": -0.43,
        "Total Revenue": 138,
        "Gross Profit": 39,
        "Operating Income": -9,
        "EBIT": -9,
        "Net Income": -28
    },
    "2014-09-30": {
        "Diluted EPS": 0.09,
        "Total Revenue": 127,
        "Gross Profit": 38,
        "Operating Income": 4,
        "EBIT": 4,
        "Net Income": 6
    },
    "2014-06-30": {
        "Diluted EPS": -0.15,
        "Total Revenue": 106,
        "Gross Profit": 29,
        "Operating Income": 5,
        "EBIT": 5,
        "Net Income": -10
    },
    "2014-03-31": {
        "Diluted EPS": -0.37,
        "Total Revenue": 94,
        "Gross Profit": 26,
        "Operating Income": -14,
        "EBIT": -14,
        "Net Income": -24
    },
    "2013-12-31": {
        "Diluted EPS": -0.01,
        "Total Revenue": 90,
        "Gross Profit": 21,
        "Operating Income": 0,
        "EBIT": 0,
        "Net Income": -1
    },
    "2013-09-30": {
        "Diluted EPS": -0.03,
        "Total Revenue": 84,
        "Gross Profit": 22,
        "Operating Income": 4,
        "EBIT": 4,
        "Net Income": -2
    },
    "2013-06-30": {
        "Diluted EPS": -0.12,
        "Total Revenue": 77,
        "Gross Profit": 20,
        "Operating Income": 4,
        "EBIT": 4,
        "Net Income": -7
    },
    "2013-03-31": {
        "Diluted EPS": 0.03,
        "Total Revenue": 70,
        "Gross Profit": 19,
        "Operating Income": 4,
        "EBIT": 4,
        "Net Income": 2
    },
    "2012-12-31": {
        "Diluted EPS": 0.12,
        "Total Revenue": 67,
        "Gross Profit": 17,
        "Operating Income": 0,
        "EBIT": 0,
        "Net Income": 7
    },
    "2012-09-30": {
        "Diluted EPS": 0.03,
        "Total Revenue": 63,
        "Gross Profit": 18,
        "Operating Income": 3,
        "EBIT": 3,
        "Net Income": 2
    },
    "2012-06-30": {
        "Diluted EPS": 0.06,
        "Total Revenue": 57,
        "Gross Profit": 16,
        "Operating Income": 5,
        "EBIT": 5,
        "Net Income": 3
    },
    "2012-03-31": {
        "Diluted EPS": -0.06,
        "Total Revenue": 55,
        "Gross Profit": 16,
        "Operating Income": 5,
        "EBIT": 5,
        "Net Income": -3
    },
    "2011-12-31": {
        "Diluted EPS": 0.01,
        "Total Revenue": 51,
        "Gross Profit": 12,
        "Operating Income": 2,
        "EBIT": 2,
        "Net Income": 0
    },
    "2011-09-30": {
        "Diluted EPS": 0.22,
        "Total Revenue": 41,
        "Gross Profit": 11,
        "Operating Income": 3,
        "EBIT": 3,
        "Net Income": 13
    },
    "2011-06-30": {
        "Diluted EPS": -0.1,
        "Total Revenue": 36,
        "Gross Profit": 10,
        "Operating Income": 3,
        "EBIT": 3,
        "Net Income": -5
    },
    "2011-03-31": {
        "Diluted EPS": -0.36,
        "Total Revenue": 32,
        "Gross Profit": 8,
        "Operating Income": 2,
        "EBIT": 2,
        "Net Income": -6
    },
    "2010-12-31": {
        "Diluted EPS": -2.59,
        "Total Revenue": 30,
        "Gross Profit": 30,
        "Operating Income": 30,
        "EBIT": 30,
        "Net Income": -31
    },
    "2010-09-30": {
        "Diluted EPS": -0.47,
        "Total Revenue": 18,
        "Gross Profit": 18,
        "Operating Income": 18,
        "EBIT": 18,
        "Net Income": -6
    },
    "2010-06-30": {
        "Diluted EPS": 0.06,
        "Total Revenue": 17,
        "Gross Profit": 17,
        "Operating Income": 17,
        "EBIT": 17,
        "Net Income": 1
    },
    "2010-03-31": {
        "Diluted EPS": -0.21,
        "Total Revenue": 14,
        "Gross Profit": 14,
        "Operating Income": 14,
        "EBIT": 14,
        "Net Income": -3
    },
    "2023-06-30": {
        "Tax Effect Of Unusual Items": NaN,
        "Tax Rate For Calcs": NaN,
        "Normalized EBITDA": NaN,
        "Total Unusual Items": NaN,
        "Total Unusual Items Excluding Goodwill": NaN,
        "Net Income From Continuing Operation Net Minority Interest": NaN,
        "Reconciled Depreciation": NaN,
        "Reconciled Cost Of Revenue": NaN,
        "EBITDA": NaN,
        "EBIT": NaN,
        "Net Interest Income": NaN,
        "Interest Expense": NaN,
        "Interest Income": NaN,
        "Normalized Income": NaN,
        "Net Income From Continuing And Discontinued Operation": NaN,
        "Total Expenses": NaN,
        "Total Operating Income As Reported": NaN,
        "Diluted Average Shares": NaN,
        "Basic Average Shares": NaN,
        "Diluted EPS": NaN,
        "Basic EPS": NaN,
        "Diluted NI Availto Com Stockholders": NaN,
        "Net Income Common Stockholders": NaN,
        "Net Income": NaN,
        "Minority Interests": NaN,
        "Net Income Including Noncontrolling Interests": NaN,
        "Net Income Continuous Operations": NaN,
        "Earnings From Equity Interest Net Of Tax": NaN,
        "Tax Provision": NaN,
        "Pretax Income": NaN,
        "Other Income Expense": NaN,
        "Other Non Operating Income Expenses": NaN,
        "Special Income Charges": NaN,
        "Other Special Charges": NaN,
        "Write Off": NaN,
        "Impairment Of Capital Assets": NaN,
        "Gain On Sale Of Security": NaN,
        "Net Non Operating Interest Income Expense": NaN,
        "Interest Expense Non Operating": NaN,
        "Interest Income Non Operating": NaN,
        "Operating Income": NaN,
        "Operating Expense": NaN,
        "Other Operating Expenses": -13895000.0,
        "Provision For Doubtful Accounts": NaN,
        "Research And Development": NaN,
        "Selling General And Administration": NaN,
        "Selling And Marketing Expense": NaN,
        "General And Administrative Expense": NaN,
        "Other Gand A": NaN,
        "Gross Profit": NaN,
        "Cost Of Revenue": NaN,
        "Total Revenue": NaN,
        "Operating Revenue": NaN
    },
    "2023-09-30": {
        "Tax Effect Of Unusual Items": NaN,
        "Tax Rate For Calcs": NaN,
        "Normalized EBITDA": NaN,
        "Total Unusual Items": NaN,
        "Total Unusual Items Excluding Goodwill": NaN,
        "Net Income From Continuing Operation Net Minority Interest": NaN,
        "Reconciled Depreciation": NaN,
        "Reconciled Cost Of Revenue": NaN,
        "EBITDA": NaN,
        "EBIT": NaN,
        "Net Interest Income": NaN,
        "Interest Expense": NaN,
        "Interest Income": NaN,
        "Normalized Income": NaN,
        "Net Income From Continuing And Discontinued Operation": NaN,
        "Total Expenses": NaN,
        "Total Operating Income As Reported": NaN,
        "Diluted Average Shares": NaN,
        "Basic Average Shares": NaN,
        "Diluted EPS": NaN,
        "Basic EPS": NaN,
        "Diluted NI Availto Com Stockholders": NaN,
        "Net Income Common Stockholders": NaN,
        "Net Income": NaN,
        "Minority Interests": NaN,
        "Net Income Including Noncontrolling Interests": NaN,
        "Net Income Continuous Operations": NaN,
        "Earnings From Equity Interest Net Of Tax": NaN,
        "Tax Provision": NaN,
        "Pretax Income": NaN,
        "Other Income Expense": NaN,
        "Other Non Operating Income Expenses": NaN,
        "Special Income Charges": -11115000.0,
        "Other Special Charges": NaN,
        "Write Off": 11115000.0,
        "Impairment Of Capital Assets": NaN,
        "Gain On Sale Of Security": NaN,
        "Net Non Operating Interest Income Expense": NaN,
        "Interest Expense Non Operating": NaN,
        "Interest Income Non Operating": NaN,
        "Operating Income": NaN,
        "Operating Expense": NaN,
        "Other Operating Expenses": NaN,
        "Provision For Doubtful Accounts": NaN,
        "Research And Development": NaN,
        "Selling General And Administration": NaN,
        "Selling And Marketing Expense": NaN,
        "General And Administrative Expense": NaN,
        "Other Gand A": NaN,
        "Gross Profit": NaN,
        "Cost Of Revenue": NaN,
        "Total Revenue": NaN,
        "Operating Revenue": NaN
    },
    "2023-12-31": {
        "Tax Effect Of Unusual Items": NaN,
        "Tax Rate For Calcs": NaN,
        "Normalized EBITDA": NaN,
        "Total Unusual Items": NaN,
        "Total Unusual Items Excluding Goodwill": NaN,
        "Net Income From Continuing Operation Net Minority Interest": NaN,
        "Reconciled Depreciation": 1345736000.0,
        "Reconciled Cost Of Revenue": NaN,
        "EBITDA": NaN,
        "EBIT": NaN,
        "Net Interest Income": NaN,
        "Interest Expense": NaN,
        "Interest Income": NaN,
        "Normalized Income": NaN,
        "Net Income From Continuing And Discontinued Operation": NaN,
        "Total Expenses": NaN,
        "Total Operating Income As Reported": NaN,
        "Diluted Average Shares": NaN,
        "Basic Average Shares": NaN,
        "Diluted EPS": NaN,
        "Basic EPS": NaN,
        "Diluted NI Availto Com Stockholders": NaN,
        "Net Income Common Stockholders": NaN,
        "Net Income": NaN,
        "Minority Interests": NaN,
        "Net Income Including Noncontrolling Interests": NaN,
        "Net Income Continuous Operations": NaN,
        "Earnings From Equity Interest Net Of Tax": NaN,
        "Tax Provision": NaN,
        "Pretax Income": NaN,
        "Other Income Expense": NaN,
        "Other Non Operating Income Expenses": NaN,
        "Special Income Charges": -1870928000.0,
        "Other Special Charges": NaN,
        "Write Off": 51000.0,
        "Impairment Of Capital Assets": NaN,
        "Gain On Sale Of Security": NaN,
        "Net Non Operating Interest Income Expense": NaN,
        "Interest Expense Non Operating": NaN,
        "Interest Income Non Operating": NaN,
        "Operating Income": NaN,
        "Operating Expense": NaN,
        "Other Operating Expenses": NaN,
        "Provision For Doubtful Accounts": NaN,
        "Research And Development": NaN,
        "Selling General And Administration": NaN,
        "Selling And Marketing Expense": NaN,
        "General And Administrative Expense": NaN,
        "Other Gand A": NaN,
        "Gross Profit": NaN,
        "Cost Of Revenue": NaN,
        "Total Revenue": NaN,
        "Operating Revenue": NaN
    },
    "2024-03-31": {
        "Tax Effect Of Unusual Items": NaN,
        "Tax Rate For Calcs": NaN,
        "Normalized EBITDA": NaN,
        "Total Unusual Items": NaN,
        "Total Unusual Items Excluding Goodwill": NaN,
        "Net Income From Continuing Operation Net Minority Interest": NaN,
        "Reconciled Depreciation": 377086000.0,
        "Reconciled Cost Of Revenue": NaN,
        "EBITDA": NaN,
        "EBIT": NaN,
        "Net Interest Income": NaN,
        "Interest Expense": NaN,
        "Interest Income": NaN,
        "Normalized Income": NaN,
        "Net Income From Continuing And Discontinued Operation": NaN,
        "Total Expenses": NaN,
        "Total Operating Income As Reported": NaN,
        "Diluted Average Shares": NaN,
        "Basic Average Shares": NaN,
        "Diluted EPS": NaN,
        "Basic EPS": NaN,
        "Diluted NI Availto Com Stockholders": NaN,
        "Net Income Common Stockholders": NaN,
        "Net Income": NaN,
        "Minority Interests": NaN,
        "Net Income Including Noncontrolling Interests": NaN,
        "Net Income Continuous Operations": NaN,
        "Earnings From Equity Interest Net Of Tax": NaN,
        "Tax Provision": NaN,
        "Pretax Income": NaN,
        "Other Income Expense": NaN,
        "Other Non Operating Income Expenses": NaN,
        "Special Income Charges": 0.0,
        "Other Special Charges": NaN,
        "Write Off": 0.0,
        "Impairment Of Capital Assets": 0.0,
        "Gain On Sale Of Security": NaN,
        "Net Non Operating Interest Income Expense": NaN,
        "Interest Expense Non Operating": NaN,
        "Interest Income Non Operating": NaN,
        "Operating Income": NaN,
        "Operating Expense": NaN,
        "Other Operating Expenses": NaN,
        "Provision For Doubtful Accounts": NaN,
        "Research And Development": NaN,
        "Selling General And Administration": NaN,
        "Selling And Marketing Expense": NaN,
        "General And Administrative Expense": NaN,
        "Other Gand A": NaN,
        "Gross Profit": NaN,
        "Cost Of Revenue": NaN,
        "Total Revenue": NaN,
        "Operating Revenue": NaN
    },
    "2024-06-30": {
        "Tax Effect Of Unusual Items": NaN,
        "Tax Rate For Calcs": NaN,
        "Normalized EBITDA": NaN,
        "Total Unusual Items": NaN,
        "Total Unusual Items Excluding Goodwill": NaN,
        "Net Income From Continuing Operation Net Minority Interest": NaN,
        "Reconciled Depreciation": 388711000.0,
        "Reconciled Cost Of Revenue": NaN,
        "EBITDA": NaN,
        "EBIT": NaN,
        "Net Interest Income": NaN,
        "Interest Expense": NaN,
        "Interest Income": NaN,
        "Normalized Income": NaN,
        "Net Income From Continuing And Discontinued Operation": NaN,
        "Total Expenses": NaN,
        "Total Operating Income As Reported": NaN,
        "Diluted Average Shares": NaN,
        "Basic Average Shares": NaN,
        "Diluted EPS": NaN,
        "Basic EPS": NaN,
        "Diluted NI Availto Com Stockholders": NaN,
        "Net Income Common Stockholders": NaN,
        "Net Income": NaN,
        "Minority Interests": NaN,
        "Net Income Including Noncontrolling Interests": NaN,
        "Net Income Continuous Operations": NaN,
        "Earnings From Equity Interest Net Of Tax": NaN,
        "Tax Provision": NaN,
        "Pretax Income": NaN,
        "Other Income Expense": NaN,
        "Other Non Operating Income Expenses": NaN,
        "Special Income Charges": NaN,
        "Other Special Charges": NaN,
        "Write Off": NaN,
        "Impairment Of Capital Assets": NaN,
        "Gain On Sale Of Security": NaN,
        "Net Non Operating Interest Income Expense": NaN,
        "Interest Expense Non Operating": NaN,
        "Interest Income Non Operating": NaN,
        "Operating Income": NaN,
        "Operating Expense": NaN,
        "Other Operating Expenses": NaN,
        "Provision For Doubtful Accounts": NaN,
        "Research And Development": NaN,
        "Selling General And Administration": NaN,
        "Selling And Marketing Expense": NaN,
        "General And Administrative Expense": NaN,
        "Other Gand A": NaN,
        "Gross Profit": NaN,
        "Cost Of Revenue": NaN,
        "Total Revenue": NaN,
        "Operating Revenue": NaN
    },
    "2024-09-30": {
        "Tax Effect Of Unusual Items": 21827270.55424,
        "Tax Rate For Calcs": 0.085968,
        "Normalized EBITDA": 202429000.0,
        "Total Unusual Items": 253901000.0,
        "Total Unusual Items Excluding Goodwill": 253901000.0,
        "Net Income From Continuing Operation Net Minority Interest": 317626000.0,
        "Reconciled Depreciation": -372078000.0,
        "Reconciled Cost Of Revenue": 1629111000.0,
        "EBITDA": 456330000.0,
        "EBIT": 456330000.0,
        "Net Interest Income": -89778000.0,
        "Interest Expense": 93996000.0,
        "Interest Income": 4218000.0,
        "Normalized Income": 85552270.55424,
        "Net Income From Continuing And Discontinued Operation": 317626000.0,
        "Total Expenses": 1929384000.0,
        "Total Operating Income As Reported": 191410000.0,
        "Diluted Average Shares": 290094181.0,
        "Basic Average Shares": 267143404.0,
        "Diluted EPS": 0.3,
        "Basic EPS": 1.2,
        "Diluted NI Availto Com Stockholders": 317626000.0,
        "Net Income Common Stockholders": 317626000.0,
        "Net Income": 317626000.0,
        "Minority Interests": -14524000.0,
        "Net Income Including Noncontrolling Interests": 332150000.0,
        "Net Income Continuous Operations": 332150000.0,
        "Earnings From Equity Interest Net Of Tax": 965000.0,
        "Tax Provision": 31149000.0,
        "Pretax Income": 362334000.0,
        "Other Income Expense": 260702000.0,
        "Other Non Operating Income Expenses": 6801000.0,
        "Special Income Charges": 246175000.0,
        "Other Special Charges": -246175000.0,
        "Write Off": 0.0,
        "Impairment Of Capital Assets": NaN,
        "Gain On Sale Of Security": 7726000.0,
        "Net Non Operating Interest Income Expense": -89778000.0,
        "Interest Expense Non Operating": 93996000.0,
        "Interest Income Non Operating": 4218000.0,
        "Operating Income": 191410000.0,
        "Operating Expense": 300273000.0,
        "Other Operating Expenses": -11767000.0,
        "Provision For Doubtful Accounts": 65731000.0,
        "Research And Development": 53127000.0,
        "Selling General And Administration": 193182000.0,
        "Selling And Marketing Expense": 60700000.0,
        "General And Administrative Expense": 132482000.0,
        "Other Gand A": 132482000.0,
        "Gross Profit": 491683000.0,
        "Cost Of Revenue": 1629111000.0,
        "Total Revenue": 2120794000.0,
        "Operating Revenue": 2120794000.0
    },
    "2024-12-31": {
        "Tax Effect Of Unusual Items": -18225500.0,
        "Tax Rate For Calcs": 0.25,
        "Normalized EBITDA": 1439364000.0,
        "Total Unusual Items": -72902000.0,
        "Total Unusual Items Excluding Goodwill": -72902000.0,
        "Net Income From Continuing Operation Net Minority Interest": -11096000.0,
        "Reconciled Depreciation": 1204537000.0,
        "Reconciled Cost Of Revenue": 1741533000.0,
        "EBITDA": 1366462000.0,
        "EBIT": 161925000.0,
        "Net Interest Income": -70963000.0,
        "Interest Expense": 77125000.0,
        "Interest Income": 6162000.0,
        "Normalized Income": 43580500.0,
        "Net Income From Continuing And Discontinued Operation": -11096000.0,
        "Total Expenses": 2009394000.0,
        "Total Operating Income As Reported": 236995000.0,
        "Diluted Average Shares": 268048645.0,
        "Basic Average Shares": 268048645.0,
        "Diluted EPS": -0.06,
        "Basic EPS": -0.06,
        "Diluted NI Availto Com Stockholders": -153668000.0,
        "Net Income Common Stockholders": -26174000.0,
        "Net Income": -11096000.0,
        "Minority Interests": -14546000.0,
        "Net Income Including Noncontrolling Interests": 3450000.0,
        "Net Income Continuous Operations": 3450000.0,
        "Earnings From Equity Interest Net Of Tax": 1197000.0,
        "Tax Provision": 82547000.0,
        "Pretax Income": 84800000.0,
        "Other Income Expense": -81232000.0,
        "Other Non Operating Income Expenses": -8330000.0,
        "Special Income Charges": 0.0,
        "Other Special Charges": 0.0,
        "Write Off": 0.0,
        "Impairment Of Capital Assets": NaN,
        "Gain On Sale Of Security": -72902000.0,
        "Net Non Operating Interest Income Expense": -70963000.0,
        "Interest Expense Non Operating": 77125000.0,
        "Interest Income Non Operating": 6162000.0,
        "Operating Income": 236995000.0,
        "Operating Expense": 267861000.0,
        "Other Operating Expenses": -98869000.0,
        "Provision For Doubtful Accounts": 44590000.0,
        "Research And Development": 56098000.0,
        "Selling General And Administration": 266042000.0,
        "Selling And Marketing Expense": 73088000.0,
        "General And Administrative Expense": 192954000.0,
        "Other Gand A": 192954000.0,
        "Gross Profit": 504856000.0,
        "Cost Of Revenue": 1741533000.0,
        "Total Revenue": 2246389000.0,
        "Operating Revenue": 2246389000.0
    },
    "2025-03-31": {
        "Tax Effect Of Unusual Items": -81344250.0,
        "Tax Rate For Calcs": 0.25,
        "Normalized EBITDA": 254655000.0,
        "Total Unusual Items": -325377000.0,
        "Total Unusual Items Excluding Goodwill": -325377000.0,
        "Net Income From Continuing Operation Net Minority Interest": -237558000.0,
        "Reconciled Depreciation": NaN,
        "Reconciled Cost Of Revenue": 1680879000.0,
        "EBITDA": -70722000.0,
        "EBIT": -70722000.0,
        "Net Interest Income": -93902000.0,
        "Interest Expense": 100653000.0,
        "Interest Income": 6751000.0,
        "Normalized Income": 6474750.0,
        "Net Income From Continuing And Discontinued Operation": -237558000.0,
        "Total Expenses": 1997689000.0,
        "Total Operating Income As Reported": 248531000.0,
        "Diluted Average Shares": 268133307.0,
        "Basic Average Shares": 268133307.0,
        "Diluted EPS": -0.9,
        "Basic EPS": -0.9,
        "Diluted NI Availto Com Stockholders": -237558000.0,
        "Net Income Common Stockholders": -237558000.0,
        "Net Income": -237558000.0,
        "Minority Interests": -17335000.0,
        "Net Income Including Noncontrolling Interests": -220223000.0,
        "Net Income Continuous Operations": -220223000.0,
        "Earnings From Equity Interest Net Of Tax": 3214000.0,
        "Tax Provision": 52062000.0,
        "Pretax Income": -171375000.0,
        "Other Income Expense": -326004000.0,
        "Other Non Operating Income Expenses": -627000.0,
        "Special Income Charges": NaN,
        "Other Special Charges": NaN,
        "Write Off": NaN,
        "Impairment Of Capital Assets": NaN,
        "Gain On Sale Of Security": -325377000.0,
        "Net Non Operating Interest Income Expense": -93902000.0,
        "Interest Expense Non Operating": 100653000.0,
        "Interest Income Non Operating": 6751000.0,
        "Operating Income": 248531000.0,
        "Operating Expense": 316810000.0,
        "Other Operating Expenses": -1461000.0,
        "Provision For Doubtful Accounts": 30552000.0,
        "Research And Development": 43603000.0,
        "Selling General And Administration": 244116000.0,
        "Selling And Marketing Expense": 64346000.0,
        "General And Administrative Expense": 179770000.0,
        "Other Gand A": 179770000.0,
        "Gross Profit": 565341000.0,
        "Cost Of Revenue": 1680879000.0,
        "Total Revenue": 2246220000.0,
        "Operating Revenue": 2246220000.0
    },
    "2025-06-30": {
        "Tax Effect Of Unusual Items": 19915500.0,
        "Tax Rate For Calcs": 0.25,
        "Normalized EBITDA": 189622000.0,
        "Total Unusual Items": 79662000.0,
        "Total Unusual Items Excluding Goodwill": 79662000.0,
        "Net Income From Continuing Operation Net Minority Interest": -11981000.0,
        "Reconciled Depreciation": NaN,
        "Reconciled Cost Of Revenue": 1886470000.0,
        "EBITDA": 269284000.0,
        "EBIT": 269284000.0,
        "Net Interest Income": -140639000.0,
        "Interest Expense": 157508000.0,
        "Interest Income": 16869000.0,
        "Normalized Income": -71727500.0,
        "Net Income From Continuing And Discontinued Operation": -11981000.0,
        "Total Expenses": 2261187000.0,
        "Total Operating Income As Reported": 173018000.0,
        "Diluted Average Shares": 268414121.0,
        "Basic Average Shares": 268414121.0,
        "Diluted EPS": -0.06,
        "Basic EPS": -0.06,
        "Diluted NI Availto Com Stockholders": -11981000.0,
        "Net Income Common Stockholders": -11981000.0,
        "Net Income": -11981000.0,
        "Minority Interests": -28750000.0,
        "Net Income Including Noncontrolling Interests": 16769000.0,
        "Net Income Continuous Operations": 16769000.0,
        "Earnings From Equity Interest Net Of Tax": 41000.0,
        "Tax Provision": 95048000.0,
        "Pretax Income": 111776000.0,
        "Other Income Expense": 79397000.0,
        "Other Non Operating Income Expenses": -265000.0,
        "Special Income Charges": NaN,
        "Other Special Charges": NaN,
        "Write Off": NaN,
        "Impairment Of Capital Assets": NaN,
        "Gain On Sale Of Security": 79662000.0,
        "Net Non Operating Interest Income Expense": -140639000.0,
        "Interest Expense Non Operating": 157508000.0,
        "Interest Income Non Operating": 16869000.0,
        "Operating Income": 173018000.0,
        "Operating Expense": 374717000.0,
        "Other Operating Expenses": 1143000.0,
        "Provision For Doubtful Accounts": 23568000.0,
        "Research And Development": 67570000.0,
        "Selling General And Administration": 282436000.0,
        "Selling And Marketing Expense": 69963000.0,
        "General And Administrative Expense": 212473000.0,
        "Other Gand A": 212473000.0,
        "Gross Profit": 547735000.0,
        "Cost Of Revenue": 1886470000.0,
        "Total Revenue": 2434205000.0,
        "Operating Revenue": 2434205000.0
    },
    "2025-09-30": {
        "Tax Effect Of Unusual Items": -80260500.0,
        "Tax Rate For Calcs": 0.25,
        "Normalized EBITDA": 216298000.0,
        "Total Unusual Items": -321042000.0,
        "Total Unusual Items Excluding Goodwill": -321042000.0,
        "Net Income From Continuing Operation Net Minority Interest": -307066000.0,
        "Reconciled Depreciation": NaN,
        "Reconciled Cost Of Revenue": 2042718000.0,
        "EBITDA": -104744000.0,
        "EBIT": -104744000.0,
        "Net Interest Income": -142293000.0,
        "Interest Expense": 151017000.0,
        "Interest Income": 8724000.0,
        "Normalized Income": -66284500.0,
        "Net Income From Continuing And Discontinued Operation": -307066000.0,
        "Total Expenses": 2376003000.0,
        "Total Operating Income As Reported": 205744000.0,
        "Diluted Average Shares": 268954347.0,
        "Basic Average Shares": 268954347.0,
        "Diluted EPS": -1.14,
        "Basic EPS": -1.14,
        "Diluted NI Availto Com Stockholders": -307066000.0,
        "Net Income Common Stockholders": -307066000.0,
        "Net Income": -307066000.0,
        "Minority Interests": -31757000.0,
        "Net Income Including Noncontrolling Interests": -275309000.0,
        "Net Income Continuous Operations": -275309000.0,
        "Earnings From Equity Interest Net Of Tax": 1919000.0,
        "Tax Provision": 21467000.0,
        "Pretax Income": -255761000.0,
        "Other Income Expense": -319212000.0,
        "Other Non Operating Income Expenses": 1830000.0,
        "Special Income Charges": 0.0,
        "Other Special Charges": NaN,
        "Write Off": NaN,
        "Impairment Of Capital Assets": NaN,
        "Gain On Sale Of Security": -321042000.0,
        "Net Non Operating Interest Income Expense": -142293000.0,
        "Interest Expense Non Operating": 151017000.0,
        "Interest Income Non Operating": 8724000.0,
        "Operating Income": 205744000.0,
        "Operating Expense": 333285000.0,
        "Other Operating Expenses": -12767000.0,
        "Provision For Doubtful Accounts": 17664000.0,
        "Research And Development": 71295000.0,
        "Selling General And Administration": 257093000.0,
        "Selling And Marketing Expense": 71328000.0,
        "General And Administrative Expense": 185765000.0,
        "Other Gand A": 185765000.0,
        "Gross Profit": 539029000.0,
        "Cost Of Revenue": 2042718000.0,
        "Total Revenue": 2581747000.0,
        "Operating Revenue": 2581747000.0
    }
}