{
    "2023-03-31": {
        "Tax Effect Of Unusual Items": NaN,
        "Tax Rate For Calcs": NaN,
        "Normalized EBITDA": NaN,
        "Total Unusual Items": NaN,
        "Total Unusual Items Excluding Goodwill": NaN,
        "Net Income From Continuing Operation Net Minority Interest": NaN,
        "Reconciled Depreciation": NaN,
        "Reconciled Cost Of Revenue": NaN,
        "EBITDA": NaN,
        "EBIT": NaN,
        "Net Interest Income": NaN,
        "Interest Expense": NaN,
        "Normalized Income": NaN,
        "Net Income From Continuing And Discontinued Operation": NaN,
        "Total Expenses": NaN,
        "Total Operating Income As Reported": NaN,
        "Diluted Average Shares": NaN,
        "Basic Average Shares": NaN,
        "Diluted EPS": NaN,
        "Basic EPS": NaN,
        "Diluted NI Availto Com Stockholders": NaN,
        "Net Income Common Stockholders": NaN,
        "Net Income": NaN,
        "Net Income Including Noncontrolling Interests": NaN,
        "Net Income Continuous Operations": NaN,
        "Tax Provision": NaN,
        "Pretax Income": NaN,
        "Other Income Expense": NaN,
        "Other Non Operating Income Expenses": NaN,
        "Special Income Charges": NaN,
        "Gain On Sale Of Business": NaN,
        "Earnings From Equity Interest": 0.0,
        "Net Non Operating Interest Income Expense": NaN,
        "Interest Expense Non Operating": NaN,
        "Operating Income": NaN,
        "Operating Expense": NaN,
        "Depreciation Amortization Depletion Income Statement": NaN,
        "Depreciation And Amortization In Income Statement": NaN,
        "Amortization": NaN,
        "Amortization Of Intangibles Income Statement": NaN,
        "Research And Development": NaN,
        "Selling General And Administration": NaN,
        "Gross Profit": NaN,
        "Cost Of Revenue": NaN,
        "Total Revenue": NaN,
        "Operating Revenue": NaN
    },
    "2022-12-31": {
        "Tax Effect Of Unusual Items": NaN,
        "Tax Rate For Calcs": NaN,
        "Normalized EBITDA": NaN,
        "Total Unusual Items": NaN,
        "Total Unusual Items Excluding Goodwill": NaN,
        "Net Income From Continuing Operation Net Minority Interest": NaN,
        "Reconciled Depreciation": NaN,
        "Reconciled Cost Of Revenue": NaN,
        "EBITDA": NaN,
        "EBIT": NaN,
        "Net Interest Income": NaN,
        "Interest Expense": NaN,
        "Normalized Income": NaN,
        "Net Income From Continuing And Discontinued Operation": NaN,
        "Total Expenses": NaN,
        "Total Operating Income As Reported": NaN,
        "Diluted Average Shares": NaN,
        "Basic Average Shares": NaN,
        "Diluted EPS": NaN,
        "Basic EPS": NaN,
        "Diluted NI Availto Com Stockholders": NaN,
        "Net Income Common Stockholders": NaN,
        "Net Income": NaN,
        "Net Income Including Noncontrolling Interests": NaN,
        "Net Income Continuous Operations": NaN,
        "Tax Provision": NaN,
        "Pretax Income": NaN,
        "Other Income Expense": NaN,
        "Other Non Operating Income Expenses": NaN,
        "Special Income Charges": NaN,
        "Gain On Sale Of Business": NaN,
        "Earnings From Equity Interest": 0.0,
        "Gain On Sale Of Security": -25900000.0,
        "Net Non Operating Interest Income Expense": NaN,
        "Interest Expense Non Operating": NaN,
        "Operating Income": NaN,
        "Operating Expense": NaN,
        "Depreciation Amortization Depletion Income Statement": NaN,
        "Depreciation And Amortization In Income Statement": NaN,
        "Amortization": NaN,
        "Amortization Of Intangibles Income Statement": NaN,
        "Research And Development": NaN,
        "Selling General And Administration": NaN,
        "Gross Profit": NaN,
        "Cost Of Revenue": NaN,
        "Total Revenue": NaN,
        "Operating Revenue": NaN
    },
    "2022-09-30": {
        "Tax Effect Of Unusual Items": NaN,
        "Tax Rate For Calcs": NaN,
        "Normalized EBITDA": NaN,
        "Total Unusual Items": NaN,
        "Total Unusual Items Excluding Goodwill": NaN,
        "Net Income From Continuing Operation Net Minority Interest": NaN,
        "Reconciled Depreciation": NaN,
        "Reconciled Cost Of Revenue": NaN,
        "EBITDA": NaN,
        "EBIT": NaN,
        "Net Interest Income": NaN,
        "Interest Expense": NaN,
        "Normalized Income": NaN,
        "Net Income From Continuing And Discontinued Operation": NaN,
        "Total Expenses": NaN,
        "Total Operating Income As Reported": NaN,
        "Diluted Average Shares": NaN,
        "Basic Average Shares": NaN,
        "Diluted EPS": NaN,
        "Basic EPS": NaN,
        "Diluted NI Availto Com Stockholders": NaN,
        "Net Income Common Stockholders": NaN,
        "Net Income": NaN,
        "Net Income Including Noncontrolling Interests": NaN,
        "Net Income Continuous Operations": NaN,
        "Tax Provision": NaN,
        "Pretax Income": NaN,
        "Other Income Expense": NaN,
        "Other Non Operating Income Expenses": NaN,
        "Special Income Charges": NaN,
        "Gain On Sale Of Business": NaN,
        "Write Off": 0.0,
        "Earnings From Equity Interest": NaN,
        "Gain On Sale Of Security": -65800000.0,
        "Net Non Operating Interest Income Expense": NaN,
        "Interest Expense Non Operating": NaN,
        "Operating Income": NaN,
        "Operating Expense": NaN,
        "Depreciation Amortization Depletion Income Statement": NaN,
        "Depreciation And Amortization In Income Statement": NaN,
        "Amortization": NaN,
        "Amortization Of Intangibles Income Statement": NaN,
        "Research And Development": NaN,
        "Selling General And Administration": NaN,
        "Gross Profit": NaN,
        "Cost Of Revenue": NaN,
        "Total Revenue": NaN,
        "Operating Revenue": NaN
    },
    "2022-06-30": {
        "Tax Effect Of Unusual Items": -15339805.825243,
        "Tax Rate For Calcs": 0.191748,
        "Normalized EBITDA": 165500000.0,
        "Total Unusual Items": -80000000.0,
        "Total Unusual Items Excluding Goodwill": -80000000.0,
        "Net Income From Continuing Operation Net Minority Interest": 33300000.0,
        "Reconciled Depreciation": 29000000.0,
        "Reconciled Cost Of Revenue": 428300000.0,
        "EBITDA": 85500000.0,
        "EBIT": 56500000.0,
        "Net Interest Income": -15300000.0,
        "Interest Expense": 15300000.0,
        "Normalized Income": 97960194.174757,
        "Net Income From Continuing And Discontinued Operation": 33300000.0,
        "Total Expenses": 639900000.0,
        "Total Operating Income As Reported": 136500000.0,
        "Diluted Average Shares": 161200000.0,
        "Basic Average Shares": 160500000.0,
        "Diluted EPS": 0.21,
        "Basic EPS": 0.21,
        "Diluted NI Availto Com Stockholders": 33300000.0,
        "Net Income Common Stockholders": 33300000.0,
        "Net Income": 33300000.0,
        "Net Income Including Noncontrolling Interests": 33300000.0,
        "Net Income Continuous Operations": 33300000.0,
        "Tax Provision": 7900000.0,
        "Pretax Income": 41200000.0,
        "Other Income Expense": -80000000.0,
        "Other Non Operating Income Expenses": NaN,
        "Special Income Charges": 0.0,
        "Gain On Sale Of Business": NaN,
        "Write Off": 0.0,
        "Earnings From Equity Interest": 0.0,
        "Gain On Sale Of Security": -80000000.0,
        "Net Non Operating Interest Income Expense": -15300000.0,
        "Interest Expense Non Operating": 15300000.0,
        "Operating Income": 136500000.0,
        "Operating Expense": 211600000.0,
        "Research And Development": 34900000.0,
        "Selling General And Administration": 176700000.0,
        "Gross Profit": 348100000.0,
        "Cost Of Revenue": 428300000.0,
        "Total Revenue": 776400000.0,
        "Operating Revenue": 776400000.0
    },
    "2023-06-30": {
        "Tax Effect Of Unusual Items": NaN,
        "Tax Rate For Calcs": NaN,
        "Normalized EBITDA": NaN,
        "Total Unusual Items": NaN,
        "Total Unusual Items Excluding Goodwill": NaN,
        "Net Income From Continuing Operation Net Minority Interest": NaN,
        "Reconciled Depreciation": NaN,
        "Reconciled Cost Of Revenue": NaN,
        "EBITDA": NaN,
        "EBIT": NaN,
        "Net Interest Income": NaN,
        "Interest Expense": NaN,
        "Normalized Income": NaN,
        "Net Income From Continuing And Discontinued Operation": NaN,
        "Total Expenses": NaN,
        "Total Operating Income As Reported": NaN,
        "Diluted Average Shares": NaN,
        "Basic Average Shares": NaN,
        "Diluted EPS": NaN,
        "Basic EPS": NaN,
        "Diluted NI Availto Com Stockholders": NaN,
        "Net Income Common Stockholders": NaN,
        "Net Income": NaN,
        "Net Income Including Noncontrolling Interests": NaN,
        "Net Income Continuous Operations": NaN,
        "Tax Provision": NaN,
        "Pretax Income": NaN,
        "Other Income Expense": NaN,
        "Other Non Operating Income Expenses": NaN,
        "Special Income Charges": NaN,
        "Gain On Sale Of Business": NaN,
        "Earnings From Equity Interest": 0.0,
        "Net Non Operating Interest Income Expense": NaN,
        "Interest Expense Non Operating": NaN,
        "Operating Income": NaN,
        "Operating Expense": NaN,
        "Depreciation Amortization Depletion Income Statement": NaN,
        "Depreciation And Amortization In Income Statement": NaN,
        "Amortization": NaN,
        "Amortization Of Intangibles Income Statement": NaN,
        "Research And Development": NaN,
        "Selling General And Administration": NaN,
        "Gross Profit": NaN,
        "Cost Of Revenue": NaN,
        "Total Revenue": NaN,
        "Operating Revenue": NaN
    },
    "2022-03-31": {
        "Diluted EPS": 1.5,
        "Total Revenue": 748,
        "Gross Profit": 335,
        "Operating Income": 135,
        "EBIT": 165,
        "Net Income": 250
    },
    "2021-12-31": {
        "Diluted EPS": 0.66,
        "Total Revenue": 790,
        "Gross Profit": 356,
        "Operating Income": 161,
        "EBIT": 196,
        "Net Income": 112
    },
    "2021-09-30": {
        "Diluted EPS": 0.75,
        "Total Revenue": 769,
        "Gross Profit": 346,
        "Operating Income": 167,
        "EBIT": 190,
        "Net Income": 127
    },
    "2021-06-30": {
        "Diluted EPS": 0.48,
        "Total Revenue": 725,
        "Gross Profit": 319,
        "Operating Income": 121,
        "EBIT": 141,
        "Net Income": 82
    },
    "2021-03-31": {
        "Diluted EPS": 0.54,
        "Total Revenue": 707,
        "Gross Profit": 312,
        "Operating Income": 133,
        "EBIT": 154,
        "Net Income": 91
    },
    "2020-12-31": {
        "Diluted EPS": 0.79,
        "Total Revenue": 815,
        "Gross Profit": 363,
        "Operating Income": 178,
        "EBIT": 197,
        "Net Income": 137
    },
    "2020-09-30": {
        "Diluted EPS": 0.84,
        "Total Revenue": 747,
        "Gross Profit": 331,
        "Operating Income": 179,
        "EBIT": 199,
        "Net Income": 141
    },
    "2020-06-30": {
        "Diluted EPS": 0.41,
        "Total Revenue": 534,
        "Gross Profit": 231,
        "Operating Income": 90,
        "EBIT": 110,
        "Net Income": 68
    },
    "2020-03-31": {
        "Diluted EPS": -0.02,
        "Total Revenue": 609,
        "Gross Profit": 263,
        "Operating Income": 22,
        "EBIT": 126,
        "Net Income": -4
    },
    "2019-12-31": {
        "Diluted EPS": 0.0,
        "Total Revenue": NaN,
        "Gross Profit": NaN,
        "Operating Income": NaN,
        "EBIT": NaN,
        "Net Income": NaN
    },
    "2019-09-30": {
        "Diluted EPS": 0.72,
        "Total Revenue": 714,
        "Gross Profit": 308,
        "Operating Income": 155,
        "EBIT": 155,
        "Net Income": 121
    },
    "2018-12-31": {
        "Diluted EPS": 0.0,
        "Total Revenue": NaN,
        "Gross Profit": NaN,
        "Operating Income": NaN,
        "EBIT": NaN,
        "Net Income": NaN
    },
    "2023-09-30": {
        "Tax Effect Of Unusual Items": NaN,
        "Tax Rate For Calcs": NaN,
        "Normalized EBITDA": NaN,
        "Total Unusual Items": NaN,
        "Total Unusual Items Excluding Goodwill": NaN,
        "Net Income From Continuing Operation Net Minority Interest": NaN,
        "Reconciled Depreciation": NaN,
        "Reconciled Cost Of Revenue": NaN,
        "EBITDA": NaN,
        "EBIT": NaN,
        "Net Interest Income": NaN,
        "Interest Expense": NaN,
        "Normalized Income": NaN,
        "Net Income From Continuing And Discontinued Operation": NaN,
        "Total Expenses": NaN,
        "Total Operating Income As Reported": NaN,
        "Diluted Average Shares": NaN,
        "Basic Average Shares": NaN,
        "Diluted EPS": NaN,
        "Basic EPS": NaN,
        "Diluted NI Availto Com Stockholders": NaN,
        "Net Income Common Stockholders": NaN,
        "Net Income": NaN,
        "Net Income Including Noncontrolling Interests": NaN,
        "Net Income Continuous Operations": NaN,
        "Tax Provision": NaN,
        "Pretax Income": NaN,
        "Other Income Expense": NaN,
        "Other Non Operating Income Expenses": NaN,
        "Special Income Charges": NaN,
        "Gain On Sale Of Business": NaN,
        "Earnings From Equity Interest": 0.0,
        "Net Non Operating Interest Income Expense": NaN,
        "Interest Expense Non Operating": NaN,
        "Operating Income": NaN,
        "Operating Expense": NaN,
        "Depreciation Amortization Depletion Income Statement": NaN,
        "Depreciation And Amortization In Income Statement": NaN,
        "Amortization": NaN,
        "Amortization Of Intangibles Income Statement": NaN,
        "Research And Development": NaN,
        "Selling General And Administration": NaN,
        "Gross Profit": NaN,
        "Cost Of Revenue": NaN,
        "Total Revenue": NaN,
        "Operating Revenue": NaN
    },
    "2023-12-31": {
        "Tax Effect Of Unusual Items": NaN,
        "Tax Rate For Calcs": NaN,
        "Normalized EBITDA": NaN,
        "Total Unusual Items": NaN,
        "Total Unusual Items Excluding Goodwill": NaN,
        "Net Income From Continuing Operation Net Minority Interest": NaN,
        "Reconciled Depreciation": NaN,
        "Reconciled Cost Of Revenue": NaN,
        "EBITDA": NaN,
        "EBIT": NaN,
        "Net Interest Income": NaN,
        "Interest Expense": NaN,
        "Normalized Income": NaN,
        "Net Income From Continuing And Discontinued Operation": NaN,
        "Total Expenses": NaN,
        "Total Operating Income As Reported": NaN,
        "Diluted Average Shares": NaN,
        "Basic Average Shares": NaN,
        "Diluted EPS": NaN,
        "Basic EPS": NaN,
        "Diluted NI Availto Com Stockholders": NaN,
        "Net Income Common Stockholders": NaN,
        "Net Income": NaN,
        "Net Income Including Noncontrolling Interests": NaN,
        "Net Income Continuous Operations": NaN,
        "Tax Provision": NaN,
        "Pretax Income": NaN,
        "Other Income Expense": NaN,
        "Other Non Operating Income Expenses": NaN,
        "Special Income Charges": NaN,
        "Gain On Sale Of Business": NaN,
        "Earnings From Equity Interest": 0.0,
        "Net Non Operating Interest Income Expense": NaN,
        "Interest Expense Non Operating": NaN,
        "Operating Income": NaN,
        "Operating Expense": NaN,
        "Depreciation Amortization Depletion Income Statement": NaN,
        "Depreciation And Amortization In Income Statement": NaN,
        "Amortization": NaN,
        "Amortization Of Intangibles Income Statement": NaN,
        "Research And Development": NaN,
        "Selling General And Administration": NaN,
        "Gross Profit": NaN,
        "Cost Of Revenue": NaN,
        "Total Revenue": NaN,
        "Operating Revenue": NaN
    },
    "2024-03-31": {
        "Tax Effect Of Unusual Items": NaN,
        "Tax Rate For Calcs": NaN,
        "Normalized EBITDA": NaN,
        "Total Unusual Items": NaN,
        "Total Unusual Items Excluding Goodwill": NaN,
        "Net Income From Continuing Operation Net Minority Interest": NaN,
        "Reconciled Depreciation": NaN,
        "Reconciled Cost Of Revenue": NaN,
        "EBITDA": NaN,
        "EBIT": NaN,
        "Net Interest Income": NaN,
        "Interest Expense": NaN,
        "Normalized Income": NaN,
        "Net Income From Continuing And Discontinued Operation": NaN,
        "Total Expenses": NaN,
        "Total Operating Income As Reported": NaN,
        "Diluted Average Shares": 155400000.0,
        "Basic Average Shares": 154500000.0,
        "Diluted EPS": 0.88,
        "Basic EPS": 0.89,
        "Diluted NI Availto Com Stockholders": NaN,
        "Net Income Common Stockholders": NaN,
        "Net Income": NaN,
        "Net Income Including Noncontrolling Interests": NaN,
        "Net Income Continuous Operations": NaN,
        "Tax Provision": NaN,
        "Pretax Income": NaN,
        "Other Income Expense": NaN,
        "Other Non Operating Income Expenses": NaN,
        "Special Income Charges": NaN,
        "Gain On Sale Of Business": NaN,
        "Earnings From Equity Interest": NaN,
        "Net Non Operating Interest Income Expense": NaN,
        "Interest Expense Non Operating": NaN,
        "Operating Income": NaN,
        "Operating Expense": NaN,
        "Depreciation Amortization Depletion Income Statement": NaN,
        "Depreciation And Amortization In Income Statement": NaN,
        "Amortization": NaN,
        "Amortization Of Intangibles Income Statement": NaN,
        "Research And Development": NaN,
        "Selling General And Administration": NaN,
        "Gross Profit": NaN,
        "Cost Of Revenue": NaN,
        "Total Revenue": NaN,
        "Operating Revenue": NaN
    },
    "2024-06-30": {
        "Tax Effect Of Unusual Items": -618800.0,
        "Tax Rate For Calcs": 0.238,
        "Normalized EBITDA": 144100000.0,
        "Total Unusual Items": -2600000.0,
        "Total Unusual Items Excluding Goodwill": -2600000.0,
        "Net Income From Continuing Operation Net Minority Interest": 70100000.0,
        "Reconciled Depreciation": 31100000.0,
        "Reconciled Cost Of Revenue": 349800000.0,
        "EBITDA": 141500000.0,
        "EBIT": 110400000.0,
        "Net Interest Income": -18400000.0,
        "Interest Expense": 18400000.0,
        "Normalized Income": 72081200.0,
        "Net Income From Continuing And Discontinued Operation": 70100000.0,
        "Total Expenses": 582300000.0,
        "Total Operating Income As Reported": 114100000.0,
        "Diluted Average Shares": 155500000.0,
        "Basic Average Shares": 154400000.0,
        "Diluted EPS": 0.45,
        "Basic EPS": 0.45,
        "Diluted NI Availto Com Stockholders": 70100000.0,
        "Net Income Common Stockholders": 70100000.0,
        "Net Income": 70100000.0,
        "Net Income Including Noncontrolling Interests": 70100000.0,
        "Net Income Continuous Operations": 70100000.0,
        "Tax Provision": 21900000.0,
        "Pretax Income": 92000000.0,
        "Other Income Expense": -3700000.0,
        "Other Non Operating Income Expenses": -1100000.0,
        "Special Income Charges": -2600000.0,
        "Gain On Sale Of Business": -2600000.0,
        "Earnings From Equity Interest": NaN,
        "Net Non Operating Interest Income Expense": -18400000.0,
        "Interest Expense Non Operating": 18400000.0,
        "Operating Income": 114100000.0,
        "Operating Expense": 221400000.0,
        "Depreciation Amortization Depletion Income Statement": 20000000.0,
        "Depreciation And Amortization In Income Statement": 20000000.0,
        "Amortization": 20000000.0,
        "Amortization Of Intangibles Income Statement": 20000000.0,
        "Research And Development": 45100000.0,
        "Selling General And Administration": 156300000.0,
        "Gross Profit": 335500000.0,
        "Cost Of Revenue": 360900000.0,
        "Total Revenue": 696400000.0,
        "Operating Revenue": 696400000.0
    },
    "2024-09-30": {
        "Tax Effect Of Unusual Items": 0.0,
        "Tax Rate For Calcs": 0.183,
        "Normalized EBITDA": 163200000.0,
        "Total Unusual Items": 0.0,
        "Total Unusual Items Excluding Goodwill": 0.0,
        "Net Income From Continuing Operation Net Minority Interest": 91800000.0,
        "Reconciled Depreciation": 32000000.0,
        "Reconciled Cost Of Revenue": 383800000.0,
        "EBITDA": 163200000.0,
        "EBIT": 131200000.0,
        "Net Interest Income": -18900000.0,
        "Interest Expense": 18900000.0,
        "Normalized Income": 91800000.0,
        "Net Income From Continuing And Discontinued Operation": 91800000.0,
        "Total Expenses": 618500000.0,
        "Total Operating Income As Reported": 131500000.0,
        "Diluted Average Shares": 153200000.0,
        "Basic Average Shares": 152400000.0,
        "Diluted EPS": 0.6,
        "Basic EPS": 0.6,
        "Diluted NI Availto Com Stockholders": 91800000.0,
        "Net Income Common Stockholders": 91800000.0,
        "Net Income": 91800000.0,
        "Net Income Including Noncontrolling Interests": 91800000.0,
        "Net Income Continuous Operations": 91800000.0,
        "Tax Provision": 20500000.0,
        "Pretax Income": 112300000.0,
        "Other Income Expense": -300000.0,
        "Other Non Operating Income Expenses": -300000.0,
        "Special Income Charges": 0.0,
        "Gain On Sale Of Business": 0.0,
        "Earnings From Equity Interest": NaN,
        "Net Non Operating Interest Income Expense": -18900000.0,
        "Interest Expense Non Operating": 18900000.0,
        "Operating Income": 131500000.0,
        "Operating Expense": 222700000.0,
        "Depreciation Amortization Depletion Income Statement": 20000000.0,
        "Depreciation And Amortization In Income Statement": 20000000.0,
        "Amortization": 20000000.0,
        "Amortization Of Intangibles Income Statement": 20000000.0,
        "Research And Development": 45700000.0,
        "Selling General And Administration": 157000000.0,
        "Gross Profit": 354200000.0,
        "Cost Of Revenue": 395800000.0,
        "Total Revenue": 750000000.0,
        "Operating Revenue": 750000000.0
    },
    "2024-12-31": {
        "Tax Effect Of Unusual Items": 0.0,
        "Tax Rate For Calcs": 0.05364,
        "Normalized EBITDA": 181600000.0,
        "Total Unusual Items": 0.0,
        "Total Unusual Items Excluding Goodwill": 0.0,
        "Net Income From Continuing Operation Net Minority Interest": 123500000.0,
        "Reconciled Depreciation": 32600000.0,
        "Reconciled Cost Of Revenue": 401500000.0,
        "EBITDA": 181600000.0,
        "EBIT": 149000000.0,
        "Net Interest Income": -18500000.0,
        "Interest Expense": 18500000.0,
        "Normalized Income": 123500000.0,
        "Net Income From Continuing And Discontinued Operation": 123500000.0,
        "Total Expenses": 627500000.0,
        "Total Operating Income As Reported": 149300000.0,
        "Diluted Average Shares": 151100000.0,
        "Basic Average Shares": 150100000.0,
        "Diluted EPS": 0.82,
        "Basic EPS": 0.82,
        "Diluted NI Availto Com Stockholders": 123500000.0,
        "Net Income Common Stockholders": 123500000.0,
        "Net Income": 123500000.0,
        "Net Income Including Noncontrolling Interests": 123500000.0,
        "Net Income Continuous Operations": 123500000.0,
        "Tax Provision": 7000000.0,
        "Pretax Income": 130500000.0,
        "Other Income Expense": -300000.0,
        "Other Non Operating Income Expenses": -300000.0,
        "Special Income Charges": 0.0,
        "Gain On Sale Of Business": 0.0,
        "Earnings From Equity Interest": NaN,
        "Net Non Operating Interest Income Expense": -18500000.0,
        "Interest Expense Non Operating": 18500000.0,
        "Operating Income": 149300000.0,
        "Operating Expense": 213100000.0,
        "Depreciation Amortization Depletion Income Statement": 19700000.0,
        "Depreciation And Amortization In Income Statement": 19700000.0,
        "Amortization": 19700000.0,
        "Amortization Of Intangibles Income Statement": 19700000.0,
        "Research And Development": 42400000.0,
        "Selling General And Administration": 151000000.0,
        "Gross Profit": 362400000.0,
        "Cost Of Revenue": 414400000.0,
        "Total Revenue": 776800000.0,
        "Operating Revenue": 776800000.0
    },
    "2025-03-31": {
        "Tax Effect Of Unusual Items": 0.0,
        "Tax Rate For Calcs": 0.209,
        "Normalized EBITDA": 158700000.0,
        "Total Unusual Items": 0.0,
        "Total Unusual Items Excluding Goodwill": 0.0,
        "Net Income From Continuing Operation Net Minority Interest": 87900000.0,
        "Reconciled Depreciation": 32500000.0,
        "Reconciled Cost Of Revenue": 378000000.0,
        "EBITDA": 158700000.0,
        "EBIT": 126200000.0,
        "Net Interest Income": -15100000.0,
        "Interest Expense": 15100000.0,
        "Normalized Income": 87900000.0,
        "Net Income From Continuing And Discontinued Operation": 87900000.0,
        "Total Expenses": 611000000.0,
        "Total Operating Income As Reported": 130100000.0,
        "Diluted Average Shares": 149500000.0,
        "Basic Average Shares": 149000000.0,
        "Diluted EPS": 0.59,
        "Basic EPS": 0.59,
        "Diluted NI Availto Com Stockholders": 87900000.0,
        "Net Income Common Stockholders": 87900000.0,
        "Net Income": 87900000.0,
        "Net Income Including Noncontrolling Interests": 87900000.0,
        "Net Income Continuous Operations": 87900000.0,
        "Tax Provision": 23200000.0,
        "Pretax Income": 111100000.0,
        "Other Income Expense": -3900000.0,
        "Other Non Operating Income Expenses": -3900000.0,
        "Special Income Charges": 0.0,
        "Gain On Sale Of Business": 0.0,
        "Earnings From Equity Interest": NaN,
        "Net Non Operating Interest Income Expense": -15100000.0,
        "Interest Expense Non Operating": 15100000.0,
        "Operating Income": 130100000.0,
        "Operating Expense": 220100000.0,
        "Depreciation Amortization Depletion Income Statement": 19600000.0,
        "Depreciation And Amortization In Income Statement": 19600000.0,
        "Amortization": 19600000.0,
        "Amortization Of Intangibles Income Statement": 19600000.0,
        "Research And Development": 40200000.0,
        "Selling General And Administration": 160300000.0,
        "Gross Profit": 350200000.0,
        "Cost Of Revenue": 390900000.0,
        "Total Revenue": 741100000.0,
        "Operating Revenue": 741100000.0
    },
    "2025-06-30": {
        "Tax Effect Of Unusual Items": 0.0,
        "Tax Rate For Calcs": 0.239,
        "Normalized EBITDA": 168300000.0,
        "Total Unusual Items": 0.0,
        "Total Unusual Items Excluding Goodwill": 0.0,
        "Net Income From Continuing Operation Net Minority Interest": 91900000.0,
        "Reconciled Depreciation": 32000000.0,
        "Reconciled Cost Of Revenue": 390300000.0,
        "EBITDA": 168300000.0,
        "EBIT": 136300000.0,
        "Net Interest Income": -15600000.0,
        "Interest Expense": 15600000.0,
        "Normalized Income": 91900000.0,
        "Net Income From Continuing And Discontinued Operation": 91900000.0,
        "Total Expenses": 637100000.0,
        "Total Operating Income As Reported": 136400000.0,
        "Diluted Average Shares": 148200000.0,
        "Basic Average Shares": 147700000.0,
        "Diluted EPS": 0.62,
        "Basic EPS": 0.62,
        "Diluted NI Availto Com Stockholders": 91900000.0,
        "Net Income Common Stockholders": 91900000.0,
        "Net Income": 91900000.0,
        "Net Income Including Noncontrolling Interests": 91900000.0,
        "Net Income Continuous Operations": 91900000.0,
        "Tax Provision": 28800000.0,
        "Pretax Income": 120700000.0,
        "Other Income Expense": -100000.0,
        "Other Non Operating Income Expenses": -100000.0,
        "Special Income Charges": 0.0,
        "Gain On Sale Of Business": 0.0,
        "Earnings From Equity Interest": NaN,
        "Net Non Operating Interest Income Expense": -15600000.0,
        "Interest Expense Non Operating": 15600000.0,
        "Operating Income": 136400000.0,
        "Operating Expense": 234000000.0,
        "Depreciation Amortization Depletion Income Statement": 19200000.0,
        "Depreciation And Amortization In Income Statement": 19200000.0,
        "Amortization": 19200000.0,
        "Amortization Of Intangibles Income Statement": 19200000.0,
        "Research And Development": 47500000.0,
        "Selling General And Administration": 167300000.0,
        "Gross Profit": 370400000.0,
        "Cost Of Revenue": 403100000.0,
        "Total Revenue": 773500000.0,
        "Operating Revenue": 773500000.0
    }
}