{
    "2023-03-31": {
        "Tax Effect Of Unusual Items": NaN,
        "Tax Rate For Calcs": NaN,
        "Normalized EBITDA": NaN,
        "Net Income From Continuing Operation Net Minority Interest": NaN,
        "Reconciled Depreciation": NaN,
        "EBITDA": NaN,
        "EBIT": NaN,
        "Net Interest Income": NaN,
        "Interest Income": NaN,
        "Normalized Income": NaN,
        "Net Income From Continuing And Discontinued Operation": NaN,
        "Total Expenses": NaN,
        "Total Operating Income As Reported": NaN,
        "Diluted Average Shares": 66265703.0,
        "Basic Average Shares": 66265703.0,
        "Diluted EPS": -0.43,
        "Basic EPS": -0.43,
        "Diluted NI Availto Com Stockholders": NaN,
        "Net Income Common Stockholders": NaN,
        "Net Income": NaN,
        "Net Income Including Noncontrolling Interests": NaN,
        "Net Income Continuous Operations": NaN,
        "Pretax Income": NaN,
        "Net Non Operating Interest Income Expense": NaN,
        "Interest Income Non Operating": NaN,
        "Operating Income": NaN,
        "Operating Expense": NaN,
        "Research And Development": NaN,
        "Selling General And Administration": NaN,
        "General And Administrative Expense": NaN,
        "Other Gand A": NaN,
        "Total Revenue": NaN,
        "Operating Revenue": NaN
    },
    "2022-12-31": {
        "Tax Effect Of Unusual Items": 0.0,
        "Tax Rate For Calcs": 0.0,
        "Normalized EBITDA": -24093000.0,
        "Net Income From Continuing Operation Net Minority Interest": -23910000.0,
        "Reconciled Depreciation": 632000.0,
        "EBITDA": -24093000.0,
        "EBIT": -24725000.0,
        "Net Interest Income": 815000.0,
        "Interest Income": 815000.0,
        "Normalized Income": -23910000.0,
        "Net Income From Continuing And Discontinued Operation": -23910000.0,
        "Total Expenses": 24725000.0,
        "Total Operating Income As Reported": -24725000.0,
        "Diluted Average Shares": NaN,
        "Basic Average Shares": NaN,
        "Diluted EPS": NaN,
        "Basic EPS": NaN,
        "Diluted NI Availto Com Stockholders": -23910000.0,
        "Net Income Common Stockholders": -23910000.0,
        "Net Income": -23910000.0,
        "Net Income Including Noncontrolling Interests": -23910000.0,
        "Net Income Continuous Operations": -23910000.0,
        "Pretax Income": -23910000.0,
        "Net Non Operating Interest Income Expense": 815000.0,
        "Interest Income Non Operating": 815000.0,
        "Operating Income": -24725000.0,
        "Operating Expense": 24725000.0,
        "Research And Development": 17062000.0,
        "Selling General And Administration": 7663000.0,
        "General And Administrative Expense": 7663000.0,
        "Other Gand A": 7663000.0,
        "Total Revenue": 0.0,
        "Operating Revenue": 0.0
    },
    "2022-09-30": {
        "Tax Effect Of Unusual Items": NaN,
        "Tax Rate For Calcs": NaN,
        "Normalized EBITDA": NaN,
        "Net Income From Continuing Operation Net Minority Interest": NaN,
        "Reconciled Depreciation": NaN,
        "EBITDA": NaN,
        "EBIT": NaN,
        "Net Interest Income": NaN,
        "Interest Income": NaN,
        "Normalized Income": NaN,
        "Net Income From Continuing And Discontinued Operation": NaN,
        "Total Expenses": NaN,
        "Total Operating Income As Reported": NaN,
        "Diluted Average Shares": 38009022.0,
        "Basic Average Shares": 38009022.0,
        "Diluted EPS": -0.63,
        "Basic EPS": -0.63,
        "Diluted NI Availto Com Stockholders": NaN,
        "Net Income Common Stockholders": NaN,
        "Net Income": NaN,
        "Net Income Including Noncontrolling Interests": NaN,
        "Net Income Continuous Operations": NaN,
        "Pretax Income": NaN,
        "Net Non Operating Interest Income Expense": NaN,
        "Interest Income Non Operating": NaN,
        "Operating Income": NaN,
        "Operating Expense": NaN,
        "Research And Development": NaN,
        "Selling General And Administration": NaN,
        "General And Administrative Expense": NaN,
        "Other Gand A": NaN,
        "Total Revenue": NaN,
        "Operating Revenue": NaN
    },
    "2022-06-30": {
        "Tax Effect Of Unusual Items": 0.0,
        "Tax Rate For Calcs": 0.0,
        "Normalized EBITDA": -21217000.0,
        "Net Income From Continuing Operation Net Minority Interest": -21659000.0,
        "Reconciled Depreciation": 575000.0,
        "EBITDA": -21217000.0,
        "EBIT": -21792000.0,
        "Net Interest Income": 133000.0,
        "Interest Income": 133000.0,
        "Normalized Income": -21659000.0,
        "Net Income From Continuing And Discontinued Operation": -21659000.0,
        "Total Expenses": 21792000.0,
        "Total Operating Income As Reported": -21792000.0,
        "Diluted Average Shares": 37437063.0,
        "Basic Average Shares": 37437063.0,
        "Diluted EPS": -0.58,
        "Basic EPS": -0.58,
        "Diluted NI Availto Com Stockholders": -21659000.0,
        "Net Income Common Stockholders": -21659000.0,
        "Net Income": -21659000.0,
        "Net Income Including Noncontrolling Interests": -21659000.0,
        "Net Income Continuous Operations": -21659000.0,
        "Pretax Income": -21659000.0,
        "Net Non Operating Interest Income Expense": 133000.0,
        "Interest Income Non Operating": 133000.0,
        "Operating Income": -21792000.0,
        "Operating Expense": 21792000.0,
        "Research And Development": 15333000.0,
        "Selling General And Administration": 6459000.0,
        "General And Administrative Expense": 6459000.0,
        "Other Gand A": 6459000.0,
        "Total Revenue": 0.0,
        "Operating Revenue": 0.0
    },
    "2022-03-31": {
        "Diluted EPS": -0.61,
        "Total Revenue": NaN,
        "Gross Profit": NaN,
        "Operating Income": NaN,
        "EBIT": NaN,
        "Net Income": NaN
    },
    "2021-12-31": {
        "Diluted EPS": -0.49,
        "Total Revenue": NaN,
        "Gross Profit": NaN,
        "Operating Income": NaN,
        "EBIT": NaN,
        "Net Income": NaN
    },
    "2021-09-30": {
        "Diluted EPS": -0.5,
        "Total Revenue": NaN,
        "Gross Profit": NaN,
        "Operating Income": NaN,
        "EBIT": NaN,
        "Net Income": NaN
    },
    "2021-06-30": {
        "Diluted EPS": -0.5,
        "Total Revenue": NaN,
        "Gross Profit": NaN,
        "Operating Income": NaN,
        "EBIT": NaN,
        "Net Income": NaN
    },
    "2021-03-31": {
        "Diluted EPS": -0.67,
        "Total Revenue": NaN,
        "Gross Profit": NaN,
        "Operating Income": NaN,
        "EBIT": NaN,
        "Net Income": NaN
    },
    "2023-06-30": {
        "Tax Effect Of Unusual Items": NaN,
        "Tax Rate For Calcs": NaN,
        "Normalized EBITDA": NaN,
        "Net Income From Continuing Operation Net Minority Interest": NaN,
        "Reconciled Depreciation": NaN,
        "EBITDA": NaN,
        "EBIT": NaN,
        "Net Interest Income": NaN,
        "Interest Income": NaN,
        "Normalized Income": NaN,
        "Net Income From Continuing And Discontinued Operation": NaN,
        "Total Expenses": NaN,
        "Total Operating Income As Reported": NaN,
        "Diluted Average Shares": 67033150.0,
        "Basic Average Shares": 67033150.0,
        "Diluted EPS": -0.45,
        "Basic EPS": -0.45,
        "Diluted NI Availto Com Stockholders": NaN,
        "Net Income Common Stockholders": NaN,
        "Net Income": NaN,
        "Net Income Including Noncontrolling Interests": NaN,
        "Net Income Continuous Operations": NaN,
        "Pretax Income": NaN,
        "Net Non Operating Interest Income Expense": NaN,
        "Interest Income Non Operating": NaN,
        "Operating Income": NaN,
        "Operating Expense": NaN,
        "Research And Development": NaN,
        "Selling General And Administration": NaN,
        "General And Administrative Expense": NaN,
        "Other Gand A": NaN,
        "Total Revenue": NaN,
        "Operating Revenue": NaN
    },
    "2023-09-30": {
        "Tax Effect Of Unusual Items": NaN,
        "Tax Rate For Calcs": NaN,
        "Normalized EBITDA": NaN,
        "Net Income From Continuing Operation Net Minority Interest": NaN,
        "Reconciled Depreciation": NaN,
        "EBITDA": NaN,
        "EBIT": NaN,
        "Net Interest Income": NaN,
        "Interest Income": NaN,
        "Normalized Income": NaN,
        "Net Income From Continuing And Discontinued Operation": NaN,
        "Total Expenses": NaN,
        "Total Operating Income As Reported": NaN,
        "Diluted Average Shares": 67607713.0,
        "Basic Average Shares": 67607713.0,
        "Diluted EPS": -0.49,
        "Basic EPS": -0.49,
        "Diluted NI Availto Com Stockholders": NaN,
        "Net Income Common Stockholders": NaN,
        "Net Income": NaN,
        "Net Income Including Noncontrolling Interests": NaN,
        "Net Income Continuous Operations": NaN,
        "Pretax Income": NaN,
        "Net Non Operating Interest Income Expense": NaN,
        "Interest Income Non Operating": NaN,
        "Operating Income": NaN,
        "Operating Expense": NaN,
        "Research And Development": NaN,
        "Selling General And Administration": NaN,
        "General And Administrative Expense": NaN,
        "Other Gand A": NaN,
        "Total Revenue": NaN,
        "Operating Revenue": NaN
    },
    "2023-12-31": {
        "Tax Effect Of Unusual Items": 0.0,
        "Tax Rate For Calcs": 0.0,
        "Normalized EBITDA": -27232000.0,
        "Net Income From Continuing Operation Net Minority Interest": -26261000.0,
        "Reconciled Depreciation": 892000.0,
        "EBITDA": -27232000.0,
        "EBIT": -28124000.0,
        "Net Interest Income": 1863000.0,
        "Interest Income": 1863000.0,
        "Normalized Income": -26261000.0,
        "Net Income From Continuing And Discontinued Operation": -26261000.0,
        "Total Expenses": 28124000.0,
        "Total Operating Income As Reported": -28124000.0,
        "Diluted Average Shares": NaN,
        "Basic Average Shares": NaN,
        "Diluted EPS": NaN,
        "Basic EPS": NaN,
        "Diluted NI Availto Com Stockholders": -26261000.0,
        "Net Income Common Stockholders": -26261000.0,
        "Net Income": -26261000.0,
        "Net Income Including Noncontrolling Interests": -26261000.0,
        "Net Income Continuous Operations": -26261000.0,
        "Pretax Income": -26261000.0,
        "Net Non Operating Interest Income Expense": 1863000.0,
        "Interest Income Non Operating": 1863000.0,
        "Operating Income": -28124000.0,
        "Operating Expense": 28124000.0,
        "Research And Development": 20897000.0,
        "Selling General And Administration": 7227000.0,
        "General And Administrative Expense": 7227000.0,
        "Other Gand A": 7227000.0,
        "Total Revenue": 0.0,
        "Operating Revenue": 0.0
    },
    "2024-03-31": {
        "Tax Effect Of Unusual Items": NaN,
        "Tax Rate For Calcs": NaN,
        "Normalized EBITDA": NaN,
        "Total Unusual Items": NaN,
        "Total Unusual Items Excluding Goodwill": NaN,
        "Net Income From Continuing Operation Net Minority Interest": NaN,
        "Reconciled Depreciation": NaN,
        "EBITDA": NaN,
        "EBIT": NaN,
        "Net Interest Income": NaN,
        "Interest Income": NaN,
        "Normalized Income": NaN,
        "Net Income From Continuing And Discontinued Operation": NaN,
        "Total Expenses": NaN,
        "Total Operating Income As Reported": NaN,
        "Diluted Average Shares": 3401548.0,
        "Basic Average Shares": 3401548.0,
        "Diluted EPS": -9.0,
        "Basic EPS": -9.0,
        "Diluted NI Availto Com Stockholders": NaN,
        "Net Income Common Stockholders": NaN,
        "Net Income": NaN,
        "Net Income Including Noncontrolling Interests": NaN,
        "Net Income Continuous Operations": NaN,
        "Pretax Income": NaN,
        "Other Income Expense": NaN,
        "Gain On Sale Of Security": NaN,
        "Net Non Operating Interest Income Expense": NaN,
        "Interest Income Non Operating": NaN,
        "Operating Income": NaN,
        "Operating Expense": NaN,
        "Research And Development": NaN,
        "Selling General And Administration": NaN,
        "General And Administrative Expense": NaN,
        "Other Gand A": NaN,
        "Total Revenue": NaN,
        "Operating Revenue": NaN
    },
    "2024-06-30": {
        "Tax Effect Of Unusual Items": 0.0,
        "Tax Rate For Calcs": 0.0,
        "Normalized EBITDA": -28166000.0,
        "Total Unusual Items": NaN,
        "Total Unusual Items Excluding Goodwill": NaN,
        "Net Income From Continuing Operation Net Minority Interest": -27839000.0,
        "Reconciled Depreciation": 869000.0,
        "EBITDA": -28166000.0,
        "EBIT": -29035000.0,
        "Net Interest Income": 1196000.0,
        "Interest Income": 1196000.0,
        "Normalized Income": -27839000.0,
        "Net Income From Continuing And Discontinued Operation": -27839000.0,
        "Total Expenses": 29035000.0,
        "Total Operating Income As Reported": -29035000.0,
        "Diluted Average Shares": 3414958.0,
        "Basic Average Shares": 3414958.0,
        "Diluted EPS": -8.2,
        "Basic EPS": -8.2,
        "Diluted NI Availto Com Stockholders": -27839000.0,
        "Net Income Common Stockholders": -27839000.0,
        "Net Income": -27839000.0,
        "Net Income Including Noncontrolling Interests": -27839000.0,
        "Net Income Continuous Operations": -27839000.0,
        "Pretax Income": -27839000.0,
        "Other Income Expense": NaN,
        "Gain On Sale Of Security": NaN,
        "Net Non Operating Interest Income Expense": 1196000.0,
        "Interest Income Non Operating": 1196000.0,
        "Operating Income": -29035000.0,
        "Operating Expense": 29035000.0,
        "Research And Development": 21823000.0,
        "Selling General And Administration": 7212000.0,
        "General And Administrative Expense": 7212000.0,
        "Other Gand A": 7212000.0,
        "Total Revenue": 0.0,
        "Operating Revenue": 0.0
    },
    "2024-09-30": {
        "Tax Effect Of Unusual Items": 0.0,
        "Tax Rate For Calcs": 0.0,
        "Normalized EBITDA": -27662000.0,
        "Total Unusual Items": NaN,
        "Total Unusual Items Excluding Goodwill": NaN,
        "Net Income From Continuing Operation Net Minority Interest": -27559000.0,
        "Reconciled Depreciation": 851000.0,
        "EBITDA": -27662000.0,
        "EBIT": -28513000.0,
        "Net Interest Income": 954000.0,
        "Interest Income": 954000.0,
        "Normalized Income": -27559000.0,
        "Net Income From Continuing And Discontinued Operation": -27559000.0,
        "Total Expenses": 28513000.0,
        "Total Operating Income As Reported": -28513000.0,
        "Diluted Average Shares": 3423290.0,
        "Basic Average Shares": 3423290.0,
        "Diluted EPS": -8.0,
        "Basic EPS": -8.0,
        "Diluted NI Availto Com Stockholders": -27559000.0,
        "Net Income Common Stockholders": -27559000.0,
        "Net Income": -27559000.0,
        "Net Income Including Noncontrolling Interests": -27559000.0,
        "Net Income Continuous Operations": -27559000.0,
        "Pretax Income": -27559000.0,
        "Other Income Expense": NaN,
        "Gain On Sale Of Security": NaN,
        "Net Non Operating Interest Income Expense": 954000.0,
        "Interest Income Non Operating": 954000.0,
        "Operating Income": -28513000.0,
        "Operating Expense": 28513000.0,
        "Research And Development": 21817000.0,
        "Selling General And Administration": 6696000.0,
        "General And Administrative Expense": 6696000.0,
        "Other Gand A": 6696000.0,
        "Total Revenue": 0.0,
        "Operating Revenue": 0.0
    },
    "2024-12-31": {
        "Tax Effect Of Unusual Items": 0.0,
        "Tax Rate For Calcs": 0.0,
        "Normalized EBITDA": -30446000.0,
        "Total Unusual Items": NaN,
        "Total Unusual Items Excluding Goodwill": NaN,
        "Net Income From Continuing Operation Net Minority Interest": -30712000.0,
        "Reconciled Depreciation": 865000.0,
        "EBITDA": -30446000.0,
        "EBIT": -31311000.0,
        "Net Interest Income": 599000.0,
        "Interest Income": 599000.0,
        "Normalized Income": -30712000.0,
        "Net Income From Continuing And Discontinued Operation": -30712000.0,
        "Total Expenses": 31311000.0,
        "Total Operating Income As Reported": -31311000.0,
        "Diluted Average Shares": NaN,
        "Basic Average Shares": NaN,
        "Diluted EPS": NaN,
        "Basic EPS": NaN,
        "Diluted NI Availto Com Stockholders": -30712000.0,
        "Net Income Common Stockholders": -30712000.0,
        "Net Income": -30712000.0,
        "Net Income Including Noncontrolling Interests": -30712000.0,
        "Net Income Continuous Operations": -30712000.0,
        "Pretax Income": -30712000.0,
        "Other Income Expense": NaN,
        "Gain On Sale Of Security": NaN,
        "Net Non Operating Interest Income Expense": 599000.0,
        "Interest Income Non Operating": 599000.0,
        "Operating Income": -31311000.0,
        "Operating Expense": 31311000.0,
        "Research And Development": 25348000.0,
        "Selling General And Administration": 5963000.0,
        "General And Administrative Expense": 5963000.0,
        "Other Gand A": 5963000.0,
        "Total Revenue": 0.0,
        "Operating Revenue": 0.0
    },
    "2025-03-31": {
        "Tax Effect Of Unusual Items": 0.0,
        "Tax Rate For Calcs": 0.0,
        "Normalized EBITDA": -32466000.0,
        "Total Unusual Items": NaN,
        "Total Unusual Items Excluding Goodwill": NaN,
        "Net Income From Continuing Operation Net Minority Interest": -32486000.0,
        "Reconciled Depreciation": 825000.0,
        "EBITDA": -32466000.0,
        "EBIT": -33291000.0,
        "Net Interest Income": 805000.0,
        "Interest Income": 805000.0,
        "Normalized Income": -32486000.0,
        "Net Income From Continuing And Discontinued Operation": -32486000.0,
        "Total Expenses": 33291000.0,
        "Total Operating Income As Reported": -33291000.0,
        "Diluted Average Shares": 6241207.0,
        "Basic Average Shares": 6241207.0,
        "Diluted EPS": -5.2,
        "Basic EPS": -5.2,
        "Diluted NI Availto Com Stockholders": -32486000.0,
        "Net Income Common Stockholders": -32486000.0,
        "Net Income": -32486000.0,
        "Net Income Including Noncontrolling Interests": -32486000.0,
        "Net Income Continuous Operations": -32486000.0,
        "Pretax Income": -32486000.0,
        "Other Income Expense": NaN,
        "Gain On Sale Of Security": NaN,
        "Net Non Operating Interest Income Expense": 805000.0,
        "Interest Income Non Operating": 805000.0,
        "Operating Income": -33291000.0,
        "Operating Expense": 33291000.0,
        "Research And Development": 26701000.0,
        "Selling General And Administration": 6590000.0,
        "General And Administrative Expense": 6590000.0,
        "Other Gand A": 6590000.0,
        "Total Revenue": 0.0,
        "Operating Revenue": 0.0
    },
    "2025-06-30": {
        "Tax Effect Of Unusual Items": 0.0,
        "Tax Rate For Calcs": 0.0,
        "Normalized EBITDA": 1027675000.0,
        "Total Unusual Items": -1299922000.0,
        "Total Unusual Items Excluding Goodwill": -1299922000.0,
        "Net Income From Continuing Operation Net Minority Interest": -1573669000.0,
        "Reconciled Depreciation": 2037000.0,
        "EBITDA": -272247000.0,
        "EBIT": -274284000.0,
        "Net Interest Income": 537000.0,
        "Interest Income": 537000.0,
        "Normalized Income": -273747000.0,
        "Net Income From Continuing And Discontinued Operation": -1573669000.0,
        "Total Expenses": 274284000.0,
        "Total Operating Income As Reported": -274284000.0,
        "Diluted Average Shares": 6263572.0,
        "Basic Average Shares": 6263572.0,
        "Diluted EPS": -251.2,
        "Basic EPS": -251.2,
        "Diluted NI Availto Com Stockholders": -1573669000.0,
        "Net Income Common Stockholders": -1573669000.0,
        "Net Income": -1573669000.0,
        "Net Income Including Noncontrolling Interests": -1573669000.0,
        "Net Income Continuous Operations": -1573669000.0,
        "Pretax Income": -1573669000.0,
        "Other Income Expense": -1299922000.0,
        "Gain On Sale Of Security": -1299922000.0,
        "Net Non Operating Interest Income Expense": 537000.0,
        "Interest Income Non Operating": 537000.0,
        "Operating Income": -274284000.0,
        "Operating Expense": 274284000.0,
        "Research And Development": 261499000.0,
        "Selling General And Administration": 12785000.0,
        "General And Administrative Expense": 12785000.0,
        "Other Gand A": 12785000.0,
        "Total Revenue": 0.0,
        "Operating Revenue": 0.0
    }
}