{
    "2023-03-31": {
        "Tax Effect Of Unusual Items": NaN,
        "Tax Rate For Calcs": NaN,
        "Normalized EBITDA": NaN,
        "Total Unusual Items": NaN,
        "Total Unusual Items Excluding Goodwill": NaN,
        "Net Income From Continuing Operation Net Minority Interest": NaN,
        "Reconciled Depreciation": NaN,
        "Reconciled Cost Of Revenue": NaN,
        "EBITDA": NaN,
        "EBIT": NaN,
        "Net Interest Income": NaN,
        "Interest Expense": NaN,
        "Interest Income": NaN,
        "Normalized Income": NaN,
        "Net Income From Continuing And Discontinued Operation": NaN,
        "Total Expenses": NaN,
        "Total Operating Income As Reported": NaN,
        "Diluted Average Shares": NaN,
        "Basic Average Shares": NaN,
        "Diluted EPS": NaN,
        "Basic EPS": NaN,
        "Diluted NI Availto Com Stockholders": NaN,
        "Net Income Common Stockholders": NaN,
        "Net Income": NaN,
        "Minority Interests": NaN,
        "Net Income Including Noncontrolling Interests": NaN,
        "Net Income Continuous Operations": NaN,
        "Tax Provision": NaN,
        "Pretax Income": NaN,
        "Other Income Expense": NaN,
        "Other Non Operating Income Expenses": NaN,
        "Special Income Charges": NaN,
        "Restructuring And Mergern Acquisition": NaN,
        "Gain On Sale Of Security": NaN,
        "Net Non Operating Interest Income Expense": NaN,
        "Interest Expense Non Operating": NaN,
        "Interest Income Non Operating": NaN,
        "Operating Income": NaN,
        "Operating Expense": NaN,
        "Selling General And Administration": NaN,
        "General And Administrative Expense": 27233000.0,
        "Other Gand A": 27159000.0,
        "Salaries And Wages": 74000.0,
        "Gross Profit": NaN,
        "Cost Of Revenue": NaN,
        "Total Revenue": NaN,
        "Operating Revenue": NaN
    },
    "2022-12-31": {
        "Tax Effect Of Unusual Items": NaN,
        "Tax Rate For Calcs": NaN,
        "Normalized EBITDA": NaN,
        "Total Unusual Items": NaN,
        "Total Unusual Items Excluding Goodwill": NaN,
        "Net Income From Continuing Operation Net Minority Interest": NaN,
        "Reconciled Depreciation": NaN,
        "Reconciled Cost Of Revenue": NaN,
        "EBITDA": NaN,
        "EBIT": NaN,
        "Net Interest Income": NaN,
        "Interest Expense": NaN,
        "Interest Income": NaN,
        "Normalized Income": NaN,
        "Net Income From Continuing And Discontinued Operation": NaN,
        "Total Expenses": NaN,
        "Total Operating Income As Reported": NaN,
        "Diluted Average Shares": NaN,
        "Basic Average Shares": NaN,
        "Diluted EPS": NaN,
        "Basic EPS": NaN,
        "Diluted NI Availto Com Stockholders": NaN,
        "Net Income Common Stockholders": NaN,
        "Net Income": NaN,
        "Minority Interests": NaN,
        "Net Income Including Noncontrolling Interests": NaN,
        "Net Income Continuous Operations": NaN,
        "Tax Provision": NaN,
        "Pretax Income": NaN,
        "Other Income Expense": NaN,
        "Other Non Operating Income Expenses": NaN,
        "Special Income Charges": NaN,
        "Impairment Of Capital Assets": 0.0,
        "Restructuring And Mergern Acquisition": NaN,
        "Gain On Sale Of Security": NaN,
        "Net Non Operating Interest Income Expense": NaN,
        "Interest Expense Non Operating": NaN,
        "Interest Income Non Operating": NaN,
        "Operating Income": NaN,
        "Operating Expense": NaN,
        "Selling General And Administration": NaN,
        "General And Administrative Expense": NaN,
        "Other Gand A": NaN,
        "Salaries And Wages": NaN,
        "Gross Profit": NaN,
        "Cost Of Revenue": NaN,
        "Total Revenue": NaN,
        "Operating Revenue": NaN
    },
    "2022-09-30": {
        "Tax Effect Of Unusual Items": NaN,
        "Tax Rate For Calcs": NaN,
        "Normalized EBITDA": NaN,
        "Total Unusual Items": NaN,
        "Total Unusual Items Excluding Goodwill": NaN,
        "Net Income From Continuing Operation Net Minority Interest": NaN,
        "Reconciled Depreciation": NaN,
        "Reconciled Cost Of Revenue": NaN,
        "EBITDA": NaN,
        "EBIT": NaN,
        "Net Interest Income": NaN,
        "Interest Expense": NaN,
        "Interest Income": NaN,
        "Normalized Income": NaN,
        "Net Income From Continuing And Discontinued Operation": NaN,
        "Total Expenses": NaN,
        "Total Operating Income As Reported": NaN,
        "Diluted Average Shares": NaN,
        "Basic Average Shares": NaN,
        "Diluted EPS": NaN,
        "Basic EPS": NaN,
        "Diluted NI Availto Com Stockholders": NaN,
        "Net Income Common Stockholders": NaN,
        "Net Income": NaN,
        "Minority Interests": NaN,
        "Net Income Including Noncontrolling Interests": NaN,
        "Net Income Continuous Operations": NaN,
        "Tax Provision": NaN,
        "Pretax Income": NaN,
        "Other Income Expense": NaN,
        "Other Non Operating Income Expenses": NaN,
        "Special Income Charges": NaN,
        "Impairment Of Capital Assets": NaN,
        "Restructuring And Mergern Acquisition": NaN,
        "Gain On Sale Of Security": NaN,
        "Net Non Operating Interest Income Expense": NaN,
        "Interest Expense Non Operating": NaN,
        "Interest Income Non Operating": NaN,
        "Operating Income": NaN,
        "Operating Expense": NaN,
        "Selling General And Administration": NaN,
        "General And Administrative Expense": 25352000.0,
        "Other Gand A": 25271000.0,
        "Salaries And Wages": 81000.0,
        "Gross Profit": NaN,
        "Cost Of Revenue": NaN,
        "Total Revenue": NaN,
        "Operating Revenue": NaN
    },
    "2022-06-30": {
        "Tax Effect Of Unusual Items": -173657.681741,
        "Tax Rate For Calcs": 0.192099,
        "Normalized EBITDA": 14799000.0,
        "Total Unusual Items": -904000.0,
        "Total Unusual Items Excluding Goodwill": -904000.0,
        "Net Income From Continuing Operation Net Minority Interest": 10755000.0,
        "Reconciled Depreciation": 3799000.0,
        "Reconciled Cost Of Revenue": 51284000.0,
        "EBITDA": 13895000.0,
        "EBIT": 13895000.0,
        "Net Interest Income": -428000.0,
        "Interest Expense": 428000.0,
        "Interest Income": 80000.0,
        "Normalized Income": 11485342.318259,
        "Net Income From Continuing And Discontinued Operation": 10755000.0,
        "Total Expenses": 77163000.0,
        "Total Operating Income As Reported": 10551000.0,
        "Diluted Average Shares": 13692000.0,
        "Basic Average Shares": 13648000.0,
        "Diluted EPS": 0.79,
        "Basic EPS": 0.79,
        "Diluted NI Availto Com Stockholders": 10755000.0,
        "Net Income Common Stockholders": 10755000.0,
        "Net Income": 10755000.0,
        "Minority Interests": -125000.0,
        "Net Income Including Noncontrolling Interests": 10880000.0,
        "Net Income Continuous Operations": 10880000.0,
        "Tax Provision": 2587000.0,
        "Pretax Income": 13467000.0,
        "Other Income Expense": 2440000.0,
        "Other Non Operating Income Expenses": 3344000.0,
        "Special Income Charges": -904000.0,
        "Impairment Of Capital Assets": 0.0,
        "Restructuring And Mergern Acquisition": 904000.0,
        "Gain On Sale Of Security": 3380000.0,
        "Net Non Operating Interest Income Expense": -428000.0,
        "Interest Expense Non Operating": 428000.0,
        "Interest Income Non Operating": 80000.0,
        "Operating Income": 11455000.0,
        "Operating Expense": 25879000.0,
        "Selling General And Administration": 25879000.0,
        "General And Administrative Expense": NaN,
        "Other Gand A": NaN,
        "Salaries And Wages": NaN,
        "Gross Profit": 37334000.0,
        "Cost Of Revenue": 51284000.0,
        "Total Revenue": 88618000.0,
        "Operating Revenue": 88618000.0
    },
    "2022-03-31": {
        "Diluted EPS": 0.46,
        "Total Revenue": 88,
        "Gross Profit": 35,
        "Operating Income": 8,
        "EBIT": 12,
        "Net Income": 6
    },
    "2021-12-31": {
        "Diluted EPS": 0.44,
        "Total Revenue": 90,
        "Gross Profit": 35,
        "Operating Income": 9,
        "EBIT": 13,
        "Net Income": 6
    },
    "2021-09-30": {
        "Diluted EPS": 0.39,
        "Total Revenue": 82,
        "Gross Profit": 32,
        "Operating Income": 7,
        "EBIT": 11,
        "Net Income": 5
    },
    "2021-06-30": {
        "Diluted EPS": 0.29,
        "Total Revenue": 75,
        "Gross Profit": 30,
        "Operating Income": 5,
        "EBIT": 10,
        "Net Income": 4
    },
    "2021-03-31": {
        "Diluted EPS": 0.36,
        "Total Revenue": 71,
        "Gross Profit": 29,
        "Operating Income": 6,
        "EBIT": 10,
        "Net Income": 5
    },
    "2020-12-31": {
        "Diluted EPS": 0.01,
        "Total Revenue": 75,
        "Gross Profit": 29,
        "Operating Income": 6,
        "EBIT": 12,
        "Net Income": 0
    },
    "2020-09-30": {
        "Diluted EPS": 0.41,
        "Total Revenue": 68,
        "Gross Profit": 27,
        "Operating Income": 8,
        "EBIT": 11,
        "Net Income": 6
    },
    "2020-06-30": {
        "Diluted EPS": 0.13,
        "Total Revenue": 59,
        "Gross Profit": 23,
        "Operating Income": 4,
        "EBIT": 7,
        "Net Income": 2
    },
    "2020-03-31": {
        "Diluted EPS": 0.24,
        "Total Revenue": 68,
        "Gross Profit": 25,
        "Operating Income": 5,
        "EBIT": 8,
        "Net Income": 3
    },
    "2019-12-31": {
        "Diluted EPS": 0.28,
        "Total Revenue": 69,
        "Gross Profit": 24,
        "Operating Income": 2,
        "EBIT": 5,
        "Net Income": 4
    },
    "2019-09-30": {
        "Diluted EPS": 0.33,
        "Total Revenue": 67,
        "Gross Profit": 26,
        "Operating Income": 6,
        "EBIT": 9,
        "Net Income": 5
    },
    "2019-06-30": {
        "Diluted EPS": 0.41,
        "Total Revenue": 71,
        "Gross Profit": 29,
        "Operating Income": 8,
        "EBIT": 11,
        "Net Income": 6
    },
    "2019-03-31": {
        "Diluted EPS": 0.61,
        "Total Revenue": 77,
        "Gross Profit": 33,
        "Operating Income": 13,
        "EBIT": 15,
        "Net Income": 8
    },
    "2018-12-31": {
        "Diluted EPS": 0.25,
        "Total Revenue": 77,
        "Gross Profit": 31,
        "Operating Income": 7,
        "EBIT": 13,
        "Net Income": 3
    },
    "2018-09-30": {
        "Diluted EPS": 0.56,
        "Total Revenue": 75,
        "Gross Profit": 31,
        "Operating Income": 11,
        "EBIT": 13,
        "Net Income": 8
    },
    "2018-06-30": {
        "Diluted EPS": 0.57,
        "Total Revenue": 74,
        "Gross Profit": 31,
        "Operating Income": 11,
        "EBIT": 14,
        "Net Income": 8
    },
    "2018-03-31": {
        "Diluted EPS": 0.37,
        "Total Revenue": 73,
        "Gross Profit": 29,
        "Operating Income": 8,
        "EBIT": 11,
        "Net Income": 5
    },
    "2017-12-31": {
        "Diluted EPS": 0.33,
        "Total Revenue": 69,
        "Gross Profit": 27,
        "Operating Income": 7,
        "EBIT": 10,
        "Net Income": 4
    },
    "2017-09-30": {
        "Diluted EPS": 0.32,
        "Total Revenue": 63,
        "Gross Profit": 24,
        "Operating Income": 6,
        "EBIT": 8,
        "Net Income": 4
    },
    "2017-06-30": {
        "Diluted EPS": 0.27,
        "Total Revenue": 62,
        "Gross Profit": 25,
        "Operating Income": 6,
        "EBIT": 8,
        "Net Income": 4
    },
    "2017-03-31": {
        "Diluted EPS": 0.15,
        "Total Revenue": 60,
        "Gross Profit": 23,
        "Operating Income": 4,
        "EBIT": 7,
        "Net Income": 2
    },
    "2016-12-31": {
        "Diluted EPS": 0.22,
        "Total Revenue": 56,
        "Gross Profit": 21,
        "Operating Income": 6,
        "EBIT": 9,
        "Net Income": 3
    },
    "2016-09-30": {
        "Diluted EPS": 0.08,
        "Total Revenue": 54,
        "Gross Profit": 20,
        "Operating Income": 3,
        "EBIT": 5,
        "Net Income": 1
    },
    "2016-06-30": {
        "Diluted EPS": 0.14,
        "Total Revenue": 58,
        "Gross Profit": 21,
        "Operating Income": 2,
        "EBIT": 5,
        "Net Income": 2
    },
    "2016-03-31": {
        "Diluted EPS": 0.04,
        "Total Revenue": 57,
        "Gross Profit": 20,
        "Operating Income": 1,
        "EBIT": 4,
        "Net Income": 0
    },
    "2015-12-31": {
        "Diluted EPS": -0.98,
        "Total Revenue": 59,
        "Gross Profit": 21,
        "Operating Income": 1,
        "EBIT": 4,
        "Net Income": -13
    },
    "2015-09-30": {
        "Diluted EPS": -0.15,
        "Total Revenue": 57,
        "Gross Profit": 21,
        "Operating Income": -2,
        "EBIT": 6,
        "Net Income": -2
    },
    "2015-06-30": {
        "Diluted EPS": 0.11,
        "Total Revenue": 60,
        "Gross Profit": 21,
        "Operating Income": 2,
        "EBIT": 5,
        "Net Income": 1
    },
    "2015-03-31": {
        "Diluted EPS": 0.06,
        "Total Revenue": 57,
        "Gross Profit": 21,
        "Operating Income": 2,
        "EBIT": 5,
        "Net Income": 1
    },
    "2014-12-31": {
        "Diluted EPS": -0.39,
        "Total Revenue": 60,
        "Gross Profit": 20,
        "Operating Income": -4,
        "EBIT": 4,
        "Net Income": -5
    },
    "2014-09-30": {
        "Diluted EPS": 0.23,
        "Total Revenue": 63,
        "Gross Profit": 24,
        "Operating Income": 4,
        "EBIT": 7,
        "Net Income": 3
    },
    "2014-06-30": {
        "Diluted EPS": 0.26,
        "Total Revenue": 65,
        "Gross Profit": 25,
        "Operating Income": 5,
        "EBIT": 8,
        "Net Income": 4
    },
    "2014-03-31": {
        "Diluted EPS": 0.12,
        "Total Revenue": 61,
        "Gross Profit": 22,
        "Operating Income": 3,
        "EBIT": 6,
        "Net Income": 2
    },
    "2013-12-31": {
        "Diluted EPS": 0.09,
        "Total Revenue": 61,
        "Gross Profit": 23,
        "Operating Income": 3,
        "EBIT": 6,
        "Net Income": 1
    },
    "2013-09-30": {
        "Diluted EPS": 0.11,
        "Total Revenue": 58,
        "Gross Profit": 19,
        "Operating Income": 1,
        "EBIT": 4,
        "Net Income": 1
    },
    "2013-06-30": {
        "Diluted EPS": 0.09,
        "Total Revenue": 63,
        "Gross Profit": 22,
        "Operating Income": 3,
        "EBIT": 6,
        "Net Income": 1
    },
    "2013-03-31": {
        "Diluted EPS": 0.03,
        "Total Revenue": 57,
        "Gross Profit": 20,
        "Operating Income": 1,
        "EBIT": 4,
        "Net Income": 0
    },
    "2012-12-31": {
        "Diluted EPS": 0.37,
        "Total Revenue": 51,
        "Gross Profit": 18,
        "Operating Income": 2,
        "EBIT": 4,
        "Net Income": 5
    },
    "2012-09-30": {
        "Diluted EPS": 0.14,
        "Total Revenue": 55,
        "Gross Profit": 19,
        "Operating Income": 3,
        "EBIT": 6,
        "Net Income": 2
    },
    "2012-06-30": {
        "Diluted EPS": 0.21,
        "Total Revenue": 55,
        "Gross Profit": 20,
        "Operating Income": 4,
        "EBIT": 7,
        "Net Income": 3
    },
    "2012-03-31": {
        "Diluted EPS": 0.12,
        "Total Revenue": 56,
        "Gross Profit": 19,
        "Operating Income": 2,
        "EBIT": 5,
        "Net Income": 2
    },
    "2011-12-31": {
        "Diluted EPS": 0.08,
        "Total Revenue": 56,
        "Gross Profit": 19,
        "Operating Income": 2,
        "EBIT": 5,
        "Net Income": 1
    },
    "2011-09-30": {
        "Diluted EPS": 0.24,
        "Total Revenue": 60,
        "Gross Profit": 21,
        "Operating Income": 5,
        "EBIT": 8,
        "Net Income": 3
    },
    "2011-06-30": {
        "Diluted EPS": 0.22,
        "Total Revenue": 62,
        "Gross Profit": 22,
        "Operating Income": 5,
        "EBIT": 8,
        "Net Income": 3
    },
    "2011-03-31": {
        "Diluted EPS": 0.24,
        "Total Revenue": 60,
        "Gross Profit": 21,
        "Operating Income": 5,
        "EBIT": 7,
        "Net Income": 3
    },
    "2010-12-31": {
        "Diluted EPS": 0.23,
        "Total Revenue": 55,
        "Gross Profit": 21,
        "Operating Income": 5,
        "EBIT": 8,
        "Net Income": 3
    },
    "2010-09-30": {
        "Diluted EPS": 0.19,
        "Total Revenue": 52,
        "Gross Profit": 19,
        "Operating Income": 5,
        "EBIT": 7,
        "Net Income": 3
    },
    "2010-06-30": {
        "Diluted EPS": 0.3,
        "Total Revenue": 53,
        "Gross Profit": 20,
        "Operating Income": 6,
        "EBIT": 10,
        "Net Income": 4
    },
    "2010-03-31": {
        "Diluted EPS": 0.13,
        "Total Revenue": 48,
        "Gross Profit": 17,
        "Operating Income": 4,
        "EBIT": 6,
        "Net Income": 2
    },
    "2009-12-31": {
        "Diluted EPS": 0.05,
        "Total Revenue": 47,
        "Gross Profit": 47,
        "Operating Income": 47,
        "EBIT": 50,
        "Net Income": 1
    },
    "2009-09-30": {
        "Diluted EPS": 0.04,
        "Total Revenue": 40,
        "Gross Profit": 13,
        "Operating Income": 2,
        "EBIT": 5,
        "Net Income": 1
    },
    "2009-06-30": {
        "Diluted EPS": 0.0,
        "Total Revenue": 41,
        "Gross Profit": 11,
        "Operating Income": -1,
        "EBIT": -1,
        "Net Income": 0
    },
    "2009-03-31": {
        "Diluted EPS": 0.04,
        "Total Revenue": 44,
        "Gross Profit": 44,
        "Operating Income": 44,
        "EBIT": 44,
        "Net Income": 1
    },
    "2023-06-30": {
        "Tax Effect Of Unusual Items": NaN,
        "Tax Rate For Calcs": NaN,
        "Normalized EBITDA": NaN,
        "Total Unusual Items": NaN,
        "Total Unusual Items Excluding Goodwill": NaN,
        "Net Income From Continuing Operation Net Minority Interest": NaN,
        "Reconciled Depreciation": NaN,
        "Reconciled Cost Of Revenue": NaN,
        "EBITDA": NaN,
        "EBIT": NaN,
        "Net Interest Income": NaN,
        "Interest Expense": NaN,
        "Interest Income": NaN,
        "Normalized Income": NaN,
        "Net Income From Continuing And Discontinued Operation": NaN,
        "Total Expenses": NaN,
        "Total Operating Income As Reported": NaN,
        "Diluted Average Shares": NaN,
        "Basic Average Shares": NaN,
        "Diluted EPS": NaN,
        "Basic EPS": NaN,
        "Diluted NI Availto Com Stockholders": NaN,
        "Net Income Common Stockholders": NaN,
        "Net Income": NaN,
        "Minority Interests": NaN,
        "Net Income Including Noncontrolling Interests": NaN,
        "Net Income Continuous Operations": NaN,
        "Tax Provision": NaN,
        "Pretax Income": NaN,
        "Other Income Expense": NaN,
        "Other Non Operating Income Expenses": NaN,
        "Special Income Charges": NaN,
        "Restructuring And Mergern Acquisition": NaN,
        "Gain On Sale Of Security": NaN,
        "Net Non Operating Interest Income Expense": NaN,
        "Interest Expense Non Operating": NaN,
        "Interest Income Non Operating": NaN,
        "Operating Income": NaN,
        "Operating Expense": NaN,
        "Selling General And Administration": NaN,
        "General And Administrative Expense": 26826000.0,
        "Other Gand A": 26755000.0,
        "Salaries And Wages": 71000.0,
        "Gross Profit": NaN,
        "Cost Of Revenue": NaN,
        "Total Revenue": NaN,
        "Operating Revenue": NaN
    },
    "2023-09-30": {
        "Tax Effect Of Unusual Items": NaN,
        "Tax Rate For Calcs": NaN,
        "Normalized EBITDA": NaN,
        "Total Unusual Items": NaN,
        "Total Unusual Items Excluding Goodwill": NaN,
        "Net Income From Continuing Operation Net Minority Interest": NaN,
        "Reconciled Depreciation": NaN,
        "Reconciled Cost Of Revenue": NaN,
        "EBITDA": NaN,
        "EBIT": NaN,
        "Net Interest Income": NaN,
        "Interest Expense": NaN,
        "Interest Income": NaN,
        "Normalized Income": NaN,
        "Net Income From Continuing And Discontinued Operation": NaN,
        "Total Expenses": NaN,
        "Total Operating Income As Reported": NaN,
        "Diluted Average Shares": 13686000.0,
        "Basic Average Shares": 13600000.0,
        "Diluted EPS": 0.46,
        "Basic EPS": 0.46,
        "Diluted NI Availto Com Stockholders": NaN,
        "Net Income Common Stockholders": NaN,
        "Net Income": NaN,
        "Minority Interests": NaN,
        "Net Income Including Noncontrolling Interests": NaN,
        "Net Income Continuous Operations": NaN,
        "Tax Provision": NaN,
        "Pretax Income": NaN,
        "Other Income Expense": NaN,
        "Other Non Operating Income Expenses": NaN,
        "Special Income Charges": NaN,
        "Restructuring And Mergern Acquisition": NaN,
        "Gain On Sale Of Security": NaN,
        "Net Non Operating Interest Income Expense": NaN,
        "Interest Expense Non Operating": NaN,
        "Interest Income Non Operating": NaN,
        "Operating Income": NaN,
        "Operating Expense": NaN,
        "Selling General And Administration": NaN,
        "General And Administrative Expense": NaN,
        "Other Gand A": NaN,
        "Salaries And Wages": NaN,
        "Gross Profit": NaN,
        "Cost Of Revenue": NaN,
        "Total Revenue": NaN,
        "Operating Revenue": NaN
    },
    "2023-12-31": {
        "Tax Effect Of Unusual Items": -648690.0,
        "Tax Rate For Calcs": 0.21,
        "Normalized EBITDA": 16582000.0,
        "Total Unusual Items": -3089000.0,
        "Total Unusual Items Excluding Goodwill": -3089000.0,
        "Net Income From Continuing Operation Net Minority Interest": 4227000.0,
        "Reconciled Depreciation": 3991000.0,
        "Reconciled Cost Of Revenue": 51032000.0,
        "EBITDA": 13493000.0,
        "EBIT": 9502000.0,
        "Net Interest Income": -393000.0,
        "Interest Expense": 779000.0,
        "Interest Income": 386000.0,
        "Normalized Income": 6667310.0,
        "Net Income From Continuing And Discontinued Operation": 4227000.0,
        "Total Expenses": 77223000.0,
        "Total Operating Income As Reported": 12011000.0,
        "Diluted Average Shares": 13604000.0,
        "Basic Average Shares": 13509000.0,
        "Diluted EPS": 0.31,
        "Basic EPS": 0.31,
        "Diluted NI Availto Com Stockholders": 4227000.0,
        "Net Income Common Stockholders": 4227000.0,
        "Net Income": 4227000.0,
        "Minority Interests": -93000.0,
        "Net Income Including Noncontrolling Interests": 4320000.0,
        "Net Income Continuous Operations": 4320000.0,
        "Tax Provision": 4403000.0,
        "Pretax Income": 8723000.0,
        "Other Income Expense": -3189000.0,
        "Other Non Operating Income Expenses": -100000.0,
        "Special Income Charges": -129000.0,
        "Restructuring And Mergern Acquisition": 129000.0,
        "Gain On Sale Of Security": -2960000.0,
        "Net Non Operating Interest Income Expense": -393000.0,
        "Interest Expense Non Operating": 779000.0,
        "Interest Income Non Operating": 386000.0,
        "Operating Income": 12305000.0,
        "Operating Expense": 26191000.0,
        "Selling General And Administration": 26191000.0,
        "General And Administrative Expense": 26191000.0,
        "Other Gand A": 26356000.0,
        "Salaries And Wages": -165000.0,
        "Gross Profit": 38496000.0,
        "Cost Of Revenue": 51032000.0,
        "Total Revenue": 89528000.0,
        "Operating Revenue": 89528000.0
    },
    "2024-03-31": {
        "Tax Effect Of Unusual Items": 229188.0,
        "Tax Rate For Calcs": 0.284,
        "Normalized EBITDA": 11914000.0,
        "Total Unusual Items": 807000.0,
        "Total Unusual Items Excluding Goodwill": 807000.0,
        "Net Income From Continuing Operation Net Minority Interest": 5891000.0,
        "Reconciled Depreciation": 3943000.0,
        "Reconciled Cost Of Revenue": 45689000.0,
        "EBITDA": 12721000.0,
        "EBIT": 8778000.0,
        "Net Interest Income": -305000.0,
        "Interest Expense": 628000.0,
        "Interest Income": 323000.0,
        "Normalized Income": 5313188.0,
        "Net Income From Continuing And Discontinued Operation": 5891000.0,
        "Total Expenses": 73093000.0,
        "Total Operating Income As Reported": 6918000.0,
        "Diluted Average Shares": 13468000.0,
        "Basic Average Shares": 13405000.0,
        "Diluted EPS": 0.44,
        "Basic EPS": 0.44,
        "Diluted NI Availto Com Stockholders": 5891000.0,
        "Net Income Common Stockholders": 5891000.0,
        "Net Income": 5891000.0,
        "Minority Interests": 59000.0,
        "Net Income Including Noncontrolling Interests": 5832000.0,
        "Net Income Continuous Operations": 5832000.0,
        "Tax Provision": 2318000.0,
        "Pretax Income": 8150000.0,
        "Other Income Expense": 765000.0,
        "Other Non Operating Income Expenses": -42000.0,
        "Special Income Charges": -782000.0,
        "Restructuring And Mergern Acquisition": 782000.0,
        "Gain On Sale Of Security": 1589000.0,
        "Net Non Operating Interest Income Expense": -305000.0,
        "Interest Expense Non Operating": 628000.0,
        "Interest Income Non Operating": 323000.0,
        "Operating Income": 7690000.0,
        "Operating Expense": 27404000.0,
        "Selling General And Administration": 27404000.0,
        "General And Administrative Expense": 27404000.0,
        "Other Gand A": 27394000.0,
        "Salaries And Wages": 10000.0,
        "Gross Profit": 35094000.0,
        "Cost Of Revenue": 45689000.0,
        "Total Revenue": 80783000.0,
        "Operating Revenue": 80783000.0
    },
    "2024-06-30": {
        "Tax Effect Of Unusual Items": 428571.0,
        "Tax Rate For Calcs": 0.333,
        "Normalized EBITDA": 10236000.0,
        "Total Unusual Items": 1287000.0,
        "Total Unusual Items Excluding Goodwill": 1287000.0,
        "Net Income From Continuing Operation Net Minority Interest": 4603000.0,
        "Reconciled Depreciation": 3916000.0,
        "Reconciled Cost Of Revenue": 44952000.0,
        "EBITDA": 11523000.0,
        "EBIT": 7607000.0,
        "Net Interest Income": -150000.0,
        "Interest Expense": 649000.0,
        "Interest Income": 499000.0,
        "Normalized Income": 3744571.0,
        "Net Income From Continuing And Discontinued Operation": 4603000.0,
        "Total Expenses": 71463000.0,
        "Total Operating Income As Reported": 5906000.0,
        "Diluted Average Shares": 13389000.0,
        "Basic Average Shares": 13348000.0,
        "Diluted EPS": 0.34,
        "Basic EPS": 0.34,
        "Diluted NI Availto Com Stockholders": 4603000.0,
        "Net Income Common Stockholders": 4603000.0,
        "Net Income": 4603000.0,
        "Minority Interests": -39000.0,
        "Net Income Including Noncontrolling Interests": 4642000.0,
        "Net Income Continuous Operations": 4642000.0,
        "Tax Provision": 2316000.0,
        "Pretax Income": 6958000.0,
        "Other Income Expense": 1212000.0,
        "Other Non Operating Income Expenses": -75000.0,
        "Special Income Charges": 0.0,
        "Restructuring And Mergern Acquisition": 0.0,
        "Gain On Sale Of Security": 1287000.0,
        "Net Non Operating Interest Income Expense": -150000.0,
        "Interest Expense Non Operating": 649000.0,
        "Interest Income Non Operating": 499000.0,
        "Operating Income": 5896000.0,
        "Operating Expense": 26511000.0,
        "Selling General And Administration": 26511000.0,
        "General And Administrative Expense": 26511000.0,
        "Other Gand A": 26501000.0,
        "Salaries And Wages": 10000.0,
        "Gross Profit": 32407000.0,
        "Cost Of Revenue": 44952000.0,
        "Total Revenue": 77359000.0,
        "Operating Revenue": 77359000.0
    },
    "2024-09-30": {
        "Tax Effect Of Unusual Items": -628740.0,
        "Tax Rate For Calcs": 0.21,
        "Normalized EBITDA": 8100000.0,
        "Total Unusual Items": -2994000.0,
        "Total Unusual Items Excluding Goodwill": -2994000.0,
        "Net Income From Continuing Operation Net Minority Interest": -1351000.0,
        "Reconciled Depreciation": 3912000.0,
        "Reconciled Cost Of Revenue": 45467000.0,
        "EBITDA": 5106000.0,
        "EBIT": 1194000.0,
        "Net Interest Income": -278000.0,
        "Interest Expense": 648000.0,
        "Interest Income": 370000.0,
        "Normalized Income": 1014260.0,
        "Net Income From Continuing And Discontinued Operation": -1351000.0,
        "Total Expenses": 71812000.0,
        "Total Operating Income As Reported": 3841000.0,
        "Diluted Average Shares": 13254000.0,
        "Basic Average Shares": 13254000.0,
        "Diluted EPS": -0.1,
        "Basic EPS": -0.1,
        "Diluted NI Availto Com Stockholders": -1351000.0,
        "Net Income Common Stockholders": -1351000.0,
        "Net Income": -1351000.0,
        "Minority Interests": -23000.0,
        "Net Income Including Noncontrolling Interests": -1328000.0,
        "Net Income Continuous Operations": -1328000.0,
        "Tax Provision": 1874000.0,
        "Pretax Income": 546000.0,
        "Other Income Expense": -3090000.0,
        "Other Non Operating Income Expenses": -96000.0,
        "Special Income Charges": -82000.0,
        "Restructuring And Mergern Acquisition": 82000.0,
        "Gain On Sale Of Security": -2912000.0,
        "Net Non Operating Interest Income Expense": -278000.0,
        "Interest Expense Non Operating": 648000.0,
        "Interest Income Non Operating": 370000.0,
        "Operating Income": 3915000.0,
        "Operating Expense": 26345000.0,
        "Selling General And Administration": 26345000.0,
        "General And Administrative Expense": 26345000.0,
        "Other Gand A": 26337000.0,
        "Salaries And Wages": 8000.0,
        "Gross Profit": 30260000.0,
        "Cost Of Revenue": 45467000.0,
        "Total Revenue": 75727000.0,
        "Operating Revenue": 75727000.0
    },
    "2024-12-31": {
        "Tax Effect Of Unusual Items": 339150.0,
        "Tax Rate For Calcs": 0.21,
        "Normalized EBITDA": 4916000.0,
        "Total Unusual Items": 1615000.0,
        "Total Unusual Items Excluding Goodwill": 1615000.0,
        "Net Income From Continuing Operation Net Minority Interest": 768000.0,
        "Reconciled Depreciation": 4034000.0,
        "Reconciled Cost Of Revenue": 44882000.0,
        "EBITDA": 6531000.0,
        "EBIT": 2497000.0,
        "Net Interest Income": -106000.0,
        "Interest Expense": 587000.0,
        "Interest Income": 481000.0,
        "Normalized Income": -507850.0,
        "Net Income From Continuing And Discontinued Operation": 768000.0,
        "Total Expenses": 72182000.0,
        "Total Operating Income As Reported": 199000.0,
        "Diluted Average Shares": NaN,
        "Basic Average Shares": NaN,
        "Diluted EPS": NaN,
        "Basic EPS": NaN,
        "Diluted NI Availto Com Stockholders": 768000.0,
        "Net Income Common Stockholders": 768000.0,
        "Net Income": 768000.0,
        "Minority Interests": 80000.0,
        "Net Income Including Noncontrolling Interests": 688000.0,
        "Net Income Continuous Operations": 688000.0,
        "Tax Provision": 1222000.0,
        "Pretax Income": 1910000.0,
        "Other Income Expense": 1544000.0,
        "Other Non Operating Income Expenses": -71000.0,
        "Special Income Charges": -299000.0,
        "Restructuring And Mergern Acquisition": 299000.0,
        "Gain On Sale Of Security": 1914000.0,
        "Net Non Operating Interest Income Expense": -106000.0,
        "Interest Expense Non Operating": 587000.0,
        "Interest Income Non Operating": 481000.0,
        "Operating Income": 471000.0,
        "Operating Expense": 27300000.0,
        "Selling General And Administration": 27300000.0,
        "General And Administrative Expense": 27300000.0,
        "Other Gand A": 27273000.0,
        "Salaries And Wages": 27000.0,
        "Gross Profit": 27771000.0,
        "Cost Of Revenue": 44882000.0,
        "Total Revenue": 72653000.0,
        "Operating Revenue": 72653000.0
    }
}