{
    "2023-03-31": {
        "Tax Effect Of Unusual Items": NaN,
        "Tax Rate For Calcs": NaN,
        "Normalized EBITDA": NaN,
        "Net Income From Continuing Operation Net Minority Interest": NaN,
        "Reconciled Depreciation": NaN,
        "Reconciled Cost Of Revenue": NaN,
        "EBITDA": NaN,
        "EBIT": NaN,
        "Net Interest Income": NaN,
        "Interest Expense": NaN,
        "Interest Income": NaN,
        "Normalized Income": NaN,
        "Net Income From Continuing And Discontinued Operation": NaN,
        "Total Expenses": NaN,
        "Total Operating Income As Reported": NaN,
        "Diluted Average Shares": 40500000.0,
        "Basic Average Shares": 40200000.0,
        "Diluted EPS": 0.1,
        "Basic EPS": 0.1,
        "Diluted NI Availto Com Stockholders": NaN,
        "Net Income Common Stockholders": NaN,
        "Net Income": NaN,
        "Minority Interests": NaN,
        "Net Income Including Noncontrolling Interests": NaN,
        "Net Income Continuous Operations": NaN,
        "Tax Provision": NaN,
        "Pretax Income": NaN,
        "Other Income Expense": NaN,
        "Other Non Operating Income Expenses": NaN,
        "Net Non Operating Interest Income Expense": NaN,
        "Total Other Finance Cost": NaN,
        "Interest Expense Non Operating": NaN,
        "Interest Income Non Operating": NaN,
        "Operating Income": NaN,
        "Operating Expense": NaN,
        "Research And Development": NaN,
        "Selling General And Administration": NaN,
        "Gross Profit": NaN,
        "Cost Of Revenue": NaN,
        "Total Revenue": NaN,
        "Operating Revenue": NaN
    },
    "2022-12-31": {
        "Tax Effect Of Unusual Items": 0.0,
        "Tax Rate For Calcs": 0.21,
        "Normalized EBITDA": 20300000.0,
        "Net Income From Continuing Operation Net Minority Interest": 3100000.0,
        "Reconciled Depreciation": 8000000.0,
        "Reconciled Cost Of Revenue": 142300000.0,
        "EBITDA": 20300000.0,
        "EBIT": 12300000.0,
        "Net Interest Income": -7000000.0,
        "Interest Expense": 6900000.0,
        "Interest Income": 500000.0,
        "Normalized Income": 3100000.0,
        "Net Income From Continuing And Discontinued Operation": 3100000.0,
        "Total Expenses": 192600000.0,
        "Total Operating Income As Reported": 13000000.0,
        "Diluted Average Shares": 40600000.0,
        "Basic Average Shares": 40100000.0,
        "Diluted EPS": 0.08,
        "Basic EPS": 0.08,
        "Diluted NI Availto Com Stockholders": 3100000.0,
        "Net Income Common Stockholders": 3100000.0,
        "Net Income": 3100000.0,
        "Minority Interests": -100000.0,
        "Net Income Including Noncontrolling Interests": 3200000.0,
        "Net Income Continuous Operations": 3200000.0,
        "Tax Provision": 2200000.0,
        "Pretax Income": 5400000.0,
        "Other Income Expense": -600000.0,
        "Other Non Operating Income Expenses": -600000.0,
        "Net Non Operating Interest Income Expense": -7000000.0,
        "Total Other Finance Cost": 600000.0,
        "Interest Expense Non Operating": 6900000.0,
        "Interest Income Non Operating": 500000.0,
        "Operating Income": 13000000.0,
        "Operating Expense": 50300000.0,
        "Research And Development": 20000000.0,
        "Selling General And Administration": 30300000.0,
        "Gross Profit": 63300000.0,
        "Cost Of Revenue": 142300000.0,
        "Total Revenue": 205600000.0,
        "Operating Revenue": 205600000.0
    },
    "2022-09-30": {
        "Tax Effect Of Unusual Items": 0.0,
        "Tax Rate For Calcs": 0.06383,
        "Normalized EBITDA": 23500000.0,
        "Net Income From Continuing Operation Net Minority Interest": 13100000.0,
        "Reconciled Depreciation": 8100000.0,
        "Reconciled Cost Of Revenue": 156900000.0,
        "EBITDA": 23500000.0,
        "EBIT": 23500000.0,
        "Net Interest Income": -9200000.0,
        "Interest Expense": 9400000.0,
        "Interest Income": 200000.0,
        "Normalized Income": 13100000.0,
        "Net Income From Continuing And Discontinued Operation": 13100000.0,
        "Total Expenses": 206800000.0,
        "Total Operating Income As Reported": 24600000.0,
        "Diluted Average Shares": 40900000.0,
        "Basic Average Shares": 40000000.0,
        "Diluted EPS": 0.32,
        "Basic EPS": 0.33,
        "Diluted NI Availto Com Stockholders": 13100000.0,
        "Net Income Common Stockholders": 13100000.0,
        "Net Income": 13100000.0,
        "Minority Interests": -100000.0,
        "Net Income Including Noncontrolling Interests": 13200000.0,
        "Net Income Continuous Operations": 13200000.0,
        "Tax Provision": 900000.0,
        "Pretax Income": 14100000.0,
        "Other Income Expense": -1300000.0,
        "Other Non Operating Income Expenses": -1300000.0,
        "Net Non Operating Interest Income Expense": -9200000.0,
        "Total Other Finance Cost": 600000.0,
        "Interest Expense Non Operating": 9400000.0,
        "Interest Income Non Operating": 200000.0,
        "Operating Income": 24600000.0,
        "Operating Expense": 49900000.0,
        "Research And Development": 20200000.0,
        "Selling General And Administration": 29700000.0,
        "Gross Profit": 74500000.0,
        "Cost Of Revenue": 156900000.0,
        "Total Revenue": 231400000.0,
        "Operating Revenue": 231400000.0
    },
    "2022-06-30": {
        "Tax Effect Of Unusual Items": 0.0,
        "Tax Rate For Calcs": 0.377778,
        "Normalized EBITDA": 22900000.0,
        "Net Income From Continuing Operation Net Minority Interest": 8200000.0,
        "Reconciled Depreciation": 8400000.0,
        "Reconciled Cost Of Revenue": 141100000.0,
        "EBITDA": 22900000.0,
        "EBIT": 22900000.0,
        "Net Interest Income": -9300000.0,
        "Interest Expense": 9400000.0,
        "Interest Income": 100000.0,
        "Normalized Income": 8200000.0,
        "Net Income From Continuing And Discontinued Operation": 8200000.0,
        "Total Expenses": 191500000.0,
        "Total Operating Income As Reported": 23000000.0,
        "Diluted Average Shares": 40500000.0,
        "Basic Average Shares": 39900000.0,
        "Diluted EPS": 0.2,
        "Basic EPS": 0.21,
        "Diluted NI Availto Com Stockholders": 8200000.0,
        "Net Income Common Stockholders": 8200000.0,
        "Net Income": 8200000.0,
        "Minority Interests": -200000.0,
        "Net Income Including Noncontrolling Interests": 8400000.0,
        "Net Income Continuous Operations": 8400000.0,
        "Tax Provision": 5100000.0,
        "Pretax Income": 13500000.0,
        "Other Income Expense": -200000.0,
        "Other Non Operating Income Expenses": -200000.0,
        "Net Non Operating Interest Income Expense": -9300000.0,
        "Total Other Finance Cost": 500000.0,
        "Interest Expense Non Operating": 9400000.0,
        "Interest Income Non Operating": 100000.0,
        "Operating Income": 23000000.0,
        "Operating Expense": 50400000.0,
        "Research And Development": 20200000.0,
        "Selling General And Administration": 30200000.0,
        "Gross Profit": 73400000.0,
        "Cost Of Revenue": 141100000.0,
        "Total Revenue": 214500000.0,
        "Operating Revenue": 214500000.0
    },
    "2023-06-30": {
        "Tax Effect Of Unusual Items": NaN,
        "Tax Rate For Calcs": NaN,
        "Normalized EBITDA": NaN,
        "Net Income From Continuing Operation Net Minority Interest": NaN,
        "Reconciled Depreciation": NaN,
        "Reconciled Cost Of Revenue": NaN,
        "EBITDA": NaN,
        "EBIT": NaN,
        "Net Interest Income": NaN,
        "Interest Expense": NaN,
        "Interest Income": NaN,
        "Normalized Income": NaN,
        "Net Income From Continuing And Discontinued Operation": NaN,
        "Total Expenses": NaN,
        "Total Operating Income As Reported": NaN,
        "Diluted Average Shares": 50400000.0,
        "Basic Average Shares": 40400000.0,
        "Diluted EPS": 0.21,
        "Basic EPS": 0.23,
        "Diluted NI Availto Com Stockholders": NaN,
        "Net Income Common Stockholders": NaN,
        "Net Income": NaN,
        "Minority Interests": NaN,
        "Net Income Including Noncontrolling Interests": NaN,
        "Net Income Continuous Operations": NaN,
        "Tax Provision": NaN,
        "Pretax Income": NaN,
        "Other Income Expense": NaN,
        "Other Non Operating Income Expenses": NaN,
        "Net Non Operating Interest Income Expense": NaN,
        "Total Other Finance Cost": NaN,
        "Interest Expense Non Operating": NaN,
        "Interest Income Non Operating": NaN,
        "Operating Income": NaN,
        "Operating Expense": NaN,
        "Research And Development": NaN,
        "Selling General And Administration": NaN,
        "Gross Profit": NaN,
        "Cost Of Revenue": NaN,
        "Total Revenue": NaN,
        "Operating Revenue": NaN
    },
    "2022-03-31": {
        "Diluted EPS": 0.18,
        "Total Revenue": 215,
        "Gross Profit": 71,
        "Operating Income": 27,
        "EBIT": 38,
        "Net Income": 8
    },
    "2021-12-31": {
        "Diluted EPS": 0.03,
        "Total Revenue": 199,
        "Gross Profit": 65,
        "Operating Income": 14,
        "EBIT": 25,
        "Net Income": 1
    },
    "2021-09-30": {
        "Diluted EPS": 0.22,
        "Total Revenue": 226,
        "Gross Profit": 76,
        "Operating Income": 27,
        "EBIT": 38,
        "Net Income": 9
    },
    "2021-06-30": {
        "Diluted EPS": 0.29,
        "Total Revenue": 211,
        "Gross Profit": 74,
        "Operating Income": 26,
        "EBIT": 37,
        "Net Income": 12
    },
    "2021-03-31": {
        "Diluted EPS": 0.08,
        "Total Revenue": 204,
        "Gross Profit": 65,
        "Operating Income": 16,
        "EBIT": 28,
        "Net Income": 3
    },
    "2020-12-31": {
        "Diluted EPS": -0.16,
        "Total Revenue": 177,
        "Gross Profit": 57,
        "Operating Income": 6,
        "EBIT": 18,
        "Net Income": -6
    },
    "2020-09-30": {
        "Diluted EPS": -0.68,
        "Total Revenue": 170,
        "Gross Profit": 45,
        "Operating Income": -13,
        "EBIT": 2,
        "Net Income": -26
    },
    "2020-06-30": {
        "Diluted EPS": -0.73,
        "Total Revenue": 171,
        "Gross Profit": 26,
        "Operating Income": -27,
        "EBIT": -16,
        "Net Income": -28
    },
    "2020-03-31": {
        "Diluted EPS": -0.05,
        "Total Revenue": 197,
        "Gross Profit": 58,
        "Operating Income": 1,
        "EBIT": 13,
        "Net Income": -2
    },
    "2019-12-31": {
        "Diluted EPS": -0.03,
        "Total Revenue": 200,
        "Gross Profit": 61,
        "Operating Income": 5,
        "EBIT": 15,
        "Net Income": -1
    },
    "2019-09-30": {
        "Diluted EPS": 0.21,
        "Total Revenue": 202,
        "Gross Profit": 72,
        "Operating Income": 16,
        "EBIT": 26,
        "Net Income": 8
    },
    "2019-06-30": {
        "Diluted EPS": -0.04,
        "Total Revenue": 197,
        "Gross Profit": 61,
        "Operating Income": 5,
        "EBIT": 18,
        "Net Income": -1
    },
    "2019-03-31": {
        "Diluted EPS": 0.15,
        "Total Revenue": 196,
        "Gross Profit": 64,
        "Operating Income": 15,
        "EBIT": 24,
        "Net Income": 6
    },
    "2018-12-31": {
        "Diluted EPS": 0.08,
        "Total Revenue": 186,
        "Gross Profit": 60,
        "Operating Income": 10,
        "EBIT": 25,
        "Net Income": 3
    },
    "2018-09-30": {
        "Diluted EPS": 0.0,
        "Total Revenue": 205,
        "Gross Profit": 59,
        "Operating Income": 6,
        "EBIT": 21,
        "Net Income": 0
    },
    "2018-06-30": {
        "Diluted EPS": 0.1,
        "Total Revenue": 191,
        "Gross Profit": 63,
        "Operating Income": 7,
        "EBIT": 20,
        "Net Income": 4
    },
    "2018-03-31": {
        "Diluted EPS": 0.32,
        "Total Revenue": 201,
        "Gross Profit": 70,
        "Operating Income": 17,
        "EBIT": 28,
        "Net Income": 12
    },
    "2017-12-31": {
        "Diluted EPS": 0.3,
        "Total Revenue": 176,
        "Gross Profit": 62,
        "Operating Income": 14,
        "EBIT": 23,
        "Net Income": 11
    },
    "2017-09-30": {
        "Diluted EPS": 0.39,
        "Total Revenue": 216,
        "Gross Profit": 78,
        "Operating Income": 26,
        "EBIT": 38,
        "Net Income": 15
    },
    "2017-06-30": {
        "Diluted EPS": 0.28,
        "Total Revenue": 170,
        "Gross Profit": 60,
        "Operating Income": 16,
        "EBIT": 22,
        "Net Income": 11
    },
    "2017-03-31": {
        "Diluted EPS": 0.4,
        "Total Revenue": 155,
        "Gross Profit": 58,
        "Operating Income": 24,
        "EBIT": 30,
        "Net Income": 15
    },
    "2016-12-31": {
        "Diluted EPS": 0.29,
        "Total Revenue": 157,
        "Gross Profit": 59,
        "Operating Income": 19,
        "EBIT": 23,
        "Net Income": 11
    },
    "2016-09-30": {
        "Diluted EPS": 0.96,
        "Total Revenue": 172,
        "Gross Profit": 69,
        "Operating Income": 33,
        "EBIT": 37,
        "Net Income": 22
    },
    "2016-06-30": {
        "Diluted EPS": 0.47,
        "Total Revenue": 151,
        "Gross Profit": 63,
        "Operating Income": 28,
        "EBIT": 33,
        "Net Income": 18
    },
    "2016-03-31": {
        "Diluted EPS": 0.39,
        "Total Revenue": 150,
        "Gross Profit": 59,
        "Operating Income": 25,
        "EBIT": 29,
        "Net Income": 15
    },
    "2015-12-31": {
        "Diluted EPS": 0.0,
        "Total Revenue": 147,
        "Gross Profit": 57,
        "Operating Income": 23,
        "EBIT": 27,
        "Net Income": 14
    },
    "2015-09-30": {
        "Diluted EPS": 0.0,
        "Total Revenue": NaN,
        "Gross Profit": NaN,
        "Operating Income": NaN,
        "EBIT": NaN,
        "Net Income": NaN
    },
    "2014-09-30": {
        "Diluted EPS": 0.0,
        "Total Revenue": NaN,
        "Gross Profit": NaN,
        "Operating Income": NaN,
        "EBIT": NaN,
        "Net Income": NaN
    },
    "2023-09-30": {
        "Tax Effect Of Unusual Items": NaN,
        "Tax Rate For Calcs": NaN,
        "Normalized EBITDA": NaN,
        "Net Income From Continuing Operation Net Minority Interest": NaN,
        "Reconciled Depreciation": NaN,
        "Reconciled Cost Of Revenue": NaN,
        "EBITDA": NaN,
        "EBIT": NaN,
        "Net Interest Income": NaN,
        "Interest Expense": NaN,
        "Interest Income": NaN,
        "Normalized Income": NaN,
        "Net Income From Continuing And Discontinued Operation": NaN,
        "Total Expenses": NaN,
        "Total Operating Income As Reported": NaN,
        "Diluted Average Shares": 50500000.0,
        "Basic Average Shares": 40400000.0,
        "Diluted EPS": 0.66,
        "Basic EPS": 0.79,
        "Diluted NI Availto Com Stockholders": NaN,
        "Net Income Common Stockholders": NaN,
        "Net Income": NaN,
        "Minority Interests": NaN,
        "Net Income Including Noncontrolling Interests": NaN,
        "Net Income Continuous Operations": NaN,
        "Tax Provision": NaN,
        "Pretax Income": NaN,
        "Other Income Expense": NaN,
        "Other Non Operating Income Expenses": NaN,
        "Net Non Operating Interest Income Expense": NaN,
        "Total Other Finance Cost": NaN,
        "Interest Expense Non Operating": NaN,
        "Interest Income Non Operating": NaN,
        "Operating Income": NaN,
        "Operating Expense": NaN,
        "Research And Development": NaN,
        "Selling General And Administration": NaN,
        "Gross Profit": NaN,
        "Cost Of Revenue": NaN,
        "Total Revenue": NaN,
        "Operating Revenue": NaN
    },
    "2023-12-31": {
        "Tax Effect Of Unusual Items": 0.0,
        "Tax Rate For Calcs": 0.333333,
        "Normalized EBITDA": 14700000.0,
        "Net Income From Continuing Operation Net Minority Interest": -500000.0,
        "Reconciled Depreciation": 8700000.0,
        "Reconciled Cost Of Revenue": 132900000.0,
        "EBITDA": 14700000.0,
        "EBIT": 6000000.0,
        "Net Interest Income": -5400000.0,
        "Interest Expense": 6600000.0,
        "Interest Income": 1900000.0,
        "Normalized Income": -500000.0,
        "Net Income From Continuing And Discontinued Operation": -500000.0,
        "Total Expenses": 185800000.0,
        "Total Operating Income As Reported": 4200000.0,
        "Diluted Average Shares": 40600000.0,
        "Basic Average Shares": 40600000.0,
        "Diluted EPS": -0.01,
        "Basic EPS": -0.01,
        "Diluted NI Availto Com Stockholders": -500000.0,
        "Net Income Common Stockholders": -500000.0,
        "Net Income": -500000.0,
        "Minority Interests": -100000.0,
        "Net Income Including Noncontrolling Interests": -400000.0,
        "Net Income Continuous Operations": -400000.0,
        "Tax Provision": -200000.0,
        "Pretax Income": -600000.0,
        "Other Income Expense": 600000.0,
        "Other Non Operating Income Expenses": 600000.0,
        "Net Non Operating Interest Income Expense": -5400000.0,
        "Total Other Finance Cost": 700000.0,
        "Interest Expense Non Operating": 6600000.0,
        "Interest Income Non Operating": 1900000.0,
        "Operating Income": 4200000.0,
        "Operating Expense": 52900000.0,
        "Research And Development": 20500000.0,
        "Selling General And Administration": 32400000.0,
        "Gross Profit": 57100000.0,
        "Cost Of Revenue": 132900000.0,
        "Total Revenue": 190000000.0,
        "Operating Revenue": 190000000.0
    },
    "2024-03-31": {
        "Tax Effect Of Unusual Items": NaN,
        "Tax Rate For Calcs": NaN,
        "Normalized EBITDA": NaN,
        "Total Unusual Items": NaN,
        "Total Unusual Items Excluding Goodwill": NaN,
        "Net Income From Continuing Operation Net Minority Interest": NaN,
        "Reconciled Depreciation": NaN,
        "Reconciled Cost Of Revenue": NaN,
        "EBITDA": NaN,
        "EBIT": NaN,
        "Net Interest Income": NaN,
        "Interest Expense": NaN,
        "Interest Income": NaN,
        "Normalized Income": NaN,
        "Net Income From Continuing And Discontinued Operation": NaN,
        "Total Expenses": NaN,
        "Total Operating Income As Reported": NaN,
        "Diluted Average Shares": NaN,
        "Basic Average Shares": NaN,
        "Diluted EPS": NaN,
        "Basic EPS": NaN,
        "Diluted NI Availto Com Stockholders": NaN,
        "Average Dilution Earnings": 0.0,
        "Net Income Common Stockholders": NaN,
        "Net Income": NaN,
        "Minority Interests": NaN,
        "Net Income Including Noncontrolling Interests": NaN,
        "Net Income Continuous Operations": NaN,
        "Tax Provision": NaN,
        "Pretax Income": NaN,
        "Other Income Expense": NaN,
        "Other Non Operating Income Expenses": NaN,
        "Special Income Charges": NaN,
        "Impairment Of Capital Assets": NaN,
        "Net Non Operating Interest Income Expense": NaN,
        "Total Other Finance Cost": NaN,
        "Interest Expense Non Operating": NaN,
        "Interest Income Non Operating": NaN,
        "Operating Income": NaN,
        "Operating Expense": NaN,
        "Research And Development": NaN,
        "Selling General And Administration": NaN,
        "Gross Profit": NaN,
        "Cost Of Revenue": NaN,
        "Total Revenue": NaN,
        "Operating Revenue": NaN
    },
    "2024-06-30": {
        "Tax Effect Of Unusual Items": NaN,
        "Tax Rate For Calcs": NaN,
        "Normalized EBITDA": NaN,
        "Total Unusual Items": 0.0,
        "Total Unusual Items Excluding Goodwill": 0.0,
        "Net Income From Continuing Operation Net Minority Interest": NaN,
        "Reconciled Depreciation": NaN,
        "Reconciled Cost Of Revenue": NaN,
        "EBITDA": NaN,
        "EBIT": NaN,
        "Net Interest Income": NaN,
        "Interest Expense": NaN,
        "Interest Income": NaN,
        "Normalized Income": NaN,
        "Net Income From Continuing And Discontinued Operation": NaN,
        "Total Expenses": NaN,
        "Total Operating Income As Reported": NaN,
        "Diluted Average Shares": NaN,
        "Basic Average Shares": NaN,
        "Diluted EPS": NaN,
        "Basic EPS": NaN,
        "Diluted NI Availto Com Stockholders": NaN,
        "Average Dilution Earnings": NaN,
        "Net Income Common Stockholders": NaN,
        "Net Income": NaN,
        "Minority Interests": NaN,
        "Net Income Including Noncontrolling Interests": NaN,
        "Net Income Continuous Operations": NaN,
        "Tax Provision": NaN,
        "Pretax Income": NaN,
        "Other Income Expense": NaN,
        "Other Non Operating Income Expenses": NaN,
        "Special Income Charges": 0.0,
        "Impairment Of Capital Assets": 0.0,
        "Net Non Operating Interest Income Expense": NaN,
        "Total Other Finance Cost": NaN,
        "Interest Expense Non Operating": NaN,
        "Interest Income Non Operating": NaN,
        "Operating Income": NaN,
        "Operating Expense": NaN,
        "Research And Development": NaN,
        "Selling General And Administration": NaN,
        "Gross Profit": NaN,
        "Cost Of Revenue": NaN,
        "Total Revenue": NaN,
        "Operating Revenue": NaN
    },
    "2024-09-30": {
        "Tax Effect Of Unusual Items": 0.0,
        "Tax Rate For Calcs": 0.21,
        "Normalized EBITDA": 16000000.0,
        "Total Unusual Items": NaN,
        "Total Unusual Items Excluding Goodwill": NaN,
        "Net Income From Continuing Operation Net Minority Interest": -50000000.0,
        "Reconciled Depreciation": 6600000.0,
        "Reconciled Cost Of Revenue": 138600000.0,
        "EBITDA": 16000000.0,
        "EBIT": 9400000.0,
        "Net Interest Income": -5800000.0,
        "Interest Expense": 6900000.0,
        "Interest Income": 1800000.0,
        "Normalized Income": -50000000.0,
        "Net Income From Continuing And Discontinued Operation": -50000000.0,
        "Total Expenses": 194800000.0,
        "Total Operating Income As Reported": 10900000.0,
        "Diluted Average Shares": 40900000.0,
        "Basic Average Shares": 40900000.0,
        "Diluted EPS": -1.22,
        "Basic EPS": -1.22,
        "Diluted NI Availto Com Stockholders": -50000000.0,
        "Average Dilution Earnings": NaN,
        "Net Income Common Stockholders": -50000000.0,
        "Net Income": -50000000.0,
        "Minority Interests": -100000.0,
        "Net Income Including Noncontrolling Interests": -49900000.0,
        "Net Income Continuous Operations": -49900000.0,
        "Tax Provision": 52400000.0,
        "Pretax Income": 2500000.0,
        "Other Income Expense": -2600000.0,
        "Other Non Operating Income Expenses": -1400000.0,
        "Special Income Charges": NaN,
        "Impairment Of Capital Assets": NaN,
        "Net Non Operating Interest Income Expense": -5800000.0,
        "Total Other Finance Cost": 700000.0,
        "Interest Expense Non Operating": 6900000.0,
        "Interest Income Non Operating": 1800000.0,
        "Operating Income": 10900000.0,
        "Operating Expense": 56200000.0,
        "Research And Development": 21900000.0,
        "Selling General And Administration": 34300000.0,
        "Gross Profit": 67100000.0,
        "Cost Of Revenue": 138600000.0,
        "Total Revenue": 205700000.0,
        "Operating Revenue": 205700000.0
    },
    "2024-12-31": {
        "Tax Effect Of Unusual Items": 0.0,
        "Tax Rate For Calcs": 0.21,
        "Normalized EBITDA": 16700000.0,
        "Total Unusual Items": NaN,
        "Total Unusual Items Excluding Goodwill": NaN,
        "Net Income From Continuing Operation Net Minority Interest": -300000.0,
        "Reconciled Depreciation": 7100000.0,
        "Reconciled Cost Of Revenue": 131300000.0,
        "EBITDA": 16700000.0,
        "EBIT": 9600000.0,
        "Net Interest Income": -5900000.0,
        "Interest Expense": 7100000.0,
        "Interest Income": 2100000.0,
        "Normalized Income": -300000.0,
        "Net Income From Continuing And Discontinued Operation": -300000.0,
        "Total Expenses": 188600000.0,
        "Total Operating Income As Reported": 11200000.0,
        "Diluted Average Shares": 41100000.0,
        "Basic Average Shares": 41100000.0,
        "Diluted EPS": -0.01,
        "Basic EPS": -0.01,
        "Diluted NI Availto Com Stockholders": -300000.0,
        "Average Dilution Earnings": NaN,
        "Net Income Common Stockholders": -300000.0,
        "Net Income": -300000.0,
        "Minority Interests": -200000.0,
        "Net Income Including Noncontrolling Interests": -100000.0,
        "Net Income Continuous Operations": -100000.0,
        "Tax Provision": 2600000.0,
        "Pretax Income": 2500000.0,
        "Other Income Expense": -2800000.0,
        "Other Non Operating Income Expenses": -2800000.0,
        "Special Income Charges": NaN,
        "Impairment Of Capital Assets": NaN,
        "Net Non Operating Interest Income Expense": -5900000.0,
        "Total Other Finance Cost": 900000.0,
        "Interest Expense Non Operating": 7100000.0,
        "Interest Income Non Operating": 2100000.0,
        "Operating Income": 11200000.0,
        "Operating Expense": 57300000.0,
        "Research And Development": 23500000.0,
        "Selling General And Administration": 33800000.0,
        "Gross Profit": 68500000.0,
        "Cost Of Revenue": 131300000.0,
        "Total Revenue": 199800000.0,
        "Operating Revenue": 199800000.0
    },
    "2025-03-31": {
        "Tax Effect Of Unusual Items": 0.0,
        "Tax Rate For Calcs": 0.342593,
        "Normalized EBITDA": 26800000.0,
        "Total Unusual Items": NaN,
        "Total Unusual Items Excluding Goodwill": NaN,
        "Net Income From Continuing Operation Net Minority Interest": 6900000.0,
        "Reconciled Depreciation": 6600000.0,
        "Reconciled Cost Of Revenue": 136200000.0,
        "EBITDA": 26800000.0,
        "EBIT": 20200000.0,
        "Net Interest Income": -7300000.0,
        "Interest Expense": 9400000.0,
        "Interest Income": 2900000.0,
        "Normalized Income": 6900000.0,
        "Net Income From Continuing And Discontinued Operation": 6900000.0,
        "Total Expenses": 190800000.0,
        "Total Operating Income As Reported": 22100000.0,
        "Diluted Average Shares": 51200000.0,
        "Basic Average Shares": 41400000.0,
        "Diluted EPS": 0.17,
        "Basic EPS": 0.17,
        "Diluted NI Availto Com Stockholders": 8500000.0,
        "Average Dilution Earnings": 1600000.0,
        "Net Income Common Stockholders": 6900000.0,
        "Net Income": 6900000.0,
        "Minority Interests": -200000.0,
        "Net Income Including Noncontrolling Interests": 7100000.0,
        "Net Income Continuous Operations": 7100000.0,
        "Tax Provision": 3700000.0,
        "Pretax Income": 10800000.0,
        "Other Income Expense": -4000000.0,
        "Other Non Operating Income Expenses": -4000000.0,
        "Special Income Charges": NaN,
        "Impairment Of Capital Assets": NaN,
        "Net Non Operating Interest Income Expense": -7300000.0,
        "Total Other Finance Cost": 800000.0,
        "Interest Expense Non Operating": 9400000.0,
        "Interest Income Non Operating": 2900000.0,
        "Operating Income": 22100000.0,
        "Operating Expense": 54600000.0,
        "Research And Development": 22000000.0,
        "Selling General And Administration": 32600000.0,
        "Gross Profit": 76700000.0,
        "Cost Of Revenue": 136200000.0,
        "Total Revenue": 212900000.0,
        "Operating Revenue": 212900000.0
    },
    "2025-06-30": {
        "Tax Effect Of Unusual Items": -19719000.0,
        "Tax Rate For Calcs": 0.21,
        "Normalized EBITDA": 22800000.0,
        "Total Unusual Items": -93900000.0,
        "Total Unusual Items Excluding Goodwill": -93900000.0,
        "Net Income From Continuing Operation Net Minority Interest": -89100000.0,
        "Reconciled Depreciation": 6800000.0,
        "Reconciled Cost Of Revenue": 135500000.0,
        "EBITDA": -71100000.0,
        "EBIT": -77900000.0,
        "Net Interest Income": -6900000.0,
        "Interest Expense": 8700000.0,
        "Interest Income": 2500000.0,
        "Normalized Income": -14919000.0,
        "Net Income From Continuing And Discontinued Operation": -89100000.0,
        "Total Expenses": 189800000.0,
        "Total Operating Income As Reported": -80700000.0,
        "Diluted Average Shares": 41500000.0,
        "Basic Average Shares": 41500000.0,
        "Diluted EPS": -2.15,
        "Basic EPS": -2.15,
        "Diluted NI Availto Com Stockholders": -89100000.0,
        "Average Dilution Earnings": NaN,
        "Net Income Common Stockholders": -89100000.0,
        "Net Income": -89100000.0,
        "Minority Interests": 0.0,
        "Net Income Including Noncontrolling Interests": -89100000.0,
        "Net Income Continuous Operations": -89100000.0,
        "Tax Provision": 2500000.0,
        "Pretax Income": -86600000.0,
        "Other Income Expense": -92900000.0,
        "Other Non Operating Income Expenses": 1000000.0,
        "Special Income Charges": -93900000.0,
        "Impairment Of Capital Assets": 93900000.0,
        "Net Non Operating Interest Income Expense": -6900000.0,
        "Total Other Finance Cost": 700000.0,
        "Interest Expense Non Operating": 8700000.0,
        "Interest Income Non Operating": 2500000.0,
        "Operating Income": 13200000.0,
        "Operating Expense": 54300000.0,
        "Research And Development": 21400000.0,
        "Selling General And Administration": 32900000.0,
        "Gross Profit": 67500000.0,
        "Cost Of Revenue": 135500000.0,
        "Total Revenue": 203000000.0,
        "Operating Revenue": 203000000.0
    },
    "2025-09-30": {
        "Tax Effect Of Unusual Items": -404255.319149,
        "Tax Rate For Calcs": 0.134752,
        "Normalized EBITDA": 31300000.0,
        "Total Unusual Items": -3000000.0,
        "Total Unusual Items Excluding Goodwill": -3000000.0,
        "Net Income From Continuing Operation Net Minority Interest": 12200000.0,
        "Reconciled Depreciation": 6700000.0,
        "Reconciled Cost Of Revenue": 151100000.0,
        "EBITDA": 28300000.0,
        "EBIT": 21600000.0,
        "Net Interest Income": -6900000.0,
        "Interest Expense": 7500000.0,
        "Interest Income": 1000000.0,
        "Normalized Income": 14795744.680851,
        "Net Income From Continuing And Discontinued Operation": 12200000.0,
        "Total Expenses": 209300000.0,
        "Total Operating Income As Reported": 19600000.0,
        "Diluted Average Shares": 41800000.0,
        "Basic Average Shares": 41600000.0,
        "Diluted EPS": 0.29,
        "Basic EPS": 0.29,
        "Diluted NI Availto Com Stockholders": 12200000.0,
        "Average Dilution Earnings": NaN,
        "Net Income Common Stockholders": 12200000.0,
        "Net Income": 12200000.0,
        "Minority Interests": 0.0,
        "Net Income Including Noncontrolling Interests": 12200000.0,
        "Net Income Continuous Operations": 12200000.0,
        "Tax Provision": 1900000.0,
        "Pretax Income": 14100000.0,
        "Other Income Expense": 1400000.0,
        "Other Non Operating Income Expenses": 6700000.0,
        "Special Income Charges": 0.0,
        "Impairment Of Capital Assets": 0.0,
        "Net Non Operating Interest Income Expense": -6900000.0,
        "Total Other Finance Cost": 400000.0,
        "Interest Expense Non Operating": 7500000.0,
        "Interest Income Non Operating": 1000000.0,
        "Operating Income": 19600000.0,
        "Operating Expense": 58200000.0,
        "Research And Development": 24200000.0,
        "Selling General And Administration": 34000000.0,
        "Gross Profit": 77800000.0,
        "Cost Of Revenue": 151100000.0,
        "Total Revenue": 228900000.0,
        "Operating Revenue": 228900000.0
    }
}