{
    "2023-06-30": {
        "Tax Effect Of Unusual Items": NaN,
        "Tax Rate For Calcs": NaN,
        "Normalized EBITDA": NaN,
        "Net Income From Continuing Operation Net Minority Interest": NaN,
        "Reconciled Depreciation": NaN,
        "Reconciled Cost Of Revenue": NaN,
        "EBITDA": NaN,
        "EBIT": NaN,
        "Net Interest Income": NaN,
        "Interest Income": 8465000.0,
        "Normalized Income": NaN,
        "Net Income From Continuing And Discontinued Operation": NaN,
        "Total Expenses": NaN,
        "Total Operating Income As Reported": NaN,
        "Diluted Average Shares": NaN,
        "Basic Average Shares": NaN,
        "Diluted EPS": NaN,
        "Basic EPS": NaN,
        "Diluted NI Availto Com Stockholders": NaN,
        "Net Income Common Stockholders": NaN,
        "Net Income": NaN,
        "Net Income Including Noncontrolling Interests": NaN,
        "Net Income Continuous Operations": NaN,
        "Tax Provision": NaN,
        "Pretax Income": NaN,
        "Net Non Operating Interest Income Expense": NaN,
        "Total Other Finance Cost": NaN,
        "Interest Income Non Operating": 8465000.0,
        "Operating Income": NaN,
        "Operating Expense": NaN,
        "Research And Development": NaN,
        "Selling General And Administration": NaN,
        "Selling And Marketing Expense": NaN,
        "General And Administrative Expense": NaN,
        "Other Gand A": NaN,
        "Gross Profit": NaN,
        "Cost Of Revenue": NaN,
        "Total Revenue": NaN,
        "Operating Revenue": NaN
    },
    "2023-03-31": {
        "Tax Effect Of Unusual Items": NaN,
        "Tax Rate For Calcs": NaN,
        "Normalized EBITDA": NaN,
        "Net Income From Continuing Operation Net Minority Interest": NaN,
        "Reconciled Depreciation": NaN,
        "Reconciled Cost Of Revenue": NaN,
        "EBITDA": NaN,
        "EBIT": NaN,
        "Net Interest Income": NaN,
        "Interest Income": 7773000.0,
        "Normalized Income": NaN,
        "Net Income From Continuing And Discontinued Operation": NaN,
        "Total Expenses": NaN,
        "Total Operating Income As Reported": NaN,
        "Diluted Average Shares": NaN,
        "Basic Average Shares": NaN,
        "Diluted EPS": NaN,
        "Basic EPS": NaN,
        "Diluted NI Availto Com Stockholders": NaN,
        "Net Income Common Stockholders": NaN,
        "Net Income": NaN,
        "Net Income Including Noncontrolling Interests": NaN,
        "Net Income Continuous Operations": NaN,
        "Tax Provision": NaN,
        "Pretax Income": NaN,
        "Net Non Operating Interest Income Expense": NaN,
        "Total Other Finance Cost": NaN,
        "Interest Income Non Operating": 7773000.0,
        "Operating Income": NaN,
        "Operating Expense": NaN,
        "Research And Development": NaN,
        "Selling General And Administration": NaN,
        "Selling And Marketing Expense": NaN,
        "General And Administrative Expense": NaN,
        "Other Gand A": NaN,
        "Gross Profit": NaN,
        "Cost Of Revenue": NaN,
        "Total Revenue": NaN,
        "Operating Revenue": NaN
    },
    "2022-12-31": {
        "Tax Effect Of Unusual Items": NaN,
        "Tax Rate For Calcs": NaN,
        "Normalized EBITDA": NaN,
        "Net Income From Continuing Operation Net Minority Interest": NaN,
        "Reconciled Depreciation": NaN,
        "Reconciled Cost Of Revenue": NaN,
        "EBITDA": NaN,
        "EBIT": NaN,
        "Net Interest Income": NaN,
        "Interest Income": NaN,
        "Normalized Income": NaN,
        "Net Income From Continuing And Discontinued Operation": NaN,
        "Total Expenses": NaN,
        "Total Operating Income As Reported": NaN,
        "Diluted Average Shares": NaN,
        "Basic Average Shares": NaN,
        "Diluted EPS": NaN,
        "Basic EPS": NaN,
        "Diluted NI Availto Com Stockholders": NaN,
        "Net Income Common Stockholders": NaN,
        "Net Income": NaN,
        "Net Income Including Noncontrolling Interests": NaN,
        "Net Income Continuous Operations": NaN,
        "Tax Provision": NaN,
        "Pretax Income": NaN,
        "Net Non Operating Interest Income Expense": NaN,
        "Total Other Finance Cost": 8124000.0,
        "Interest Income Non Operating": NaN,
        "Operating Income": NaN,
        "Operating Expense": NaN,
        "Research And Development": NaN,
        "Selling General And Administration": NaN,
        "Selling And Marketing Expense": NaN,
        "General And Administrative Expense": NaN,
        "Other Gand A": NaN,
        "Gross Profit": NaN,
        "Cost Of Revenue": NaN,
        "Total Revenue": NaN,
        "Operating Revenue": NaN
    },
    "2022-09-30": {
        "Tax Effect Of Unusual Items": NaN,
        "Tax Rate For Calcs": NaN,
        "Normalized EBITDA": NaN,
        "Net Income From Continuing Operation Net Minority Interest": NaN,
        "Reconciled Depreciation": NaN,
        "Reconciled Cost Of Revenue": NaN,
        "EBITDA": NaN,
        "EBIT": NaN,
        "Net Interest Income": NaN,
        "Interest Income": NaN,
        "Normalized Income": NaN,
        "Net Income From Continuing And Discontinued Operation": NaN,
        "Total Expenses": NaN,
        "Total Operating Income As Reported": NaN,
        "Diluted Average Shares": NaN,
        "Basic Average Shares": NaN,
        "Diluted EPS": NaN,
        "Basic EPS": NaN,
        "Diluted NI Availto Com Stockholders": NaN,
        "Net Income Common Stockholders": NaN,
        "Net Income": NaN,
        "Net Income Including Noncontrolling Interests": NaN,
        "Net Income Continuous Operations": NaN,
        "Tax Provision": NaN,
        "Pretax Income": NaN,
        "Net Non Operating Interest Income Expense": NaN,
        "Total Other Finance Cost": -2431000.0,
        "Interest Income Non Operating": NaN,
        "Operating Income": NaN,
        "Operating Expense": NaN,
        "Research And Development": NaN,
        "Selling General And Administration": NaN,
        "Selling And Marketing Expense": NaN,
        "General And Administrative Expense": NaN,
        "Other Gand A": NaN,
        "Gross Profit": NaN,
        "Cost Of Revenue": NaN,
        "Total Revenue": NaN,
        "Operating Revenue": NaN
    },
    "2022-06-30": {
        "Tax Effect Of Unusual Items": 0.0,
        "Tax Rate For Calcs": 0.4,
        "Normalized EBITDA": -37568000.0,
        "Net Income From Continuing Operation Net Minority Interest": -36290000.0,
        "Reconciled Depreciation": 2498000.0,
        "Reconciled Cost Of Revenue": 17799000.0,
        "EBITDA": -37568000.0,
        "EBIT": -37568000.0,
        "Net Interest Income": 2976000.0,
        "Interest Income": NaN,
        "Normalized Income": -36290000.0,
        "Net Income From Continuing And Discontinued Operation": -36290000.0,
        "Total Expenses": 149016000.0,
        "Total Operating Income As Reported": -37568000.0,
        "Diluted Average Shares": 109675310.0,
        "Basic Average Shares": 109675310.0,
        "Diluted EPS": -0.33,
        "Basic EPS": -0.33,
        "Diluted NI Availto Com Stockholders": -36290000.0,
        "Net Income Common Stockholders": -36290000.0,
        "Net Income": -36290000.0,
        "Net Income Including Noncontrolling Interests": -36290000.0,
        "Net Income Continuous Operations": -36290000.0,
        "Tax Provision": 1698000.0,
        "Pretax Income": -34592000.0,
        "Net Non Operating Interest Income Expense": 2976000.0,
        "Total Other Finance Cost": -2976000.0,
        "Interest Income Non Operating": NaN,
        "Operating Income": -37568000.0,
        "Operating Expense": 131217000.0,
        "Research And Development": 44815000.0,
        "Selling General And Administration": 86402000.0,
        "Selling And Marketing Expense": 68714000.0,
        "General And Administrative Expense": 17688000.0,
        "Other Gand A": 17688000.0,
        "Gross Profit": 93649000.0,
        "Cost Of Revenue": 17799000.0,
        "Total Revenue": 111448000.0,
        "Operating Revenue": 111448000.0
    },
    "2022-03-31": {
        "Diluted EPS": -0.45,
        "Total Revenue": 96,
        "Gross Profit": 78,
        "Operating Income": -48,
        "EBIT": -37,
        "Net Income": -49
    },
    "2021-12-31": {
        "Diluted EPS": -0.22,
        "Total Revenue": 127,
        "Gross Profit": 109,
        "Operating Income": -18,
        "EBIT": -9,
        "Net Income": -25
    },
    "2021-09-30": {
        "Diluted EPS": -0.22,
        "Total Revenue": 100,
        "Gross Profit": 86,
        "Operating Income": -19,
        "EBIT": -9,
        "Net Income": -23
    },
    "2021-06-30": {
        "Diluted EPS": -0.31,
        "Total Revenue": 88,
        "Gross Profit": 74,
        "Operating Income": -28,
        "EBIT": -18,
        "Net Income": -33
    },
    "2021-03-31": {
        "Diluted EPS": -0.36,
        "Total Revenue": 75,
        "Gross Profit": 61,
        "Operating Income": -34,
        "EBIT": -24,
        "Net Income": -36
    },
    "2020-12-31": {
        "Diluted EPS": -0.2,
        "Total Revenue": 95,
        "Gross Profit": 83,
        "Operating Income": -7,
        "EBIT": 2,
        "Net Income": -19
    },
    "2020-09-30": {
        "Diluted EPS": -0.2,
        "Total Revenue": 77,
        "Gross Profit": 65,
        "Operating Income": -16,
        "EBIT": -6,
        "Net Income": -19
    },
    "2020-06-30": {
        "Diluted EPS": -0.26,
        "Total Revenue": 67,
        "Gross Profit": 56,
        "Operating Income": -22,
        "EBIT": -14,
        "Net Income": -24
    },
    "2020-03-31": {
        "Diluted EPS": -0.34,
        "Total Revenue": 54,
        "Gross Profit": 44,
        "Operating Income": -33,
        "EBIT": -25,
        "Net Income": -31
    },
    "2019-12-31": {
        "Diluted EPS": -0.16,
        "Total Revenue": 73,
        "Gross Profit": 63,
        "Operating Income": -14,
        "EBIT": -7,
        "Net Income": -15
    },
    "2019-09-30": {
        "Diluted EPS": -0.19,
        "Total Revenue": 66,
        "Gross Profit": 57,
        "Operating Income": -16,
        "EBIT": -7,
        "Net Income": -17
    },
    "2019-06-30": {
        "Diluted EPS": -0.27,
        "Total Revenue": 60,
        "Gross Profit": 51,
        "Operating Income": -24,
        "EBIT": -18,
        "Net Income": -24
    },
    "2019-03-31": {
        "Diluted EPS": -0.25,
        "Total Revenue": 56,
        "Gross Profit": 48,
        "Operating Income": -22,
        "EBIT": -16,
        "Net Income": -23
    },
    "2018-12-31": {
        "Diluted EPS": 0.08,
        "Total Revenue": 88,
        "Gross Profit": 80,
        "Operating Income": 5,
        "EBIT": 10,
        "Net Income": 6
    },
    "2018-09-30": {
        "Diluted EPS": -0.08,
        "Total Revenue": 67,
        "Gross Profit": 60,
        "Operating Income": -7,
        "EBIT": -3,
        "Net Income": -7
    },
    "2018-06-30": {
        "Diluted EPS": -0.15,
        "Total Revenue": 62,
        "Gross Profit": 56,
        "Operating Income": -11,
        "EBIT": -7,
        "Net Income": -13
    },
    "2018-03-31": {
        "Diluted EPS": -0.18,
        "Total Revenue": 54,
        "Gross Profit": 47,
        "Operating Income": -15,
        "EBIT": -11,
        "Net Income": -15
    },
    "2017-12-31": {
        "Diluted EPS": 0.09,
        "Total Revenue": 73,
        "Gross Profit": 67,
        "Operating Income": 8,
        "EBIT": 12,
        "Net Income": 7
    },
    "2017-09-30": {
        "Diluted EPS": -0.04,
        "Total Revenue": 53,
        "Gross Profit": 48,
        "Operating Income": -3,
        "EBIT": 1,
        "Net Income": -3
    },
    "2017-06-30": {
        "Diluted EPS": -0.07,
        "Total Revenue": 49,
        "Gross Profit": 45,
        "Operating Income": -6,
        "EBIT": -2,
        "Net Income": -6
    },
    "2017-03-31": {
        "Diluted EPS": -0.14,
        "Total Revenue": 40,
        "Gross Profit": 35,
        "Operating Income": -12,
        "EBIT": -8,
        "Net Income": -12
    },
    "2016-12-31": {
        "Diluted EPS": 0.09,
        "Total Revenue": 56,
        "Gross Profit": 51,
        "Operating Income": 8,
        "EBIT": 18,
        "Net Income": 7
    },
    "2016-09-30": {
        "Diluted EPS": -0.06,
        "Total Revenue": 41,
        "Gross Profit": 37,
        "Operating Income": -4,
        "EBIT": -3,
        "Net Income": -4
    },
    "2016-06-30": {
        "Diluted EPS": -0.08,
        "Total Revenue": 39,
        "Gross Profit": 35,
        "Operating Income": -6,
        "EBIT": -5,
        "Net Income": -6
    },
    "2016-03-31": {
        "Diluted EPS": -0.13,
        "Total Revenue": 30,
        "Gross Profit": 27,
        "Operating Income": -11,
        "EBIT": -10,
        "Net Income": -10
    },
    "2015-12-31": {
        "Diluted EPS": 0.04,
        "Total Revenue": 44,
        "Gross Profit": 41,
        "Operating Income": 4,
        "EBIT": 4,
        "Net Income": 3
    },
    "2015-09-30": {
        "Diluted EPS": -0.06,
        "Total Revenue": 31,
        "Gross Profit": 28,
        "Operating Income": -5,
        "EBIT": -4,
        "Net Income": -5
    },
    "2015-06-30": {
        "Diluted EPS": -0.08,
        "Total Revenue": 29,
        "Gross Profit": 26,
        "Operating Income": -7,
        "EBIT": -6,
        "Net Income": -6
    },
    "2015-03-31": {
        "Diluted EPS": -0.17,
        "Total Revenue": 23,
        "Gross Profit": 20,
        "Operating Income": -12,
        "EBIT": -11,
        "Net Income": -13
    },
    "2014-12-31": {
        "Diluted EPS": 0.09,
        "Total Revenue": 34,
        "Gross Profit": 31,
        "Operating Income": 0,
        "EBIT": 1,
        "Net Income": 0
    },
    "2014-09-30": {
        "Diluted EPS": -0.09,
        "Total Revenue": 26,
        "Gross Profit": 23,
        "Operating Income": -5,
        "EBIT": -5,
        "Net Income": -6
    },
    "2014-06-30": {
        "Diluted EPS": -0.06,
        "Total Revenue": 25,
        "Gross Profit": 22,
        "Operating Income": -5,
        "EBIT": -4,
        "Net Income": -5
    },
    "2014-03-31": {
        "Diluted EPS": -0.24,
        "Total Revenue": 17,
        "Gross Profit": 15,
        "Operating Income": -8,
        "EBIT": -8,
        "Net Income": -8
    },
    "2013-12-31": {
        "Diluted EPS": 0.08,
        "Total Revenue": 26,
        "Gross Profit": 24,
        "Operating Income": 2,
        "EBIT": 2,
        "Net Income": 2
    },
    "2013-09-30": {
        "Diluted EPS": -0.22,
        "Total Revenue": 19,
        "Gross Profit": 17,
        "Operating Income": -2,
        "EBIT": -2,
        "Net Income": -3
    },
    "2013-06-30": {
        "Diluted EPS": -0.14,
        "Total Revenue": 18,
        "Gross Profit": 16,
        "Operating Income": -1,
        "EBIT": -1,
        "Net Income": -2
    },
    "2013-03-31": {
        "Diluted EPS": -0.41,
        "Total Revenue": 13,
        "Gross Profit": 11,
        "Operating Income": -4,
        "EBIT": -4,
        "Net Income": -5
    },
    "2012-12-31": {
        "Diluted EPS": 0.0,
        "Total Revenue": NaN,
        "Gross Profit": NaN,
        "Operating Income": NaN,
        "EBIT": NaN,
        "Net Income": NaN
    },
    "2011-12-31": {
        "Diluted EPS": 0.0,
        "Total Revenue": NaN,
        "Gross Profit": NaN,
        "Operating Income": NaN,
        "EBIT": NaN,
        "Net Income": NaN
    },
    "2023-09-30": {
        "Tax Effect Of Unusual Items": NaN,
        "Tax Rate For Calcs": NaN,
        "Normalized EBITDA": NaN,
        "Net Income From Continuing Operation Net Minority Interest": NaN,
        "Reconciled Depreciation": NaN,
        "Reconciled Cost Of Revenue": NaN,
        "EBITDA": NaN,
        "EBIT": NaN,
        "Net Interest Income": NaN,
        "Interest Income": 8634000.0,
        "Normalized Income": NaN,
        "Net Income From Continuing And Discontinued Operation": NaN,
        "Total Expenses": NaN,
        "Total Operating Income As Reported": NaN,
        "Diluted Average Shares": NaN,
        "Basic Average Shares": NaN,
        "Diluted EPS": NaN,
        "Basic EPS": NaN,
        "Diluted NI Availto Com Stockholders": NaN,
        "Net Income Common Stockholders": NaN,
        "Net Income": NaN,
        "Net Income Including Noncontrolling Interests": NaN,
        "Net Income Continuous Operations": NaN,
        "Tax Provision": NaN,
        "Pretax Income": NaN,
        "Net Non Operating Interest Income Expense": NaN,
        "Total Other Finance Cost": -8634000.0,
        "Interest Income Non Operating": 8634000.0,
        "Operating Income": NaN,
        "Operating Expense": NaN,
        "Research And Development": NaN,
        "Selling General And Administration": NaN,
        "Selling And Marketing Expense": NaN,
        "General And Administrative Expense": NaN,
        "Other Gand A": NaN,
        "Gross Profit": NaN,
        "Cost Of Revenue": NaN,
        "Total Revenue": NaN,
        "Operating Revenue": NaN
    },
    "2023-12-31": {
        "Tax Effect Of Unusual Items": 0.0,
        "Tax Rate For Calcs": 0.21,
        "Normalized EBITDA": 31225000.0,
        "Net Income From Continuing Operation Net Minority Interest": -898000.0,
        "Reconciled Depreciation": 2967000.0,
        "Reconciled Cost Of Revenue": 19347000.0,
        "EBITDA": 31225000.0,
        "EBIT": 28258000.0,
        "Net Interest Income": 4517000.0,
        "Interest Income": NaN,
        "Normalized Income": -898000.0,
        "Net Income From Continuing And Discontinued Operation": -898000.0,
        "Total Expenses": 159343000.0,
        "Total Operating Income As Reported": -5244000.0,
        "Diluted Average Shares": 109007859.0,
        "Basic Average Shares": 109007859.0,
        "Diluted EPS": -0.01,
        "Basic EPS": -0.01,
        "Diluted NI Availto Com Stockholders": -898000.0,
        "Net Income Common Stockholders": -898000.0,
        "Net Income": -898000.0,
        "Net Income Including Noncontrolling Interests": -898000.0,
        "Net Income Continuous Operations": -898000.0,
        "Tax Provision": 1087000.0,
        "Pretax Income": 189000.0,
        "Net Non Operating Interest Income Expense": 4517000.0,
        "Total Other Finance Cost": 26847000.0,
        "Interest Income Non Operating": NaN,
        "Operating Income": -5244000.0,
        "Operating Expense": 139996000.0,
        "Research And Development": 48144000.0,
        "Selling General And Administration": 91852000.0,
        "Selling And Marketing Expense": 70569000.0,
        "General And Administrative Expense": 21283000.0,
        "Other Gand A": 21283000.0,
        "Gross Profit": 134752000.0,
        "Cost Of Revenue": 19347000.0,
        "Total Revenue": 154099000.0,
        "Operating Revenue": 154099000.0
    },
    "2024-03-31": {
        "Tax Effect Of Unusual Items": 0.0,
        "Tax Rate For Calcs": 0.21,
        "Normalized EBITDA": -44724000.0,
        "Net Income From Continuing Operation Net Minority Interest": -40490000.0,
        "Reconciled Depreciation": 2909000.0,
        "Reconciled Cost Of Revenue": 21349000.0,
        "EBITDA": -44724000.0,
        "EBIT": -47633000.0,
        "Net Interest Income": 8545000.0,
        "Interest Income": 8545000.0,
        "Normalized Income": -40490000.0,
        "Net Income From Continuing And Discontinued Operation": -40490000.0,
        "Total Expenses": 161655000.0,
        "Total Operating Income As Reported": -47633000.0,
        "Diluted Average Shares": 109990177.0,
        "Basic Average Shares": 109990177.0,
        "Diluted EPS": -0.37,
        "Basic EPS": -0.37,
        "Diluted NI Availto Com Stockholders": -40490000.0,
        "Net Income Common Stockholders": -40490000.0,
        "Net Income": -40490000.0,
        "Net Income Including Noncontrolling Interests": -40490000.0,
        "Net Income Continuous Operations": -40490000.0,
        "Tax Provision": 1402000.0,
        "Pretax Income": -39088000.0,
        "Net Non Operating Interest Income Expense": 8545000.0,
        "Total Other Finance Cost": NaN,
        "Interest Income Non Operating": 8545000.0,
        "Operating Income": -47633000.0,
        "Operating Expense": 140306000.0,
        "Research And Development": 47827000.0,
        "Selling General And Administration": 92479000.0,
        "Selling And Marketing Expense": 71227000.0,
        "General And Administrative Expense": 21252000.0,
        "Other Gand A": 21252000.0,
        "Gross Profit": 92673000.0,
        "Cost Of Revenue": 21349000.0,
        "Total Revenue": 114022000.0,
        "Operating Revenue": 114022000.0
    },
    "2024-06-30": {
        "Tax Effect Of Unusual Items": 0.0,
        "Tax Rate For Calcs": 0.21,
        "Normalized EBITDA": -25968000.0,
        "Net Income From Continuing Operation Net Minority Interest": -23948000.0,
        "Reconciled Depreciation": 2858000.0,
        "Reconciled Cost Of Revenue": 22436000.0,
        "EBITDA": -25968000.0,
        "EBIT": -28826000.0,
        "Net Interest Income": 8249000.0,
        "Interest Income": 8249000.0,
        "Normalized Income": -23948000.0,
        "Net Income From Continuing And Discontinued Operation": -23948000.0,
        "Total Expenses": 159172000.0,
        "Total Operating Income As Reported": -28826000.0,
        "Diluted Average Shares": 111885305.0,
        "Basic Average Shares": 111885305.0,
        "Diluted EPS": -0.21,
        "Basic EPS": -0.21,
        "Diluted NI Availto Com Stockholders": -23948000.0,
        "Net Income Common Stockholders": -23948000.0,
        "Net Income": -23948000.0,
        "Net Income Including Noncontrolling Interests": -23948000.0,
        "Net Income Continuous Operations": -23948000.0,
        "Tax Provision": 3371000.0,
        "Pretax Income": -20577000.0,
        "Net Non Operating Interest Income Expense": 8249000.0,
        "Total Other Finance Cost": NaN,
        "Interest Income Non Operating": 8249000.0,
        "Operating Income": -28826000.0,
        "Operating Expense": 136736000.0,
        "Research And Development": 44933000.0,
        "Selling General And Administration": 91803000.0,
        "Selling And Marketing Expense": 70041000.0,
        "General And Administrative Expense": 21762000.0,
        "Other Gand A": 21762000.0,
        "Gross Profit": 107910000.0,
        "Cost Of Revenue": 22436000.0,
        "Total Revenue": 130346000.0,
        "Operating Revenue": 130346000.0
    },
    "2024-09-30": {
        "Tax Effect Of Unusual Items": 0.0,
        "Tax Rate For Calcs": 0.21,
        "Normalized EBITDA": -20864000.0,
        "Net Income From Continuing Operation Net Minority Interest": -18333000.0,
        "Reconciled Depreciation": 2776000.0,
        "Reconciled Cost Of Revenue": 24007000.0,
        "EBITDA": -20864000.0,
        "EBIT": -23640000.0,
        "Net Interest Income": 10245000.0,
        "Interest Income": 10245000.0,
        "Normalized Income": -18333000.0,
        "Net Income From Continuing And Discontinued Operation": -18333000.0,
        "Total Expenses": 171708000.0,
        "Total Operating Income As Reported": -23640000.0,
        "Diluted Average Shares": 112268210.0,
        "Basic Average Shares": 112268210.0,
        "Diluted EPS": -0.16,
        "Basic EPS": -0.16,
        "Diluted NI Availto Com Stockholders": -18333000.0,
        "Net Income Common Stockholders": -18333000.0,
        "Net Income": -18333000.0,
        "Net Income Including Noncontrolling Interests": -18333000.0,
        "Net Income Continuous Operations": -18333000.0,
        "Tax Provision": 4938000.0,
        "Pretax Income": -13395000.0,
        "Net Non Operating Interest Income Expense": 10245000.0,
        "Total Other Finance Cost": NaN,
        "Interest Income Non Operating": 10245000.0,
        "Operating Income": -23640000.0,
        "Operating Expense": 147701000.0,
        "Research And Development": 53459000.0,
        "Selling General And Administration": 94242000.0,
        "Selling And Marketing Expense": 71378000.0,
        "General And Administrative Expense": 22864000.0,
        "Other Gand A": 22864000.0,
        "Gross Profit": 124061000.0,
        "Cost Of Revenue": 24007000.0,
        "Total Revenue": 148068000.0,
        "Operating Revenue": 148068000.0
    },
    "2024-12-31": {
        "Tax Effect Of Unusual Items": 0.0,
        "Tax Rate For Calcs": 0.21,
        "Normalized EBITDA": 24246000.0,
        "Net Income From Continuing Operation Net Minority Interest": -12994000.0,
        "Reconciled Depreciation": 2583000.0,
        "Reconciled Cost Of Revenue": 26055000.0,
        "EBITDA": 24246000.0,
        "EBIT": 21663000.0,
        "Net Interest Income": -4258000.0,
        "Interest Income": 3316000.0,
        "Normalized Income": -12994000.0,
        "Net Income From Continuing And Discontinued Operation": -12994000.0,
        "Total Expenses": 176066000.0,
        "Total Operating Income As Reported": -17552000.0,
        "Diluted Average Shares": 112488376.0,
        "Basic Average Shares": 112488376.0,
        "Diluted EPS": -0.12,
        "Basic EPS": -0.12,
        "Diluted NI Availto Com Stockholders": -12994000.0,
        "Net Income Common Stockholders": -12994000.0,
        "Net Income": -12994000.0,
        "Net Income Including Noncontrolling Interests": -12994000.0,
        "Net Income Continuous Operations": -12994000.0,
        "Tax Provision": 3047000.0,
        "Pretax Income": -9947000.0,
        "Net Non Operating Interest Income Expense": -4258000.0,
        "Total Other Finance Cost": NaN,
        "Interest Income Non Operating": 3316000.0,
        "Operating Income": -17552000.0,
        "Operating Expense": 150011000.0,
        "Research And Development": 50546000.0,
        "Selling General And Administration": 99465000.0,
        "Selling And Marketing Expense": 76123000.0,
        "General And Administrative Expense": 23342000.0,
        "Other Gand A": 23342000.0,
        "Gross Profit": 132459000.0,
        "Cost Of Revenue": 26055000.0,
        "Total Revenue": 158514000.0,
        "Operating Revenue": 158514000.0
    }
}