{
    "2023-03-31": {
        "Tax Effect Of Unusual Items": NaN,
        "Tax Rate For Calcs": NaN,
        "Normalized EBITDA": NaN,
        "Total Unusual Items": NaN,
        "Total Unusual Items Excluding Goodwill": NaN,
        "Net Income From Continuing Operation Net Minority Interest": NaN,
        "Reconciled Depreciation": NaN,
        "Reconciled Cost Of Revenue": NaN,
        "EBITDA": NaN,
        "EBIT": NaN,
        "Net Interest Income": NaN,
        "Interest Expense": NaN,
        "Normalized Income": NaN,
        "Net Income From Continuing And Discontinued Operation": NaN,
        "Total Expenses": NaN,
        "Total Operating Income As Reported": NaN,
        "Diluted Average Shares": 153129000.0,
        "Basic Average Shares": 149165000.0,
        "Diluted EPS": 0.03,
        "Basic EPS": 0.03,
        "Diluted NI Availto Com Stockholders": NaN,
        "Net Income Common Stockholders": NaN,
        "Net Income": NaN,
        "Net Income Including Noncontrolling Interests": NaN,
        "Net Income Continuous Operations": NaN,
        "Tax Provision": NaN,
        "Pretax Income": NaN,
        "Other Income Expense": NaN,
        "Other Non Operating Income Expenses": NaN,
        "Special Income Charges": NaN,
        "Other Special Charges": 1349000.0,
        "Gain On Sale Of Security": NaN,
        "Net Non Operating Interest Income Expense": NaN,
        "Interest Expense Non Operating": NaN,
        "Operating Income": NaN,
        "Operating Expense": NaN,
        "Other Operating Expenses": NaN,
        "Depreciation Amortization Depletion Income Statement": NaN,
        "Depreciation And Amortization In Income Statement": NaN,
        "Selling General And Administration": NaN,
        "General And Administrative Expense": NaN,
        "Other Gand A": NaN,
        "Salaries And Wages": NaN,
        "Gross Profit": NaN,
        "Cost Of Revenue": NaN,
        "Total Revenue": NaN,
        "Operating Revenue": NaN
    },
    "2022-12-31": {
        "Tax Effect Of Unusual Items": NaN,
        "Tax Rate For Calcs": NaN,
        "Normalized EBITDA": NaN,
        "Total Unusual Items": NaN,
        "Total Unusual Items Excluding Goodwill": NaN,
        "Net Income From Continuing Operation Net Minority Interest": NaN,
        "Reconciled Depreciation": NaN,
        "Reconciled Cost Of Revenue": NaN,
        "EBITDA": NaN,
        "EBIT": NaN,
        "Net Interest Income": NaN,
        "Interest Expense": NaN,
        "Normalized Income": NaN,
        "Net Income From Continuing And Discontinued Operation": NaN,
        "Total Expenses": NaN,
        "Total Operating Income As Reported": NaN,
        "Diluted Average Shares": 154825000.0,
        "Basic Average Shares": 149227000.0,
        "Diluted EPS": 0.13,
        "Basic EPS": 0.19,
        "Diluted NI Availto Com Stockholders": NaN,
        "Net Income Common Stockholders": NaN,
        "Net Income": NaN,
        "Net Income Including Noncontrolling Interests": NaN,
        "Net Income Continuous Operations": NaN,
        "Tax Provision": NaN,
        "Pretax Income": NaN,
        "Other Income Expense": NaN,
        "Other Non Operating Income Expenses": NaN,
        "Special Income Charges": NaN,
        "Other Special Charges": NaN,
        "Gain On Sale Of Security": NaN,
        "Net Non Operating Interest Income Expense": NaN,
        "Interest Expense Non Operating": NaN,
        "Operating Income": NaN,
        "Operating Expense": NaN,
        "Other Operating Expenses": NaN,
        "Depreciation Amortization Depletion Income Statement": NaN,
        "Depreciation And Amortization In Income Statement": NaN,
        "Selling General And Administration": NaN,
        "General And Administrative Expense": NaN,
        "Other Gand A": NaN,
        "Salaries And Wages": NaN,
        "Gross Profit": NaN,
        "Cost Of Revenue": NaN,
        "Total Revenue": NaN,
        "Operating Revenue": NaN
    },
    "2022-09-30": {
        "Tax Effect Of Unusual Items": 1344360.0,
        "Tax Rate For Calcs": 0.255,
        "Normalized EBITDA": 83039000.0,
        "Total Unusual Items": 5272000.0,
        "Total Unusual Items Excluding Goodwill": 5272000.0,
        "Net Income From Continuing Operation Net Minority Interest": 24576000.0,
        "Reconciled Depreciation": 35079000.0,
        "Reconciled Cost Of Revenue": 15417000.0,
        "EBITDA": 88311000.0,
        "EBIT": 53232000.0,
        "Net Interest Income": -20260000.0,
        "Interest Expense": 20260000.0,
        "Normalized Income": 20648360.0,
        "Net Income From Continuing And Discontinued Operation": 24576000.0,
        "Total Expenses": 152158000.0,
        "Total Operating Income As Reported": 45498000.0,
        "Diluted Average Shares": 158304000.0,
        "Basic Average Shares": 151429000.0,
        "Diluted EPS": 0.15,
        "Basic EPS": 0.16,
        "Diluted NI Availto Com Stockholders": 24576000.0,
        "Net Income Common Stockholders": 24576000.0,
        "Net Income": 24576000.0,
        "Net Income Including Noncontrolling Interests": 24576000.0,
        "Net Income Continuous Operations": 24576000.0,
        "Tax Provision": 8396000.0,
        "Pretax Income": 32972000.0,
        "Other Income Expense": 7734000.0,
        "Other Non Operating Income Expenses": 2462000.0,
        "Special Income Charges": 3005000.0,
        "Other Special Charges": -3005000.0,
        "Gain On Sale Of Security": 2267000.0,
        "Net Non Operating Interest Income Expense": -20260000.0,
        "Interest Expense Non Operating": 20260000.0,
        "Operating Income": 45498000.0,
        "Operating Expense": 136697000.0,
        "Other Operating Expenses": 60536000.0,
        "Depreciation Amortization Depletion Income Statement": 35035000.0,
        "Depreciation And Amortization In Income Statement": 35035000.0,
        "Selling General And Administration": 41126000.0,
        "General And Administrative Expense": NaN,
        "Other Gand A": NaN,
        "Salaries And Wages": NaN,
        "Gross Profit": 182195000.0,
        "Cost Of Revenue": 15461000.0,
        "Total Revenue": 197656000.0,
        "Operating Revenue": 197656000.0
    },
    "2022-06-30": {
        "Tax Effect Of Unusual Items": 1973400.0,
        "Tax Rate For Calcs": 0.299,
        "Normalized EBITDA": 85104000.0,
        "Total Unusual Items": 6600000.0,
        "Total Unusual Items Excluding Goodwill": 6600000.0,
        "Net Income From Continuing Operation Net Minority Interest": 29641000.0,
        "Reconciled Depreciation": 34540000.0,
        "Reconciled Cost Of Revenue": 12438000.0,
        "EBITDA": 91704000.0,
        "EBIT": 56765000.0,
        "Net Interest Income": -14485000.0,
        "Interest Expense": 14485000.0,
        "Normalized Income": 25014400.0,
        "Net Income From Continuing And Discontinued Operation": 29641000.0,
        "Total Expenses": 142326000.0,
        "Total Operating Income As Reported": 45161000.0,
        "Diluted Average Shares": 160344000.0,
        "Basic Average Shares": 154694000.0,
        "Diluted EPS": 0.15,
        "Basic EPS": 0.19,
        "Diluted NI Availto Com Stockholders": 29641000.0,
        "Net Income Common Stockholders": 29641000.0,
        "Net Income": 29641000.0,
        "Net Income Including Noncontrolling Interests": 29641000.0,
        "Net Income Continuous Operations": 29641000.0,
        "Tax Provision": 12639000.0,
        "Pretax Income": 42280000.0,
        "Other Income Expense": 11604000.0,
        "Other Non Operating Income Expenses": 5004000.0,
        "Special Income Charges": 0.0,
        "Other Special Charges": NaN,
        "Gain On Sale Of Security": 6600000.0,
        "Net Non Operating Interest Income Expense": -14485000.0,
        "Interest Expense Non Operating": 14485000.0,
        "Operating Income": 45161000.0,
        "Operating Expense": 130287000.0,
        "Other Operating Expenses": 54912000.0,
        "Depreciation Amortization Depletion Income Statement": 34939000.0,
        "Depreciation And Amortization In Income Statement": 34939000.0,
        "Selling General And Administration": 40436000.0,
        "General And Administrative Expense": 40436000.0,
        "Other Gand A": 35870000.0,
        "Salaries And Wages": 4566000.0,
        "Gross Profit": 175448000.0,
        "Cost Of Revenue": 12039000.0,
        "Total Revenue": 187487000.0,
        "Operating Revenue": 187487000.0
    },
    "2022-03-31": {
        "Diluted EPS": 0.06,
        "Total Revenue": 170,
        "Gross Profit": 110,
        "Operating Income": 32,
        "EBIT": 69,
        "Net Income": 10
    },
    "2021-12-31": {
        "Diluted EPS": 0.14,
        "Total Revenue": 170,
        "Gross Profit": 106,
        "Operating Income": 37,
        "EBIT": 70,
        "Net Income": 19
    },
    "2021-09-30": {
        "Diluted EPS": 0.14,
        "Total Revenue": 162,
        "Gross Profit": 103,
        "Operating Income": 42,
        "EBIT": 73,
        "Net Income": 27
    },
    "2021-06-30": {
        "Diluted EPS": 0.02,
        "Total Revenue": 129,
        "Gross Profit": 85,
        "Operating Income": 32,
        "EBIT": 60,
        "Net Income": 4
    },
    "2021-03-31": {
        "Diluted EPS": -0.05,
        "Total Revenue": 90,
        "Gross Profit": 58,
        "Operating Income": 2,
        "EBIT": 32,
        "Net Income": -9
    },
    "2020-12-31": {
        "Diluted EPS": 0.01,
        "Total Revenue": 100,
        "Gross Profit": 64,
        "Operating Income": 10,
        "EBIT": 41,
        "Net Income": -14
    },
    "2020-09-30": {
        "Diluted EPS": 0.07,
        "Total Revenue": 97,
        "Gross Profit": 62,
        "Operating Income": 15,
        "EBIT": 46,
        "Net Income": 11
    },
    "2020-06-30": {
        "Diluted EPS": -0.15,
        "Total Revenue": 80,
        "Gross Profit": 43,
        "Operating Income": -7,
        "EBIT": 23,
        "Net Income": -24
    },
    "2020-03-31": {
        "Diluted EPS": 0.04,
        "Total Revenue": 117,
        "Gross Profit": 75,
        "Operating Income": 19,
        "EBIT": 50,
        "Net Income": 22
    },
    "2019-12-31": {
        "Diluted EPS": -0.04,
        "Total Revenue": 112,
        "Gross Profit": 76,
        "Operating Income": 24,
        "EBIT": 55,
        "Net Income": -7
    },
    "2019-09-30": {
        "Diluted EPS": 0.11,
        "Total Revenue": 128,
        "Gross Profit": 87,
        "Operating Income": 37,
        "EBIT": 67,
        "Net Income": 18
    },
    "2019-06-30": {
        "Diluted EPS": 0.02,
        "Total Revenue": 110,
        "Gross Profit": 73,
        "Operating Income": 18,
        "EBIT": 48,
        "Net Income": 4
    },
    "2019-03-31": {
        "Diluted EPS": 0.02,
        "Total Revenue": 98,
        "Gross Profit": 67,
        "Operating Income": 18,
        "EBIT": 49,
        "Net Income": 3
    },
    "2018-12-31": {
        "Diluted EPS": -0.26,
        "Total Revenue": 95,
        "Gross Profit": 64,
        "Operating Income": -15,
        "EBIT": 16,
        "Net Income": -31
    },
    "2018-09-30": {
        "Diluted EPS": 0.09,
        "Total Revenue": 108,
        "Gross Profit": 77,
        "Operating Income": 26,
        "EBIT": 58,
        "Net Income": 7
    },
    "2018-06-30": {
        "Diluted EPS": -0.07,
        "Total Revenue": 98,
        "Gross Profit": 67,
        "Operating Income": 12,
        "EBIT": 42,
        "Net Income": -5
    },
    "2018-03-31": {
        "Diluted EPS": -0.35,
        "Total Revenue": 69,
        "Gross Profit": 45,
        "Operating Income": -7,
        "EBIT": 13,
        "Net Income": -22
    },
    "2017-12-31": {
        "Diluted EPS": 0.31,
        "Total Revenue": NaN,
        "Gross Profit": NaN,
        "Operating Income": -223,
        "EBIT": -223,
        "Net Income": 19
    },
    "2017-09-30": {
        "Diluted EPS": 0.01,
        "Total Revenue": NaN,
        "Gross Profit": NaN,
        "Operating Income": 0,
        "EBIT": 0,
        "Net Income": 0
    },
    "2017-06-30": {
        "Diluted EPS": 0.0,
        "Total Revenue": NaN,
        "Gross Profit": NaN,
        "Operating Income": 0,
        "EBIT": 0,
        "Net Income": 1
    },
    "2017-03-31": {
        "Diluted EPS": 0.0,
        "Total Revenue": NaN,
        "Gross Profit": NaN,
        "Operating Income": 0,
        "EBIT": 0,
        "Net Income": 0
    },
    "2016-12-31": {
        "Diluted EPS": 0.0,
        "Total Revenue": NaN,
        "Gross Profit": NaN,
        "Operating Income": NaN,
        "EBIT": NaN,
        "Net Income": NaN
    },
    "2023-06-30": {
        "Tax Effect Of Unusual Items": NaN,
        "Tax Rate For Calcs": NaN,
        "Normalized EBITDA": NaN,
        "Total Unusual Items": NaN,
        "Total Unusual Items Excluding Goodwill": NaN,
        "Net Income From Continuing Operation Net Minority Interest": NaN,
        "Reconciled Depreciation": NaN,
        "Reconciled Cost Of Revenue": NaN,
        "EBITDA": NaN,
        "EBIT": NaN,
        "Net Interest Income": NaN,
        "Interest Expense": NaN,
        "Normalized Income": NaN,
        "Net Income From Continuing And Discontinued Operation": NaN,
        "Total Expenses": NaN,
        "Total Operating Income As Reported": NaN,
        "Diluted Average Shares": NaN,
        "Basic Average Shares": NaN,
        "Diluted EPS": NaN,
        "Basic EPS": NaN,
        "Diluted NI Availto Com Stockholders": NaN,
        "Net Income Common Stockholders": NaN,
        "Net Income": NaN,
        "Net Income Including Noncontrolling Interests": NaN,
        "Net Income Continuous Operations": NaN,
        "Tax Provision": NaN,
        "Pretax Income": NaN,
        "Other Income Expense": NaN,
        "Other Non Operating Income Expenses": NaN,
        "Special Income Charges": NaN,
        "Other Special Charges": NaN,
        "Gain On Sale Of Security": NaN,
        "Net Non Operating Interest Income Expense": NaN,
        "Interest Expense Non Operating": NaN,
        "Operating Income": NaN,
        "Operating Expense": NaN,
        "Other Operating Expenses": NaN,
        "Depreciation Amortization Depletion Income Statement": NaN,
        "Depreciation And Amortization In Income Statement": NaN,
        "Selling General And Administration": NaN,
        "General And Administrative Expense": 43205000.0,
        "Other Gand A": 43205000.0,
        "Salaries And Wages": 4525000.0,
        "Gross Profit": NaN,
        "Cost Of Revenue": NaN,
        "Total Revenue": NaN,
        "Operating Revenue": NaN
    },
    "2023-09-30": {
        "Tax Effect Of Unusual Items": NaN,
        "Tax Rate For Calcs": NaN,
        "Normalized EBITDA": NaN,
        "Total Unusual Items": NaN,
        "Total Unusual Items Excluding Goodwill": NaN,
        "Net Income From Continuing Operation Net Minority Interest": NaN,
        "Reconciled Depreciation": NaN,
        "Reconciled Cost Of Revenue": NaN,
        "EBITDA": NaN,
        "EBIT": NaN,
        "Net Interest Income": NaN,
        "Interest Expense": NaN,
        "Normalized Income": NaN,
        "Net Income From Continuing And Discontinued Operation": NaN,
        "Total Expenses": NaN,
        "Total Operating Income As Reported": NaN,
        "Diluted Average Shares": 169497000.0,
        "Basic Average Shares": 168089000.0,
        "Diluted EPS": 0.18,
        "Basic EPS": 0.18,
        "Diluted NI Availto Com Stockholders": NaN,
        "Net Income Common Stockholders": NaN,
        "Net Income": NaN,
        "Net Income Including Noncontrolling Interests": NaN,
        "Net Income Continuous Operations": NaN,
        "Tax Provision": NaN,
        "Pretax Income": NaN,
        "Other Income Expense": NaN,
        "Other Non Operating Income Expenses": NaN,
        "Special Income Charges": NaN,
        "Other Special Charges": 1975000.0,
        "Gain On Sale Of Security": NaN,
        "Net Non Operating Interest Income Expense": NaN,
        "Interest Expense Non Operating": NaN,
        "Operating Income": NaN,
        "Operating Expense": NaN,
        "Other Operating Expenses": NaN,
        "Depreciation Amortization Depletion Income Statement": NaN,
        "Depreciation And Amortization In Income Statement": NaN,
        "Selling General And Administration": NaN,
        "Gross Profit": NaN,
        "Cost Of Revenue": NaN,
        "Total Revenue": NaN,
        "Operating Revenue": NaN
    },
    "2023-12-31": {
        "Tax Effect Of Unusual Items": NaN,
        "Tax Rate For Calcs": NaN,
        "Normalized EBITDA": NaN,
        "Total Unusual Items": NaN,
        "Total Unusual Items Excluding Goodwill": NaN,
        "Net Income From Continuing Operation Net Minority Interest": NaN,
        "Reconciled Depreciation": NaN,
        "Reconciled Cost Of Revenue": NaN,
        "EBITDA": NaN,
        "EBIT": NaN,
        "Net Interest Income": NaN,
        "Interest Expense": NaN,
        "Normalized Income": NaN,
        "Net Income From Continuing And Discontinued Operation": NaN,
        "Total Expenses": NaN,
        "Total Operating Income As Reported": NaN,
        "Diluted Average Shares": NaN,
        "Basic Average Shares": NaN,
        "Diluted EPS": NaN,
        "Basic EPS": NaN,
        "Diluted NI Availto Com Stockholders": NaN,
        "Net Income Common Stockholders": NaN,
        "Net Income": NaN,
        "Net Income Including Noncontrolling Interests": NaN,
        "Net Income Continuous Operations": NaN,
        "Tax Provision": NaN,
        "Pretax Income": NaN,
        "Other Income Expense": NaN,
        "Other Non Operating Income Expenses": NaN,
        "Special Income Charges": NaN,
        "Other Special Charges": 0.0,
        "Gain On Sale Of Security": -2764000.0,
        "Net Non Operating Interest Income Expense": NaN,
        "Interest Expense Non Operating": NaN,
        "Operating Income": NaN,
        "Operating Expense": NaN,
        "Other Operating Expenses": NaN,
        "Depreciation Amortization Depletion Income Statement": NaN,
        "Depreciation And Amortization In Income Statement": NaN,
        "Selling General And Administration": NaN,
        "Gross Profit": NaN,
        "Cost Of Revenue": NaN,
        "Total Revenue": NaN,
        "Operating Revenue": NaN
    },
    "2024-03-31": {
        "Tax Effect Of Unusual Items": -50158.498409,
        "Tax Rate For Calcs": 0.252053,
        "Normalized EBITDA": 85781000.0,
        "Total Unusual Items": -199000.0,
        "Total Unusual Items Excluding Goodwill": -199000.0,
        "Net Income From Continuing Operation Net Minority Interest": 29149000.0,
        "Reconciled Depreciation": 26886000.0,
        "Reconciled Cost Of Revenue": 9680000.0,
        "EBITDA": 85582000.0,
        "EBIT": 58607000.0,
        "Net Interest Income": -19635000.0,
        "Interest Expense": 19635000.0,
        "Normalized Income": 29297841.501591,
        "Net Income From Continuing And Discontinued Operation": 29149000.0,
        "Total Expenses": 155377000.0,
        "Total Operating Income As Reported": 54353000.0,
        "Diluted Average Shares": 168726000.0,
        "Basic Average Shares": 166241000.0,
        "Diluted EPS": 0.17,
        "Basic EPS": 0.18,
        "Diluted NI Availto Com Stockholders": 29149000.0,
        "Net Income Common Stockholders": 29149000.0,
        "Net Income": 29149000.0,
        "Net Income Including Noncontrolling Interests": 29149000.0,
        "Net Income Continuous Operations": 29149000.0,
        "Tax Provision": 9823000.0,
        "Pretax Income": 38972000.0,
        "Other Income Expense": 4254000.0,
        "Other Non Operating Income Expenses": 4453000.0,
        "Special Income Charges": -595000.0,
        "Other Special Charges": 595000.0,
        "Gain On Sale Of Security": 396000.0,
        "Net Non Operating Interest Income Expense": -19635000.0,
        "Interest Expense Non Operating": 19635000.0,
        "Operating Income": 54353000.0,
        "Operating Expense": 145786000.0,
        "Other Operating Expenses": 70640000.0,
        "Depreciation Amortization Depletion Income Statement": 26975000.0,
        "Depreciation And Amortization In Income Statement": 26975000.0,
        "Selling General And Administration": 48171000.0,
        "Gross Profit": 200139000.0,
        "Cost Of Revenue": 9591000.0,
        "Total Revenue": 209730000.0,
        "Operating Revenue": 209730000.0
    },
    "2024-06-30": {
        "Tax Effect Of Unusual Items": 6463.0,
        "Tax Rate For Calcs": 0.281,
        "Normalized EBITDA": 93936000.0,
        "Total Unusual Items": 23000.0,
        "Total Unusual Items Excluding Goodwill": 23000.0,
        "Net Income From Continuing Operation Net Minority Interest": 34223000.0,
        "Reconciled Depreciation": 27465000.0,
        "Reconciled Cost Of Revenue": 12546000.0,
        "EBITDA": 93959000.0,
        "EBIT": 66437000.0,
        "Net Interest Income": -18845000.0,
        "Interest Expense": 18845000.0,
        "Normalized Income": 34206463.0,
        "Net Income From Continuing And Discontinued Operation": 34223000.0,
        "Total Expenses": 161257000.0,
        "Total Operating Income As Reported": 61169000.0,
        "Diluted Average Shares": 168615000.0,
        "Basic Average Shares": 166064000.0,
        "Diluted EPS": 0.2,
        "Basic EPS": 0.21,
        "Diluted NI Availto Com Stockholders": 34223000.0,
        "Net Income Common Stockholders": 34223000.0,
        "Net Income": 34223000.0,
        "Net Income Including Noncontrolling Interests": 34223000.0,
        "Net Income Continuous Operations": 34223000.0,
        "Tax Provision": 13369000.0,
        "Pretax Income": 47592000.0,
        "Other Income Expense": 5268000.0,
        "Other Non Operating Income Expenses": 5245000.0,
        "Special Income Charges": 0.0,
        "Other Special Charges": NaN,
        "Gain On Sale Of Security": 23000.0,
        "Net Non Operating Interest Income Expense": -18845000.0,
        "Interest Expense Non Operating": 18845000.0,
        "Operating Income": 61169000.0,
        "Operating Expense": 148768000.0,
        "Other Operating Expenses": 74903000.0,
        "Depreciation Amortization Depletion Income Statement": 27522000.0,
        "Depreciation And Amortization In Income Statement": 27522000.0,
        "Selling General And Administration": 46343000.0,
        "Gross Profit": 209937000.0,
        "Cost Of Revenue": 12489000.0,
        "Total Revenue": 222426000.0,
        "Operating Revenue": 222426000.0
    },
    "2024-09-30": {
        "Tax Effect Of Unusual Items": -268664.0,
        "Tax Rate For Calcs": 0.284,
        "Normalized EBITDA": 94880000.0,
        "Total Unusual Items": -946000.0,
        "Total Unusual Items Excluding Goodwill": -946000.0,
        "Net Income From Continuing Operation Net Minority Interest": 34732000.0,
        "Reconciled Depreciation": 26631000.0,
        "Reconciled Cost Of Revenue": 11086000.0,
        "EBITDA": 93934000.0,
        "EBIT": 67216000.0,
        "Net Interest Income": -18723000.0,
        "Interest Expense": 18723000.0,
        "Normalized Income": 35409336.0,
        "Net Income From Continuing And Discontinued Operation": 34732000.0,
        "Total Expenses": 161661000.0,
        "Total Operating Income As Reported": 63890000.0,
        "Diluted Average Shares": 167624000.0,
        "Basic Average Shares": 164735000.0,
        "Diluted EPS": 0.21,
        "Basic EPS": 0.21,
        "Diluted NI Availto Com Stockholders": 34732000.0,
        "Net Income Common Stockholders": 34732000.0,
        "Net Income": 34732000.0,
        "Net Income Including Noncontrolling Interests": 34732000.0,
        "Net Income Continuous Operations": 34732000.0,
        "Tax Provision": 13761000.0,
        "Pretax Income": 48493000.0,
        "Other Income Expense": 3326000.0,
        "Other Non Operating Income Expenses": 4272000.0,
        "Special Income Charges": -33000.0,
        "Other Special Charges": 33000.0,
        "Gain On Sale Of Security": -913000.0,
        "Net Non Operating Interest Income Expense": -18723000.0,
        "Interest Expense Non Operating": 18723000.0,
        "Operating Income": 63890000.0,
        "Operating Expense": 150662000.0,
        "Other Operating Expenses": 76026000.0,
        "Depreciation Amortization Depletion Income Statement": 26718000.0,
        "Depreciation And Amortization In Income Statement": 26718000.0,
        "Selling General And Administration": 47918000.0,
        "Gross Profit": 214552000.0,
        "Cost Of Revenue": 10999000.0,
        "Total Revenue": 225551000.0,
        "Operating Revenue": 225551000.0
    },
    "2024-12-31": {
        "Tax Effect Of Unusual Items": -20620530.0,
        "Tax Rate For Calcs": 0.21,
        "Normalized EBITDA": 86800000.0,
        "Total Unusual Items": -98193000.0,
        "Total Unusual Items Excluding Goodwill": -98193000.0,
        "Net Income From Continuing Operation Net Minority Interest": -66656000.0,
        "Reconciled Depreciation": 27543000.0,
        "Reconciled Cost Of Revenue": 13281000.0,
        "EBITDA": -11393000.0,
        "EBIT": -39250000.0,
        "Net Interest Income": -16699000.0,
        "Interest Expense": 16699000.0,
        "Normalized Income": 10916470.0,
        "Net Income From Continuing And Discontinued Operation": -66656000.0,
        "Total Expenses": 167814000.0,
        "Total Operating Income As Reported": -43390000.0,
        "Diluted Average Shares": 163342000.0,
        "Basic Average Shares": 163342000.0,
        "Diluted EPS": -0.41,
        "Basic EPS": -0.41,
        "Diluted NI Availto Com Stockholders": -66656000.0,
        "Net Income Common Stockholders": -66656000.0,
        "Net Income": -66656000.0,
        "Net Income Including Noncontrolling Interests": -66656000.0,
        "Net Income Continuous Operations": -66656000.0,
        "Tax Provision": 10707000.0,
        "Pretax Income": -55949000.0,
        "Other Income Expense": -92936000.0,
        "Other Non Operating Income Expenses": 5257000.0,
        "Special Income Charges": -98193000.0,
        "Other Special Charges": 1117000.0,
        "Gain On Sale Of Security": 0.0,
        "Net Non Operating Interest Income Expense": -16699000.0,
        "Interest Expense Non Operating": 16699000.0,
        "Operating Income": 53686000.0,
        "Operating Expense": 154847000.0,
        "Other Operating Expenses": 74368000.0,
        "Depreciation Amortization Depletion Income Statement": 27857000.0,
        "Depreciation And Amortization In Income Statement": 27857000.0,
        "Selling General And Administration": 52622000.0,
        "Gross Profit": 208533000.0,
        "Cost Of Revenue": 12967000.0,
        "Total Revenue": 221500000.0,
        "Operating Revenue": 221500000.0
    },
    "2025-03-31": {
        "Tax Effect Of Unusual Items": -6966.966297,
        "Tax Rate For Calcs": 0.278679,
        "Normalized EBITDA": 89308000.0,
        "Total Unusual Items": -25000.0,
        "Total Unusual Items Excluding Goodwill": -25000.0,
        "Net Income From Continuing Operation Net Minority Interest": 32339000.0,
        "Reconciled Depreciation": 27490000.0,
        "Reconciled Cost Of Revenue": 13139000.0,
        "EBITDA": 89283000.0,
        "EBIT": 61469000.0,
        "Net Interest Income": -16636000.0,
        "Interest Expense": 16636000.0,
        "Normalized Income": 32357033.033703,
        "Net Income From Continuing And Discontinued Operation": 32339000.0,
        "Total Expenses": 165869000.0,
        "Total Operating Income As Reported": 57385000.0,
        "Diluted Average Shares": 162066000.0,
        "Basic Average Shares": 159544000.0,
        "Diluted EPS": 0.2,
        "Basic EPS": 0.2,
        "Diluted NI Availto Com Stockholders": 32339000.0,
        "Net Income Common Stockholders": 32339000.0,
        "Net Income": 32339000.0,
        "Net Income Including Noncontrolling Interests": 32339000.0,
        "Net Income Continuous Operations": 32339000.0,
        "Tax Provision": 12494000.0,
        "Pretax Income": 44833000.0,
        "Other Income Expense": 4084000.0,
        "Other Non Operating Income Expenses": 4109000.0,
        "Special Income Charges": -25000.0,
        "Other Special Charges": 25000.0,
        "Gain On Sale Of Security": NaN,
        "Net Non Operating Interest Income Expense": -16636000.0,
        "Interest Expense Non Operating": 16636000.0,
        "Operating Income": 57385000.0,
        "Operating Expense": 153054000.0,
        "Other Operating Expenses": 73739000.0,
        "Depreciation Amortization Depletion Income Statement": 27814000.0,
        "Depreciation And Amortization In Income Statement": 27814000.0,
        "Selling General And Administration": 51501000.0,
        "Gross Profit": 210439000.0,
        "Cost Of Revenue": 12815000.0,
        "Total Revenue": 223254000.0,
        "Operating Revenue": 223254000.0
    }
}