{
    "2023-03-31": {
        "Tax Effect Of Unusual Items": NaN,
        "Tax Rate For Calcs": NaN,
        "Normalized EBITDA": NaN,
        "Total Unusual Items": NaN,
        "Total Unusual Items Excluding Goodwill": NaN,
        "Net Income From Continuing Operation Net Minority Interest": NaN,
        "Reconciled Depreciation": NaN,
        "Reconciled Cost Of Revenue": NaN,
        "EBITDA": NaN,
        "EBIT": NaN,
        "Net Interest Income": NaN,
        "Interest Expense": NaN,
        "Normalized Income": NaN,
        "Net Income From Continuing And Discontinued Operation": NaN,
        "Total Expenses": NaN,
        "Total Operating Income As Reported": NaN,
        "Diluted Average Shares": 152709319.0,
        "Basic Average Shares": 152032255.0,
        "Diluted EPS": 0.37,
        "Basic EPS": 0.37,
        "Diluted NI Availto Com Stockholders": NaN,
        "Net Income Common Stockholders": NaN,
        "Net Income": NaN,
        "Minority Interests": NaN,
        "Net Income Including Noncontrolling Interests": NaN,
        "Net Income Discontinuous Operations": NaN,
        "Net Income Continuous Operations": NaN,
        "Tax Provision": NaN,
        "Pretax Income": NaN,
        "Other Income Expense": NaN,
        "Special Income Charges": NaN,
        "Other Special Charges": NaN,
        "Gain On Sale Of Security": NaN,
        "Net Non Operating Interest Income Expense": NaN,
        "Interest Expense Non Operating": NaN,
        "Operating Income": NaN,
        "Operating Expense": NaN,
        "Depreciation Amortization Depletion Income Statement": NaN,
        "Depreciation And Amortization In Income Statement": NaN,
        "Amortization": NaN,
        "Amortization Of Intangibles Income Statement": NaN,
        "Depreciation Income Statement": NaN,
        "Selling General And Administration": NaN,
        "Gross Profit": NaN,
        "Cost Of Revenue": NaN,
        "Total Revenue": NaN,
        "Operating Revenue": NaN
    },
    "2022-12-31": {
        "Tax Effect Of Unusual Items": NaN,
        "Tax Rate For Calcs": NaN,
        "Normalized EBITDA": NaN,
        "Total Unusual Items": NaN,
        "Total Unusual Items Excluding Goodwill": NaN,
        "Net Income From Continuing Operation Net Minority Interest": NaN,
        "Reconciled Depreciation": NaN,
        "Reconciled Cost Of Revenue": NaN,
        "EBITDA": NaN,
        "EBIT": NaN,
        "Net Interest Income": NaN,
        "Interest Expense": NaN,
        "Normalized Income": NaN,
        "Net Income From Continuing And Discontinued Operation": NaN,
        "Total Expenses": NaN,
        "Total Operating Income As Reported": NaN,
        "Diluted Average Shares": 156974983.0,
        "Basic Average Shares": 156028555.0,
        "Diluted EPS": 0.39,
        "Basic EPS": 0.39,
        "Diluted NI Availto Com Stockholders": NaN,
        "Net Income Common Stockholders": NaN,
        "Net Income": NaN,
        "Minority Interests": NaN,
        "Net Income Including Noncontrolling Interests": NaN,
        "Net Income Discontinuous Operations": NaN,
        "Net Income Continuous Operations": NaN,
        "Tax Provision": NaN,
        "Pretax Income": NaN,
        "Other Income Expense": NaN,
        "Gain On Sale Of Security": NaN,
        "Net Non Operating Interest Income Expense": NaN,
        "Interest Expense Non Operating": NaN,
        "Operating Income": NaN,
        "Operating Expense": NaN,
        "Depreciation Amortization Depletion Income Statement": NaN,
        "Depreciation And Amortization In Income Statement": NaN,
        "Amortization": NaN,
        "Amortization Of Intangibles Income Statement": NaN,
        "Depreciation Income Statement": NaN,
        "Selling General And Administration": NaN,
        "Gross Profit": NaN,
        "Cost Of Revenue": NaN,
        "Total Revenue": NaN,
        "Operating Revenue": NaN
    },
    "2022-09-30": {
        "Tax Effect Of Unusual Items": NaN,
        "Tax Rate For Calcs": NaN,
        "Normalized EBITDA": NaN,
        "Total Unusual Items": NaN,
        "Total Unusual Items Excluding Goodwill": NaN,
        "Net Income From Continuing Operation Net Minority Interest": NaN,
        "Reconciled Depreciation": NaN,
        "Reconciled Cost Of Revenue": NaN,
        "EBITDA": NaN,
        "EBIT": NaN,
        "Net Interest Income": NaN,
        "Interest Expense": NaN,
        "Normalized Income": NaN,
        "Net Income From Continuing And Discontinued Operation": NaN,
        "Total Expenses": NaN,
        "Total Operating Income As Reported": NaN,
        "Diluted Average Shares": NaN,
        "Basic Average Shares": NaN,
        "Diluted EPS": NaN,
        "Basic EPS": NaN,
        "Diluted NI Availto Com Stockholders": NaN,
        "Net Income Common Stockholders": NaN,
        "Net Income": NaN,
        "Minority Interests": NaN,
        "Net Income Including Noncontrolling Interests": NaN,
        "Net Income Discontinuous Operations": NaN,
        "Net Income Continuous Operations": NaN,
        "Tax Provision": NaN,
        "Pretax Income": NaN,
        "Other Income Expense": NaN,
        "Gain On Sale Of Security": NaN,
        "Net Non Operating Interest Income Expense": NaN,
        "Interest Expense Non Operating": NaN,
        "Operating Income": NaN,
        "Operating Expense": NaN,
        "Other Operating Expenses": 5300000.0,
        "Depreciation Amortization Depletion Income Statement": NaN,
        "Depreciation And Amortization In Income Statement": NaN,
        "Amortization": NaN,
        "Amortization Of Intangibles Income Statement": NaN,
        "Depreciation Income Statement": NaN,
        "Selling General And Administration": NaN,
        "Gross Profit": NaN,
        "Cost Of Revenue": NaN,
        "Total Revenue": NaN,
        "Operating Revenue": NaN
    },
    "2022-06-30": {
        "Tax Effect Of Unusual Items": 860100.0,
        "Tax Rate For Calcs": 0.183,
        "Normalized EBITDA": 358700000.0,
        "Total Unusual Items": 4700000.0,
        "Total Unusual Items Excluding Goodwill": 4700000.0,
        "Net Income From Continuing Operation Net Minority Interest": 197700000.0,
        "Reconciled Depreciation": 89600000.0,
        "Reconciled Cost Of Revenue": 246100000.0,
        "EBITDA": 363400000.0,
        "EBIT": 273800000.0,
        "Net Interest Income": -31800000.0,
        "Interest Expense": 31800000.0,
        "Normalized Income": 193860100.0,
        "Net Income From Continuing And Discontinued Operation": 197700000.0,
        "Total Expenses": 477200000.0,
        "Total Operating Income As Reported": 269100000.0,
        "Diluted Average Shares": 159123563.0,
        "Basic Average Shares": 157972755.0,
        "Diluted EPS": 1.24,
        "Basic EPS": 1.25,
        "Diluted NI Availto Com Stockholders": 197700000.0,
        "Net Income Common Stockholders": 197700000.0,
        "Net Income": 197700000.0,
        "Minority Interests": -100000.0,
        "Net Income Including Noncontrolling Interests": 197800000.0,
        "Net Income Discontinuous Operations": NaN,
        "Net Income Continuous Operations": 197800000.0,
        "Tax Provision": 44200000.0,
        "Pretax Income": 242000000.0,
        "Other Income Expense": 4700000.0,
        "Gain On Sale Of Security": 4700000.0,
        "Net Non Operating Interest Income Expense": -31800000.0,
        "Interest Expense Non Operating": 31800000.0,
        "Operating Income": 269100000.0,
        "Operating Expense": 231100000.0,
        "Other Operating Expenses": 15600000.0,
        "Depreciation Amortization Depletion Income Statement": 89600000.0,
        "Depreciation And Amortization In Income Statement": 89600000.0,
        "Amortization": 39800000.0,
        "Amortization Of Intangibles Income Statement": 39800000.0,
        "Depreciation Income Statement": 49800000.0,
        "Selling General And Administration": 125900000.0,
        "Gross Profit": 500200000.0,
        "Cost Of Revenue": 246100000.0,
        "Total Revenue": 746300000.0,
        "Operating Revenue": 746300000.0
    },
    "2023-06-30": {
        "Tax Effect Of Unusual Items": NaN,
        "Tax Rate For Calcs": NaN,
        "Normalized EBITDA": NaN,
        "Total Unusual Items": NaN,
        "Total Unusual Items Excluding Goodwill": NaN,
        "Net Income From Continuing Operation Net Minority Interest": NaN,
        "Reconciled Depreciation": NaN,
        "Reconciled Cost Of Revenue": NaN,
        "EBITDA": NaN,
        "EBIT": NaN,
        "Net Interest Income": NaN,
        "Interest Expense": NaN,
        "Normalized Income": NaN,
        "Net Income From Continuing And Discontinued Operation": NaN,
        "Total Expenses": NaN,
        "Total Operating Income As Reported": NaN,
        "Diluted Average Shares": NaN,
        "Basic Average Shares": NaN,
        "Diluted EPS": NaN,
        "Basic EPS": NaN,
        "Diluted NI Availto Com Stockholders": NaN,
        "Net Income Common Stockholders": NaN,
        "Net Income": NaN,
        "Minority Interests": NaN,
        "Net Income Including Noncontrolling Interests": NaN,
        "Net Income Discontinuous Operations": NaN,
        "Net Income Continuous Operations": NaN,
        "Tax Provision": NaN,
        "Pretax Income": NaN,
        "Other Income Expense": NaN,
        "Special Income Charges": 0.0,
        "Other Special Charges": NaN,
        "Gain On Sale Of Security": NaN,
        "Net Non Operating Interest Income Expense": NaN,
        "Interest Expense Non Operating": NaN,
        "Operating Income": NaN,
        "Operating Expense": NaN,
        "Depreciation Amortization Depletion Income Statement": NaN,
        "Depreciation And Amortization In Income Statement": NaN,
        "Amortization": NaN,
        "Amortization Of Intangibles Income Statement": NaN,
        "Depreciation Income Statement": NaN,
        "Selling General And Administration": NaN,
        "Gross Profit": NaN,
        "Cost Of Revenue": NaN,
        "Total Revenue": NaN,
        "Operating Revenue": NaN
    },
    "2022-03-31": {
        "Diluted EPS": 3.13,
        "Total Revenue": 644,
        "Gross Profit": 415,
        "Operating Income": 623,
        "EBIT": 717,
        "Net Income": 506
    },
    "2021-12-31": {
        "Diluted EPS": 0.87,
        "Total Revenue": 230,
        "Gross Profit": 169,
        "Operating Income": 105,
        "EBIT": 202,
        "Net Income": 142
    },
    "2021-09-30": {
        "Diluted EPS": 1.24,
        "Total Revenue": 759,
        "Gross Profit": 494,
        "Operating Income": 289,
        "EBIT": 379,
        "Net Income": 202
    },
    "2021-06-30": {
        "Diluted EPS": 0.94,
        "Total Revenue": 748,
        "Gross Profit": 483,
        "Operating Income": 267,
        "EBIT": 372,
        "Net Income": 154
    },
    "2021-03-31": {
        "Diluted EPS": 1.03,
        "Total Revenue": 726,
        "Gross Profit": 464,
        "Operating Income": 250,
        "EBIT": 344,
        "Net Income": 169
    },
    "2020-12-31": {
        "Diluted EPS": 1.07,
        "Total Revenue": 198,
        "Gross Profit": 140,
        "Operating Income": 169,
        "EBIT": 263,
        "Net Income": 176
    },
    "2020-09-30": {
        "Diluted EPS": 1.12,
        "Total Revenue": 703,
        "Gross Profit": 463,
        "Operating Income": 275,
        "EBIT": 367,
        "Net Income": 186
    },
    "2020-06-30": {
        "Diluted EPS": 1.08,
        "Total Revenue": 679,
        "Gross Profit": 443,
        "Operating Income": 260,
        "EBIT": 347,
        "Net Income": 179
    },
    "2020-03-31": {
        "Diluted EPS": 1.04,
        "Total Revenue": 690,
        "Gross Profit": 432,
        "Operating Income": 252,
        "EBIT": 340,
        "Net Income": 172
    },
    "2019-12-31": {
        "Diluted EPS": 0.79,
        "Total Revenue": 677,
        "Gross Profit": 417,
        "Operating Income": 207,
        "EBIT": 293,
        "Net Income": 132
    },
    "2019-09-30": {
        "Diluted EPS": 0.2,
        "Total Revenue": 653,
        "Gross Profit": 410,
        "Operating Income": 70,
        "EBIT": 150,
        "Net Income": 33
    },
    "2019-06-30": {
        "Diluted EPS": 0.9,
        "Total Revenue": 653,
        "Gross Profit": 410,
        "Operating Income": 218,
        "EBIT": 299,
        "Net Income": 150
    },
    "2019-03-31": {
        "Diluted EPS": 0.81,
        "Total Revenue": 625,
        "Gross Profit": 394,
        "Operating Income": 202,
        "EBIT": 283,
        "Net Income": 134
    },
    "2018-12-31": {
        "Diluted EPS": 0.87,
        "Total Revenue": 614,
        "Gross Profit": 391,
        "Operating Income": 216,
        "EBIT": 293,
        "Net Income": 146
    },
    "2018-09-30": {
        "Diluted EPS": 0.99,
        "Total Revenue": 599,
        "Gross Profit": 380,
        "Operating Income": 211,
        "EBIT": 285,
        "Net Income": 166
    },
    "2018-06-30": {
        "Diluted EPS": 0.91,
        "Total Revenue": 601,
        "Gross Profit": 379,
        "Operating Income": 212,
        "EBIT": 287,
        "Net Income": 154
    },
    "2018-03-31": {
        "Diluted EPS": 0.79,
        "Total Revenue": 581,
        "Gross Profit": 360,
        "Operating Income": 195,
        "EBIT": 269,
        "Net Income": 133
    },
    "2017-12-31": {
        "Diluted EPS": 1.21,
        "Total Revenue": 570,
        "Gross Profit": 362,
        "Operating Income": 210,
        "EBIT": 276,
        "Net Income": 205
    },
    "2017-09-30": {
        "Diluted EPS": 0.72,
        "Total Revenue": 549,
        "Gross Profit": 351,
        "Operating Income": 208,
        "EBIT": 271,
        "Net Income": 121
    },
    "2017-06-30": {
        "Diluted EPS": 0.72,
        "Total Revenue": 523,
        "Gross Profit": 330,
        "Operating Income": 195,
        "EBIT": 252,
        "Net Income": 121
    },
    "2017-03-31": {
        "Diluted EPS": 0.64,
        "Total Revenue": 503,
        "Gross Profit": 320,
        "Operating Income": 188,
        "EBIT": 245,
        "Net Income": 109
    },
    "2016-12-31": {
        "Diluted EPS": 0.64,
        "Total Revenue": 506,
        "Gross Profit": 313,
        "Operating Income": 185,
        "EBIT": 237,
        "Net Income": 109
    },
    "2016-09-30": {
        "Diluted EPS": 0.74,
        "Total Revenue": 498,
        "Gross Profit": 328,
        "Operating Income": 198,
        "EBIT": 252,
        "Net Income": 128
    },
    "2016-06-30": {
        "Diluted EPS": 1.53,
        "Total Revenue": 498,
        "Gross Profit": 320,
        "Operating Income": 191,
        "EBIT": 246,
        "Net Income": 262
    },
    "2016-03-31": {
        "Diluted EPS": 0.54,
        "Total Revenue": 493,
        "Gross Profit": 319,
        "Operating Income": 193,
        "EBIT": 262,
        "Net Income": 93
    },
    "2015-12-31": {
        "Diluted EPS": 0.66,
        "Total Revenue": 561,
        "Gross Profit": 347,
        "Operating Income": 196,
        "EBIT": 264,
        "Net Income": 114
    },
    "2015-09-30": {
        "Diluted EPS": 0.77,
        "Total Revenue": 470,
        "Gross Profit": 308,
        "Operating Income": 197,
        "EBIT": 250,
        "Net Income": 132
    },
    "2015-06-30": {
        "Diluted EPS": 0.97,
        "Total Revenue": 429,
        "Gross Profit": 274,
        "Operating Income": 146,
        "EBIT": 213,
        "Net Income": 163
    },
    "2015-03-31": {
        "Diluted EPS": 0.61,
        "Total Revenue": 384,
        "Gross Profit": 251,
        "Operating Income": 174,
        "EBIT": 214,
        "Net Income": 99
    },
    "2014-12-31": {
        "Diluted EPS": 0.59,
        "Total Revenue": 149,
        "Gross Profit": 156,
        "Operating Income": 149,
        "EBIT": 187,
        "Net Income": 97
    },
    "2014-09-30": {
        "Diluted EPS": 0.58,
        "Total Revenue": 449,
        "Gross Profit": 268,
        "Operating Income": 175,
        "EBIT": 212,
        "Net Income": 99
    },
    "2014-06-30": {
        "Diluted EPS": 0.52,
        "Total Revenue": 424,
        "Gross Profit": 251,
        "Operating Income": 159,
        "EBIT": 195,
        "Net Income": 88
    },
    "2014-03-31": {
        "Diluted EPS": 0.68,
        "Total Revenue": 410,
        "Gross Profit": 240,
        "Operating Income": 149,
        "EBIT": 185,
        "Net Income": 116
    },
    "2013-12-31": {
        "Diluted EPS": 0.5,
        "Total Revenue": 417,
        "Gross Profit": 247,
        "Operating Income": 155,
        "EBIT": 191,
        "Net Income": 87
    },
    "2013-09-30": {
        "Diluted EPS": 0.56,
        "Total Revenue": 412,
        "Gross Profit": 256,
        "Operating Income": 167,
        "EBIT": 201,
        "Net Income": 96
    },
    "2013-06-30": {
        "Diluted EPS": 0.49,
        "Total Revenue": 390,
        "Gross Profit": 238,
        "Operating Income": 147,
        "EBIT": 182,
        "Net Income": 84
    },
    "2013-03-31": {
        "Diluted EPS": 0.47,
        "Total Revenue": 377,
        "Gross Profit": 233,
        "Operating Income": 146,
        "EBIT": 179,
        "Net Income": 81
    },
    "2012-12-31": {
        "Diluted EPS": 0.57,
        "Total Revenue": 289,
        "Gross Profit": 210,
        "Operating Income": 140,
        "EBIT": 171,
        "Net Income": 98
    },
    "2012-09-30": {
        "Diluted EPS": 0.48,
        "Total Revenue": 399,
        "Gross Profit": 242,
        "Operating Income": 155,
        "EBIT": 184,
        "Net Income": 83
    },
    "2012-06-30": {
        "Diluted EPS": 0.43,
        "Total Revenue": 373,
        "Gross Profit": 226,
        "Operating Income": 138,
        "EBIT": 164,
        "Net Income": 73
    },
    "2012-03-31": {
        "Diluted EPS": 0.44,
        "Total Revenue": 347,
        "Gross Profit": 213,
        "Operating Income": 139,
        "EBIT": 160,
        "Net Income": 75
    },
    "2011-12-31": {
        "Diluted EPS": 0.47,
        "Total Revenue": 211,
        "Gross Profit": 164,
        "Operating Income": 107,
        "EBIT": 127,
        "Net Income": 80
    },
    "2011-09-30": {
        "Diluted EPS": 0.41,
        "Total Revenue": 340,
        "Gross Profit": 202,
        "Operating Income": 131,
        "EBIT": 151,
        "Net Income": 71
    },
    "2011-06-30": {
        "Diluted EPS": 0.38,
        "Total Revenue": 327,
        "Gross Profit": 196,
        "Operating Income": 124,
        "EBIT": 144,
        "Net Income": 66
    },
    "2011-03-31": {
        "Diluted EPS": 0.37,
        "Total Revenue": 313,
        "Gross Profit": 188,
        "Operating Income": 119,
        "EBIT": 139,
        "Net Income": 66
    },
    "2010-12-31": {
        "Diluted EPS": 0.36,
        "Total Revenue": 293,
        "Gross Profit": 177,
        "Operating Income": 114,
        "EBIT": 132,
        "Net Income": 66
    },
    "2010-09-30": {
        "Diluted EPS": 0.34,
        "Total Revenue": 287,
        "Gross Profit": 170,
        "Operating Income": 114,
        "EBIT": 130,
        "Net Income": 63
    },
    "2010-06-30": {
        "Diluted EPS": 0.31,
        "Total Revenue": 282,
        "Gross Profit": 167,
        "Operating Income": 107,
        "EBIT": 124,
        "Net Income": 58
    },
    "2010-03-31": {
        "Diluted EPS": 0.29,
        "Total Revenue": 276,
        "Gross Profit": 161,
        "Operating Income": 106,
        "EBIT": 124,
        "Net Income": 55
    },
    "2009-12-31": {
        "Diluted EPS": -0.04,
        "Total Revenue": 265,
        "Gross Profit": 112,
        "Operating Income": 42,
        "EBIT": 61,
        "Net Income": -6
    },
    "2009-09-30": {
        "Diluted EPS": 0.23,
        "Total Revenue": 258,
        "Gross Profit": 141,
        "Operating Income": 85,
        "EBIT": 102,
        "Net Income": 42
    },
    "2009-06-30": {
        "Diluted EPS": 0.26,
        "Total Revenue": 258,
        "Gross Profit": 145,
        "Operating Income": 88,
        "EBIT": 106,
        "Net Income": 46
    },
    "2009-03-31": {
        "Diluted EPS": 0.25,
        "Total Revenue": 246,
        "Gross Profit": 138,
        "Operating Income": 87,
        "EBIT": 105,
        "Net Income": 45
    },
    "2023-09-30": {
        "Tax Effect Of Unusual Items": NaN,
        "Tax Rate For Calcs": NaN,
        "Normalized EBITDA": NaN,
        "Total Unusual Items": NaN,
        "Total Unusual Items Excluding Goodwill": NaN,
        "Net Income From Continuing Operation Net Minority Interest": NaN,
        "Reconciled Depreciation": NaN,
        "Reconciled Cost Of Revenue": NaN,
        "EBITDA": NaN,
        "EBIT": NaN,
        "Net Interest Income": NaN,
        "Interest Expense": NaN,
        "Normalized Income": NaN,
        "Net Income From Continuing And Discontinued Operation": NaN,
        "Total Expenses": NaN,
        "Total Operating Income As Reported": NaN,
        "Diluted Average Shares": NaN,
        "Basic Average Shares": NaN,
        "Diluted EPS": NaN,
        "Basic EPS": NaN,
        "Diluted NI Availto Com Stockholders": NaN,
        "Net Income Common Stockholders": NaN,
        "Net Income": NaN,
        "Minority Interests": NaN,
        "Net Income Including Noncontrolling Interests": NaN,
        "Net Income Discontinuous Operations": NaN,
        "Net Income Continuous Operations": NaN,
        "Tax Provision": NaN,
        "Pretax Income": NaN,
        "Other Income Expense": NaN,
        "Special Income Charges": 0.0,
        "Other Special Charges": NaN,
        "Gain On Sale Of Security": NaN,
        "Net Non Operating Interest Income Expense": NaN,
        "Interest Expense Non Operating": NaN,
        "Operating Income": NaN,
        "Operating Expense": NaN,
        "Depreciation Amortization Depletion Income Statement": NaN,
        "Depreciation And Amortization In Income Statement": NaN,
        "Amortization": NaN,
        "Amortization Of Intangibles Income Statement": NaN,
        "Depreciation Income Statement": NaN,
        "Selling General And Administration": NaN,
        "Gross Profit": NaN,
        "Cost Of Revenue": NaN,
        "Total Revenue": NaN,
        "Operating Revenue": NaN
    },
    "2023-12-31": {
        "Tax Effect Of Unusual Items": NaN,
        "Tax Rate For Calcs": NaN,
        "Normalized EBITDA": NaN,
        "Total Unusual Items": NaN,
        "Total Unusual Items Excluding Goodwill": NaN,
        "Net Income From Continuing Operation Net Minority Interest": NaN,
        "Reconciled Depreciation": NaN,
        "Reconciled Cost Of Revenue": NaN,
        "EBITDA": NaN,
        "EBIT": NaN,
        "Net Interest Income": NaN,
        "Interest Expense": NaN,
        "Normalized Income": NaN,
        "Net Income From Continuing And Discontinued Operation": NaN,
        "Total Expenses": NaN,
        "Total Operating Income As Reported": NaN,
        "Diluted Average Shares": NaN,
        "Basic Average Shares": NaN,
        "Diluted EPS": NaN,
        "Basic EPS": NaN,
        "Diluted NI Availto Com Stockholders": NaN,
        "Net Income Common Stockholders": NaN,
        "Net Income": NaN,
        "Minority Interests": NaN,
        "Net Income Including Noncontrolling Interests": NaN,
        "Net Income Discontinuous Operations": -8500000.0,
        "Net Income Continuous Operations": NaN,
        "Tax Provision": NaN,
        "Pretax Income": NaN,
        "Other Income Expense": NaN,
        "Special Income Charges": NaN,
        "Other Special Charges": NaN,
        "Gain On Sale Of Security": NaN,
        "Net Non Operating Interest Income Expense": NaN,
        "Interest Expense Non Operating": NaN,
        "Operating Income": NaN,
        "Operating Expense": NaN,
        "Depreciation Amortization Depletion Income Statement": NaN,
        "Depreciation And Amortization In Income Statement": NaN,
        "Amortization": NaN,
        "Amortization Of Intangibles Income Statement": NaN,
        "Depreciation Income Statement": NaN,
        "Selling General And Administration": NaN,
        "Gross Profit": NaN,
        "Cost Of Revenue": NaN,
        "Total Revenue": NaN,
        "Operating Revenue": NaN
    },
    "2024-03-31": {
        "Tax Effect Of Unusual Items": -669113.372093,
        "Tax Rate For Calcs": 0.202762,
        "Normalized EBITDA": 383300000.0,
        "Total Unusual Items": -3300000.0,
        "Total Unusual Items Excluding Goodwill": -3300000.0,
        "Net Income From Continuing Operation Net Minority Interest": 219600000.0,
        "Reconciled Depreciation": 75900000.0,
        "Reconciled Cost Of Revenue": 227800000.0,
        "EBITDA": 380000000.0,
        "EBIT": 304100000.0,
        "Net Interest Income": -28900000.0,
        "Interest Expense": 28900000.0,
        "Normalized Income": 222230886.627907,
        "Net Income From Continuing And Discontinued Operation": 219600000.0,
        "Total Expenses": 396600000.0,
        "Total Operating Income As Reported": 307400000.0,
        "Diluted Average Shares": 143973534.0,
        "Basic Average Shares": 143298163.0,
        "Diluted EPS": 1.52,
        "Basic EPS": 1.53,
        "Diluted NI Availto Com Stockholders": 219600000.0,
        "Net Income Common Stockholders": 219600000.0,
        "Net Income": 219600000.0,
        "Minority Interests": 200000.0,
        "Net Income Including Noncontrolling Interests": 219400000.0,
        "Net Income Discontinuous Operations": 0.0,
        "Net Income Continuous Operations": 219400000.0,
        "Tax Provision": 55800000.0,
        "Pretax Income": 275200000.0,
        "Other Income Expense": -3300000.0,
        "Special Income Charges": NaN,
        "Other Special Charges": NaN,
        "Gain On Sale Of Security": -3300000.0,
        "Net Non Operating Interest Income Expense": -28900000.0,
        "Interest Expense Non Operating": 28900000.0,
        "Operating Income": 307400000.0,
        "Operating Expense": 168800000.0,
        "Depreciation Amortization Depletion Income Statement": 75900000.0,
        "Depreciation And Amortization In Income Statement": 75900000.0,
        "Amortization": 18500000.0,
        "Amortization Of Intangibles Income Statement": 18500000.0,
        "Depreciation Income Statement": 57400000.0,
        "Selling General And Administration": 92900000.0,
        "Gross Profit": 476200000.0,
        "Cost Of Revenue": 227800000.0,
        "Total Revenue": 704000000.0,
        "Operating Revenue": 704000000.0
    },
    "2024-06-30": {
        "Tax Effect Of Unusual Items": 22437800.0,
        "Tax Rate For Calcs": 0.217,
        "Normalized EBITDA": 395900000.0,
        "Total Unusual Items": 103400000.0,
        "Total Unusual Items Excluding Goodwill": 103400000.0,
        "Net Income From Continuing Operation Net Minority Interest": 308100000.0,
        "Reconciled Depreciation": 77200000.0,
        "Reconciled Cost Of Revenue": 219400000.0,
        "EBITDA": 499300000.0,
        "EBIT": 422100000.0,
        "Net Interest Income": -29100000.0,
        "Interest Expense": 29100000.0,
        "Normalized Income": 227137800.0,
        "Net Income From Continuing And Discontinued Operation": 308100000.0,
        "Total Expenses": 398100000.0,
        "Total Operating Income As Reported": 318700000.0,
        "Diluted Average Shares": 143293222.0,
        "Basic Average Shares": 142705508.0,
        "Diluted EPS": 2.15,
        "Basic EPS": 2.16,
        "Diluted NI Availto Com Stockholders": 308100000.0,
        "Net Income Common Stockholders": 308100000.0,
        "Net Income": 308100000.0,
        "Minority Interests": -300000.0,
        "Net Income Including Noncontrolling Interests": 307800000.0,
        "Net Income Discontinuous Operations": 0.0,
        "Net Income Continuous Operations": 307800000.0,
        "Tax Provision": 85200000.0,
        "Pretax Income": 393000000.0,
        "Other Income Expense": 103400000.0,
        "Special Income Charges": 3600000.0,
        "Other Special Charges": -3600000.0,
        "Gain On Sale Of Security": 99800000.0,
        "Net Non Operating Interest Income Expense": -29100000.0,
        "Interest Expense Non Operating": 29100000.0,
        "Operating Income": 318700000.0,
        "Operating Expense": 178700000.0,
        "Depreciation Amortization Depletion Income Statement": 77200000.0,
        "Depreciation And Amortization In Income Statement": 77200000.0,
        "Amortization": 18200000.0,
        "Amortization Of Intangibles Income Statement": 18200000.0,
        "Depreciation Income Statement": 59000000.0,
        "Selling General And Administration": 101500000.0,
        "Gross Profit": 497400000.0,
        "Cost Of Revenue": 219400000.0,
        "Total Revenue": 716800000.0,
        "Operating Revenue": 716800000.0
    },
    "2024-09-30": {
        "Tax Effect Of Unusual Items": 1351100.0,
        "Tax Rate For Calcs": 0.229,
        "Normalized EBITDA": 387900000.0,
        "Total Unusual Items": 5900000.0,
        "Total Unusual Items Excluding Goodwill": 5900000.0,
        "Net Income From Continuing Operation Net Minority Interest": 220000000.0,
        "Reconciled Depreciation": 76400000.0,
        "Reconciled Cost Of Revenue": 223400000.0,
        "EBITDA": 393800000.0,
        "EBIT": 317400000.0,
        "Net Interest Income": -32100000.0,
        "Interest Expense": 32100000.0,
        "Normalized Income": 215451100.0,
        "Net Income From Continuing And Discontinued Operation": 220000000.0,
        "Total Expenses": 413800000.0,
        "Total Operating Income As Reported": 311500000.0,
        "Diluted Average Shares": 142511476.0,
        "Basic Average Shares": 141778551.0,
        "Diluted EPS": 1.54,
        "Basic EPS": 1.55,
        "Diluted NI Availto Com Stockholders": 220000000.0,
        "Net Income Common Stockholders": 220000000.0,
        "Net Income": 220000000.0,
        "Minority Interests": -100000.0,
        "Net Income Including Noncontrolling Interests": 220000000.0,
        "Net Income Discontinuous Operations": 0.0,
        "Net Income Continuous Operations": 220000000.0,
        "Tax Provision": 65300000.0,
        "Pretax Income": 285300000.0,
        "Other Income Expense": 5900000.0,
        "Special Income Charges": 0.0,
        "Other Special Charges": NaN,
        "Gain On Sale Of Security": 5900000.0,
        "Net Non Operating Interest Income Expense": -32100000.0,
        "Interest Expense Non Operating": 32100000.0,
        "Operating Income": 311500000.0,
        "Operating Expense": 190400000.0,
        "Depreciation Amortization Depletion Income Statement": 76400000.0,
        "Depreciation And Amortization In Income Statement": 76400000.0,
        "Amortization": 18300000.0,
        "Amortization Of Intangibles Income Statement": 18300000.0,
        "Depreciation Income Statement": 58100000.0,
        "Selling General And Administration": 114000000.0,
        "Gross Profit": 501900000.0,
        "Cost Of Revenue": 223400000.0,
        "Total Revenue": 725300000.0,
        "Operating Revenue": 725300000.0
    },
    "2024-12-31": {
        "Tax Effect Of Unusual Items": -1743802.253726,
        "Tax Rate For Calcs": 0.260269,
        "Normalized EBITDA": 392700000.0,
        "Total Unusual Items": -6700000.0,
        "Total Unusual Items Excluding Goodwill": -6700000.0,
        "Net Income From Continuing Operation Net Minority Interest": 203500000.0,
        "Reconciled Depreciation": 76400000.0,
        "Reconciled Cost Of Revenue": 230500000.0,
        "EBITDA": 386000000.0,
        "EBIT": 309600000.0,
        "Net Interest Income": -34500000.0,
        "Interest Expense": 34500000.0,
        "Normalized Income": 208456197.746274,
        "Net Income From Continuing And Discontinued Operation": 210300000.0,
        "Total Expenses": 419300000.0,
        "Total Operating Income As Reported": 316300000.0,
        "Diluted Average Shares": 141590810.0,
        "Basic Average Shares": 140836396.0,
        "Diluted EPS": 1.49,
        "Basic EPS": 1.5,
        "Diluted NI Availto Com Stockholders": 210300000.0,
        "Net Income Common Stockholders": 210300000.0,
        "Net Income": 210300000.0,
        "Minority Interests": -100000.0,
        "Net Income Including Noncontrolling Interests": 210300000.0,
        "Net Income Discontinuous Operations": 6800000.0,
        "Net Income Continuous Operations": 203500000.0,
        "Tax Provision": 71600000.0,
        "Pretax Income": 275100000.0,
        "Other Income Expense": -6700000.0,
        "Special Income Charges": 0.0,
        "Other Special Charges": 0.0,
        "Gain On Sale Of Security": -6700000.0,
        "Net Non Operating Interest Income Expense": -34500000.0,
        "Interest Expense Non Operating": 34500000.0,
        "Operating Income": 316300000.0,
        "Operating Expense": 188800000.0,
        "Depreciation Amortization Depletion Income Statement": 76400000.0,
        "Depreciation And Amortization In Income Statement": 76400000.0,
        "Amortization": 17300000.0,
        "Amortization Of Intangibles Income Statement": 17300000.0,
        "Depreciation Income Statement": 59100000.0,
        "Selling General And Administration": 100300000.0,
        "Gross Profit": 505100000.0,
        "Cost Of Revenue": 230500000.0,
        "Total Revenue": 735600000.0,
        "Operating Revenue": 735600000.0
    },
    "2025-03-31": {
        "Tax Effect Of Unusual Items": 562280.701754,
        "Tax Rate For Calcs": 0.216262,
        "Normalized EBITDA": 413300000.0,
        "Total Unusual Items": 2600000.0,
        "Total Unusual Items Excluding Goodwill": 2600000.0,
        "Net Income From Continuing Operation Net Minority Interest": 232300000.0,
        "Reconciled Depreciation": 83200000.0,
        "Reconciled Cost Of Revenue": 230800000.0,
        "EBITDA": 415900000.0,
        "EBIT": 332700000.0,
        "Net Interest Income": -36300000.0,
        "Interest Expense": 36300000.0,
        "Normalized Income": 230262280.701754,
        "Net Income From Continuing And Discontinued Operation": 232300000.0,
        "Total Expenses": 422900000.0,
        "Total Operating Income As Reported": 330100000.0,
        "Diluted Average Shares": 140939555.0,
        "Basic Average Shares": 140294117.0,
        "Diluted EPS": 1.65,
        "Basic EPS": 1.66,
        "Diluted NI Availto Com Stockholders": 232300000.0,
        "Net Income Common Stockholders": 232300000.0,
        "Net Income": 232300000.0,
        "Minority Interests": 0.0,
        "Net Income Including Noncontrolling Interests": 232300000.0,
        "Net Income Discontinuous Operations": NaN,
        "Net Income Continuous Operations": 232300000.0,
        "Tax Provision": 64100000.0,
        "Pretax Income": 296400000.0,
        "Other Income Expense": 2600000.0,
        "Special Income Charges": NaN,
        "Other Special Charges": NaN,
        "Gain On Sale Of Security": 2600000.0,
        "Net Non Operating Interest Income Expense": -36300000.0,
        "Interest Expense Non Operating": 36300000.0,
        "Operating Income": 330100000.0,
        "Operating Expense": 192100000.0,
        "Depreciation Amortization Depletion Income Statement": 83200000.0,
        "Depreciation And Amortization In Income Statement": 83200000.0,
        "Amortization": 15800000.0,
        "Amortization Of Intangibles Income Statement": 15800000.0,
        "Depreciation Income Statement": 67400000.0,
        "Selling General And Administration": 108900000.0,
        "Gross Profit": 522200000.0,
        "Cost Of Revenue": 230800000.0,
        "Total Revenue": 753000000.0,
        "Operating Revenue": 753000000.0
    }
}