{
    "2023-03-31": {
        "Tax Effect Of Unusual Items": NaN,
        "Tax Rate For Calcs": NaN,
        "Normalized EBITDA": NaN,
        "Total Unusual Items": NaN,
        "Total Unusual Items Excluding Goodwill": NaN,
        "Net Income From Continuing Operation Net Minority Interest": NaN,
        "Reconciled Depreciation": NaN,
        "Reconciled Cost Of Revenue": NaN,
        "EBITDA": NaN,
        "EBIT": NaN,
        "Net Interest Income": NaN,
        "Interest Expense": NaN,
        "Interest Income": NaN,
        "Normalized Income": NaN,
        "Net Income From Continuing And Discontinued Operation": NaN,
        "Total Expenses": NaN,
        "Total Operating Income As Reported": NaN,
        "Diluted Average Shares": NaN,
        "Basic Average Shares": NaN,
        "Diluted EPS": NaN,
        "Basic EPS": NaN,
        "Diluted NI Availto Com Stockholders": NaN,
        "Net Income Common Stockholders": NaN,
        "Net Income": NaN,
        "Minority Interests": NaN,
        "Net Income Including Noncontrolling Interests": NaN,
        "Net Income Discontinuous Operations": 1258342000.0,
        "Net Income Continuous Operations": NaN,
        "Earnings From Equity Interest Net Of Tax": NaN,
        "Tax Provision": NaN,
        "Pretax Income": NaN,
        "Other Income Expense": 0.0,
        "Other Non Operating Income Expenses": 0.0,
        "Special Income Charges": NaN,
        "Other Special Charges": NaN,
        "Net Non Operating Interest Income Expense": NaN,
        "Interest Expense Non Operating": NaN,
        "Interest Income Non Operating": NaN,
        "Operating Income": NaN,
        "Operating Expense": NaN,
        "Depreciation Amortization Depletion Income Statement": NaN,
        "Depreciation And Amortization In Income Statement": NaN,
        "Amortization": NaN,
        "Amortization Of Intangibles Income Statement": NaN,
        "Research And Development": NaN,
        "Selling General And Administration": NaN,
        "Gross Profit": NaN,
        "Cost Of Revenue": NaN,
        "Total Revenue": NaN,
        "Operating Revenue": NaN
    },
    "2022-12-31": {
        "Tax Effect Of Unusual Items": 0.0,
        "Tax Rate For Calcs": 0.21,
        "Normalized EBITDA": 94207000.0,
        "Net Income From Continuing Operation Net Minority Interest": -46561000.0,
        "Reconciled Depreciation": 124993000.0,
        "Reconciled Cost Of Revenue": 365473000.0,
        "EBITDA": 94207000.0,
        "EBIT": -30786000.0,
        "Net Interest Income": -8222000.0,
        "Interest Expense": 8747000.0,
        "Interest Income": 525000.0,
        "Normalized Income": -46561000.0,
        "Net Income From Continuing And Discontinued Operation": -42228000.0,
        "Total Expenses": 682755000.0,
        "Total Operating Income As Reported": -31311000.0,
        "Diluted Average Shares": 76138000.0,
        "Basic Average Shares": 76138000.0,
        "Diluted EPS": -0.55,
        "Basic EPS": -0.55,
        "Diluted NI Availto Com Stockholders": -42228000.0,
        "Net Income Common Stockholders": -42228000.0,
        "Net Income": -42228000.0,
        "Minority Interests": -1803000.0,
        "Net Income Including Noncontrolling Interests": -40425000.0,
        "Net Income Discontinuous Operations": 4333000.0,
        "Net Income Continuous Operations": -44758000.0,
        "Earnings From Equity Interest Net Of Tax": -13000.0,
        "Tax Provision": 5212000.0,
        "Pretax Income": -39533000.0,
        "Other Income Expense": NaN,
        "Other Non Operating Income Expenses": NaN,
        "Net Non Operating Interest Income Expense": -8222000.0,
        "Interest Expense Non Operating": 8747000.0,
        "Interest Income Non Operating": 525000.0,
        "Operating Income": -31311000.0,
        "Operating Expense": 199722000.0,
        "Depreciation Amortization Depletion Income Statement": 7433000.0,
        "Depreciation And Amortization In Income Statement": 7433000.0,
        "Amortization": 7433000.0,
        "Amortization Of Intangibles Income Statement": 7433000.0,
        "Research And Development": 29444000.0,
        "Selling General And Administration": 162845000.0,
        "Gross Profit": 168411000.0,
        "Cost Of Revenue": 483033000.0,
        "Total Revenue": 651444000.0,
        "Operating Revenue": 651444000.0
    },
    "2022-09-30": {
        "Tax Effect Of Unusual Items": NaN,
        "Tax Rate For Calcs": NaN,
        "Normalized EBITDA": NaN,
        "Net Income From Continuing Operation Net Minority Interest": NaN,
        "Reconciled Depreciation": NaN,
        "Reconciled Cost Of Revenue": NaN,
        "EBITDA": NaN,
        "EBIT": NaN,
        "Net Interest Income": NaN,
        "Interest Expense": NaN,
        "Interest Income": NaN,
        "Normalized Income": NaN,
        "Net Income From Continuing And Discontinued Operation": NaN,
        "Total Expenses": NaN,
        "Total Operating Income As Reported": NaN,
        "Diluted Average Shares": NaN,
        "Basic Average Shares": NaN,
        "Diluted EPS": NaN,
        "Basic EPS": NaN,
        "Diluted NI Availto Com Stockholders": NaN,
        "Net Income Common Stockholders": NaN,
        "Net Income": NaN,
        "Minority Interests": NaN,
        "Net Income Including Noncontrolling Interests": NaN,
        "Net Income Discontinuous Operations": NaN,
        "Net Income Continuous Operations": NaN,
        "Earnings From Equity Interest Net Of Tax": NaN,
        "Tax Provision": NaN,
        "Pretax Income": NaN,
        "Other Income Expense": 87000.0,
        "Other Non Operating Income Expenses": 87000.0,
        "Net Non Operating Interest Income Expense": NaN,
        "Interest Expense Non Operating": NaN,
        "Interest Income Non Operating": NaN,
        "Operating Income": NaN,
        "Operating Expense": NaN,
        "Depreciation Amortization Depletion Income Statement": NaN,
        "Depreciation And Amortization In Income Statement": NaN,
        "Amortization": NaN,
        "Amortization Of Intangibles Income Statement": NaN,
        "Research And Development": NaN,
        "Selling General And Administration": NaN,
        "Gross Profit": NaN,
        "Cost Of Revenue": NaN,
        "Total Revenue": NaN,
        "Operating Revenue": NaN
    },
    "2022-06-30": {
        "Tax Effect Of Unusual Items": 0.0,
        "Tax Rate For Calcs": 0.338417,
        "Normalized EBITDA": -18528000.0,
        "Net Income From Continuing Operation Net Minority Interest": -21564000.0,
        "Reconciled Depreciation": 7523000.0,
        "Reconciled Cost Of Revenue": 482386000.0,
        "EBITDA": -18528000.0,
        "EBIT": -26051000.0,
        "Net Interest Income": -5750000.0,
        "Interest Expense": 5750000.0,
        "Interest Income": 123000.0,
        "Normalized Income": -21564000.0,
        "Net Income From Continuing And Discontinued Operation": -21564000.0,
        "Total Expenses": 705285000.0,
        "Total Operating Income As Reported": -27062000.0,
        "Diluted Average Shares": 74863000.0,
        "Basic Average Shares": 74863000.0,
        "Diluted EPS": -0.29,
        "Basic EPS": -0.29,
        "Diluted NI Availto Com Stockholders": -21564000.0,
        "Net Income Common Stockholders": -21564000.0,
        "Net Income": -21564000.0,
        "Minority Interests": -525000.0,
        "Net Income Including Noncontrolling Interests": -21039000.0,
        "Net Income Discontinuous Operations": NaN,
        "Net Income Continuous Operations": -21039000.0,
        "Earnings From Equity Interest Net Of Tax": 0.0,
        "Tax Provision": -10762000.0,
        "Pretax Income": -31801000.0,
        "Other Income Expense": 1011000.0,
        "Other Non Operating Income Expenses": 1011000.0,
        "Net Non Operating Interest Income Expense": -5750000.0,
        "Total Other Finance Cost": NaN,
        "Interest Expense Non Operating": 5750000.0,
        "Interest Income Non Operating": 123000.0,
        "Operating Income": -27062000.0,
        "Operating Expense": 222899000.0,
        "Depreciation Amortization Depletion Income Statement": 7523000.0,
        "Depreciation And Amortization In Income Statement": 7523000.0,
        "Amortization": 7523000.0,
        "Amortization Of Intangibles Income Statement": 7523000.0,
        "Research And Development": 35763000.0,
        "Selling General And Administration": 179613000.0,
        "Gross Profit": 195837000.0,
        "Cost Of Revenue": 482386000.0,
        "Total Revenue": 678223000.0,
        "Operating Revenue": 678223000.0
    },
    "2022-03-31": {
        "Diluted EPS": -0.39,
        "Total Revenue": 518,
        "Gross Profit": 139,
        "Operating Income": -76,
        "EBIT": 50,
        "Net Income": -29
    },
    "2021-12-31": {
        "Diluted EPS": -0.09,
        "Total Revenue": 625,
        "Gross Profit": 181,
        "Operating Income": -29,
        "EBIT": 99,
        "Net Income": -7
    },
    "2021-09-30": {
        "Diluted EPS": 0.04,
        "Total Revenue": 609,
        "Gross Profit": 175,
        "Operating Income": -24,
        "EBIT": 103,
        "Net Income": 3
    },
    "2021-06-30": {
        "Diluted EPS": 0.23,
        "Total Revenue": 665,
        "Gross Profit": 211,
        "Operating Income": 16,
        "EBIT": 131,
        "Net Income": 17
    },
    "2021-03-31": {
        "Diluted EPS": 0.13,
        "Total Revenue": 261,
        "Gross Profit": 69,
        "Operating Income": -75,
        "EBIT": 30,
        "Net Income": 7
    },
    "2020-12-31": {
        "Diluted EPS": 0.1,
        "Total Revenue": 576,
        "Gross Profit": 184,
        "Operating Income": 22,
        "EBIT": 124,
        "Net Income": 7
    },
    "2020-09-30": {
        "Diluted EPS": 0.03,
        "Total Revenue": 554,
        "Gross Profit": 167,
        "Operating Income": 13,
        "EBIT": 110,
        "Net Income": 2
    },
    "2020-06-30": {
        "Diluted EPS": -0.2,
        "Total Revenue": 530,
        "Gross Profit": 145,
        "Operating Income": -5,
        "EBIT": 87,
        "Net Income": -12
    },
    "2020-03-31": {
        "Diluted EPS": 0.04,
        "Total Revenue": 592,
        "Gross Profit": 181,
        "Operating Income": 14,
        "EBIT": 101,
        "Net Income": 2
    },
    "2019-12-31": {
        "Diluted EPS": 0.1,
        "Total Revenue": 588,
        "Gross Profit": 184,
        "Operating Income": 14,
        "EBIT": 103,
        "Net Income": 6
    },
    "2019-09-30": {
        "Diluted EPS": 0.05,
        "Total Revenue": 592,
        "Gross Profit": 182,
        "Operating Income": 18,
        "EBIT": 101,
        "Net Income": 3
    },
    "2019-06-30": {
        "Diluted EPS": -0.19,
        "Total Revenue": 537,
        "Gross Profit": 153,
        "Operating Income": -8,
        "EBIT": 76,
        "Net Income": -11
    },
    "2019-03-31": {
        "Diluted EPS": 0.04,
        "Total Revenue": 557,
        "Gross Profit": 159,
        "Operating Income": 9,
        "EBIT": 90,
        "Net Income": 3
    },
    "2018-12-31": {
        "Diluted EPS": -0.17,
        "Total Revenue": 555,
        "Gross Profit": 152,
        "Operating Income": 6,
        "EBIT": 87,
        "Net Income": -10
    },
    "2018-09-30": {
        "Diluted EPS": -0.43,
        "Total Revenue": 517,
        "Gross Profit": 125,
        "Operating Income": -22,
        "EBIT": 58,
        "Net Income": -26
    },
    "2018-06-30": {
        "Diluted EPS": -0.57,
        "Total Revenue": 439,
        "Gross Profit": 94,
        "Operating Income": -54,
        "EBIT": 23,
        "Net Income": -34
    },
    "2018-03-31": {
        "Diluted EPS": -0.33,
        "Total Revenue": 440,
        "Gross Profit": 112,
        "Operating Income": -33,
        "EBIT": 36,
        "Net Income": -20
    },
    "2017-12-31": {
        "Diluted EPS": -0.42,
        "Total Revenue": 382,
        "Gross Profit": 118,
        "Operating Income": -25,
        "EBIT": 36,
        "Net Income": -25
    },
    "2017-09-30": {
        "Diluted EPS": -0.24,
        "Total Revenue": 393,
        "Gross Profit": 124,
        "Operating Income": -16,
        "EBIT": 45,
        "Net Income": -14
    },
    "2017-06-30": {
        "Diluted EPS": -0.16,
        "Total Revenue": 380,
        "Gross Profit": 120,
        "Operating Income": -18,
        "EBIT": 46,
        "Net Income": -9
    },
    "2017-03-31": {
        "Diluted EPS": 0.11,
        "Total Revenue": 416,
        "Gross Profit": 142,
        "Operating Income": 3,
        "EBIT": 65,
        "Net Income": 7
    },
    "2016-12-31": {
        "Diluted EPS": 0.08,
        "Total Revenue": 381,
        "Gross Profit": 125,
        "Operating Income": 8,
        "EBIT": 69,
        "Net Income": 4
    },
    "2016-09-30": {
        "Diluted EPS": 0.22,
        "Total Revenue": 399,
        "Gross Profit": 128,
        "Operating Income": 18,
        "EBIT": 80,
        "Net Income": 11
    },
    "2016-06-30": {
        "Diluted EPS": 0.04,
        "Total Revenue": 363,
        "Gross Profit": 115,
        "Operating Income": 8,
        "EBIT": 68,
        "Net Income": 2
    },
    "2016-03-31": {
        "Diluted EPS": 0.09,
        "Total Revenue": 372,
        "Gross Profit": 109,
        "Operating Income": 7,
        "EBIT": 67,
        "Net Income": 4
    },
    "2015-12-31": {
        "Diluted EPS": 0.2,
        "Total Revenue": 348,
        "Gross Profit": 110,
        "Operating Income": 10,
        "EBIT": 74,
        "Net Income": 10
    },
    "2015-09-30": {
        "Diluted EPS": 0.1,
        "Total Revenue": 353,
        "Gross Profit": 113,
        "Operating Income": 14,
        "EBIT": 75,
        "Net Income": 5
    },
    "2015-06-30": {
        "Diluted EPS": 0.05,
        "Total Revenue": 344,
        "Gross Profit": 101,
        "Operating Income": 9,
        "EBIT": 67,
        "Net Income": 3
    },
    "2015-03-31": {
        "Diluted EPS": 0.16,
        "Total Revenue": 365,
        "Gross Profit": 114,
        "Operating Income": 20,
        "EBIT": 78,
        "Net Income": 8
    },
    "2014-12-31": {
        "Diluted EPS": 0.31,
        "Total Revenue": 340,
        "Gross Profit": 106,
        "Operating Income": 18,
        "EBIT": 76,
        "Net Income": 15
    },
    "2014-09-30": {
        "Diluted EPS": 0.5,
        "Total Revenue": 359,
        "Gross Profit": 117,
        "Operating Income": 46,
        "EBIT": 101,
        "Net Income": 24
    },
    "2014-06-30": {
        "Diluted EPS": -0.13,
        "Total Revenue": 319,
        "Gross Profit": 82,
        "Operating Income": -1,
        "EBIT": 50,
        "Net Income": -6
    },
    "2014-03-31": {
        "Diluted EPS": -0.08,
        "Total Revenue": 344,
        "Gross Profit": 93,
        "Operating Income": -1,
        "EBIT": 48,
        "Net Income": -4
    },
    "2013-12-31": {
        "Diluted EPS": -0.13,
        "Total Revenue": 333,
        "Gross Profit": 89,
        "Operating Income": 2,
        "EBIT": 48,
        "Net Income": -6
    },
    "2013-09-30": {
        "Diluted EPS": 0.04,
        "Total Revenue": 354,
        "Gross Profit": 92,
        "Operating Income": -1,
        "EBIT": 47,
        "Net Income": 2
    },
    "2013-06-30": {
        "Diluted EPS": -0.04,
        "Total Revenue": 321,
        "Gross Profit": 86,
        "Operating Income": 3,
        "EBIT": 46,
        "Net Income": -2
    },
    "2013-03-31": {
        "Diluted EPS": 0.04,
        "Total Revenue": 309,
        "Gross Profit": 76,
        "Operating Income": -7,
        "EBIT": 33,
        "Net Income": 2
    },
    "2012-12-31": {
        "Diluted EPS": -0.47,
        "Total Revenue": 286,
        "Gross Profit": 75,
        "Operating Income": 1,
        "EBIT": 42,
        "Net Income": -21
    },
    "2012-09-30": {
        "Diluted EPS": -0.18,
        "Total Revenue": 283,
        "Gross Profit": 66,
        "Operating Income": -1,
        "EBIT": 39,
        "Net Income": -8
    },
    "2012-06-30": {
        "Diluted EPS": -0.33,
        "Total Revenue": 242,
        "Gross Profit": 54,
        "Operating Income": -14,
        "EBIT": 23,
        "Net Income": -14
    },
    "2012-03-31": {
        "Diluted EPS": -0.17,
        "Total Revenue": 241,
        "Gross Profit": 55,
        "Operating Income": -6,
        "EBIT": 30,
        "Net Income": -7
    },
    "2011-12-31": {
        "Diluted EPS": 0.12,
        "Total Revenue": 205,
        "Gross Profit": 58,
        "Operating Income": 2,
        "EBIT": 31,
        "Net Income": 5
    },
    "2011-09-30": {
        "Diluted EPS": 0.18,
        "Total Revenue": 223,
        "Gross Profit": 61,
        "Operating Income": 5,
        "EBIT": 34,
        "Net Income": 8
    },
    "2011-06-30": {
        "Diluted EPS": 0.04,
        "Total Revenue": 195,
        "Gross Profit": 54,
        "Operating Income": 1,
        "EBIT": 32,
        "Net Income": 2
    },
    "2011-03-31": {
        "Diluted EPS": 0.28,
        "Total Revenue": 216,
        "Gross Profit": 67,
        "Operating Income": 12,
        "EBIT": 38,
        "Net Income": 12
    },
    "2010-12-31": {
        "Diluted EPS": 0.3,
        "Total Revenue": 196,
        "Gross Profit": 59,
        "Operating Income": 7,
        "EBIT": 33,
        "Net Income": 13
    },
    "2010-09-30": {
        "Diluted EPS": 0.18,
        "Total Revenue": 198,
        "Gross Profit": 68,
        "Operating Income": 13,
        "EBIT": 39,
        "Net Income": 8
    },
    "2010-06-30": {
        "Diluted EPS": 0.08,
        "Total Revenue": 192,
        "Gross Profit": 58,
        "Operating Income": 7,
        "EBIT": 32,
        "Net Income": 3
    },
    "2010-03-31": {
        "Diluted EPS": 0.27,
        "Total Revenue": 213,
        "Gross Profit": 71,
        "Operating Income": 18,
        "EBIT": 43,
        "Net Income": 10
    },
    "2009-12-31": {
        "Diluted EPS": 0.09,
        "Total Revenue": 156,
        "Gross Profit": 46,
        "Operating Income": 2,
        "EBIT": 11,
        "Net Income": 3
    },
    "2009-09-30": {
        "Diluted EPS": 0.28,
        "Total Revenue": 161,
        "Gross Profit": 49,
        "Operating Income": 12,
        "EBIT": 18,
        "Net Income": 9
    },
    "2009-06-30": {
        "Diluted EPS": 0.25,
        "Total Revenue": 158,
        "Gross Profit": 47,
        "Operating Income": 11,
        "EBIT": 18,
        "Net Income": 8
    },
    "2009-03-31": {
        "Diluted EPS": 0.37,
        "Total Revenue": 166,
        "Gross Profit": 48,
        "Operating Income": 14,
        "EBIT": 21,
        "Net Income": 12
    },
    "2023-06-30": {
        "Tax Effect Of Unusual Items": NaN,
        "Tax Rate For Calcs": NaN,
        "Normalized EBITDA": NaN,
        "Total Unusual Items": NaN,
        "Total Unusual Items Excluding Goodwill": NaN,
        "Net Income From Continuing Operation Net Minority Interest": NaN,
        "Reconciled Depreciation": NaN,
        "Reconciled Cost Of Revenue": NaN,
        "EBITDA": NaN,
        "EBIT": NaN,
        "Net Interest Income": NaN,
        "Interest Expense": NaN,
        "Interest Income": NaN,
        "Normalized Income": NaN,
        "Net Income From Continuing And Discontinued Operation": NaN,
        "Total Expenses": NaN,
        "Total Operating Income As Reported": NaN,
        "Diluted Average Shares": NaN,
        "Basic Average Shares": NaN,
        "Diluted EPS": NaN,
        "Basic EPS": NaN,
        "Diluted NI Availto Com Stockholders": NaN,
        "Net Income Common Stockholders": NaN,
        "Net Income": NaN,
        "Minority Interests": NaN,
        "Net Income Including Noncontrolling Interests": NaN,
        "Net Income Discontinuous Operations": 0.0,
        "Net Income Continuous Operations": NaN,
        "Earnings From Equity Interest Net Of Tax": NaN,
        "Tax Provision": NaN,
        "Pretax Income": NaN,
        "Other Income Expense": NaN,
        "Other Non Operating Income Expenses": NaN,
        "Special Income Charges": NaN,
        "Other Special Charges": NaN,
        "Net Non Operating Interest Income Expense": NaN,
        "Interest Expense Non Operating": NaN,
        "Interest Income Non Operating": NaN,
        "Operating Income": NaN,
        "Operating Expense": NaN,
        "Depreciation Amortization Depletion Income Statement": NaN,
        "Depreciation And Amortization In Income Statement": NaN,
        "Amortization": NaN,
        "Amortization Of Intangibles Income Statement": NaN,
        "Research And Development": NaN,
        "Selling General And Administration": NaN,
        "Gross Profit": NaN,
        "Cost Of Revenue": NaN,
        "Total Revenue": NaN,
        "Operating Revenue": NaN
    },
    "2023-09-30": {
        "Tax Effect Of Unusual Items": NaN,
        "Tax Rate For Calcs": NaN,
        "Normalized EBITDA": NaN,
        "Total Unusual Items": 0.0,
        "Total Unusual Items Excluding Goodwill": 0.0,
        "Net Income From Continuing Operation Net Minority Interest": NaN,
        "Reconciled Depreciation": NaN,
        "Reconciled Cost Of Revenue": NaN,
        "EBITDA": NaN,
        "EBIT": NaN,
        "Net Interest Income": NaN,
        "Interest Expense": NaN,
        "Interest Income": NaN,
        "Normalized Income": NaN,
        "Net Income From Continuing And Discontinued Operation": NaN,
        "Total Expenses": NaN,
        "Total Operating Income As Reported": NaN,
        "Diluted Average Shares": NaN,
        "Basic Average Shares": NaN,
        "Diluted EPS": NaN,
        "Basic EPS": NaN,
        "Diluted NI Availto Com Stockholders": NaN,
        "Net Income Common Stockholders": NaN,
        "Net Income": NaN,
        "Minority Interests": NaN,
        "Net Income Including Noncontrolling Interests": NaN,
        "Net Income Discontinuous Operations": 0.0,
        "Net Income Continuous Operations": NaN,
        "Earnings From Equity Interest Net Of Tax": NaN,
        "Tax Provision": NaN,
        "Pretax Income": NaN,
        "Other Income Expense": NaN,
        "Other Non Operating Income Expenses": NaN,
        "Special Income Charges": 0.0,
        "Other Special Charges": NaN,
        "Net Non Operating Interest Income Expense": NaN,
        "Interest Expense Non Operating": NaN,
        "Interest Income Non Operating": NaN,
        "Operating Income": NaN,
        "Operating Expense": NaN,
        "Depreciation Amortization Depletion Income Statement": NaN,
        "Depreciation And Amortization In Income Statement": NaN,
        "Amortization": NaN,
        "Amortization Of Intangibles Income Statement": NaN,
        "Research And Development": NaN,
        "Selling General And Administration": NaN,
        "Gross Profit": NaN,
        "Cost Of Revenue": NaN,
        "Total Revenue": NaN,
        "Operating Revenue": NaN
    },
    "2023-12-31": {
        "Tax Effect Of Unusual Items": NaN,
        "Tax Rate For Calcs": NaN,
        "Normalized EBITDA": NaN,
        "Total Unusual Items": NaN,
        "Total Unusual Items Excluding Goodwill": NaN,
        "Net Income From Continuing Operation Net Minority Interest": NaN,
        "Reconciled Depreciation": NaN,
        "Reconciled Cost Of Revenue": NaN,
        "EBITDA": NaN,
        "EBIT": NaN,
        "Net Interest Income": NaN,
        "Interest Expense": NaN,
        "Interest Income": NaN,
        "Normalized Income": NaN,
        "Net Income From Continuing And Discontinued Operation": NaN,
        "Total Expenses": NaN,
        "Total Operating Income As Reported": NaN,
        "Diluted Average Shares": NaN,
        "Basic Average Shares": NaN,
        "Diluted EPS": NaN,
        "Basic EPS": NaN,
        "Diluted NI Availto Com Stockholders": NaN,
        "Net Income Common Stockholders": NaN,
        "Net Income": NaN,
        "Minority Interests": NaN,
        "Net Income Including Noncontrolling Interests": NaN,
        "Net Income Discontinuous Operations": 0.0,
        "Net Income Continuous Operations": NaN,
        "Earnings From Equity Interest Net Of Tax": NaN,
        "Tax Provision": NaN,
        "Pretax Income": NaN,
        "Other Income Expense": NaN,
        "Other Non Operating Income Expenses": NaN,
        "Special Income Charges": NaN,
        "Other Special Charges": NaN,
        "Net Non Operating Interest Income Expense": NaN,
        "Interest Expense Non Operating": NaN,
        "Interest Income Non Operating": NaN,
        "Operating Income": NaN,
        "Operating Expense": NaN,
        "Depreciation Amortization Depletion Income Statement": NaN,
        "Depreciation And Amortization In Income Statement": NaN,
        "Amortization": NaN,
        "Amortization Of Intangibles Income Statement": NaN,
        "Research And Development": NaN,
        "Selling General And Administration": NaN,
        "Gross Profit": NaN,
        "Cost Of Revenue": NaN,
        "Total Revenue": NaN,
        "Operating Revenue": NaN
    },
    "2024-03-31": {
        "Tax Effect Of Unusual Items": NaN,
        "Tax Rate For Calcs": NaN,
        "Normalized EBITDA": NaN,
        "Total Unusual Items": NaN,
        "Total Unusual Items Excluding Goodwill": NaN,
        "Net Income From Continuing Operation Net Minority Interest": NaN,
        "Reconciled Depreciation": NaN,
        "Reconciled Cost Of Revenue": NaN,
        "EBITDA": NaN,
        "EBIT": NaN,
        "Net Interest Income": NaN,
        "Interest Expense": NaN,
        "Interest Income": NaN,
        "Normalized Income": NaN,
        "Net Income From Continuing And Discontinued Operation": NaN,
        "Total Expenses": NaN,
        "Total Operating Income As Reported": NaN,
        "Diluted Average Shares": NaN,
        "Basic Average Shares": NaN,
        "Diluted EPS": NaN,
        "Basic EPS": NaN,
        "Diluted NI Availto Com Stockholders": NaN,
        "Net Income Common Stockholders": NaN,
        "Net Income": NaN,
        "Minority Interests": NaN,
        "Net Income Including Noncontrolling Interests": NaN,
        "Net Income Discontinuous Operations": -10422000.0,
        "Net Income Continuous Operations": NaN,
        "Earnings From Equity Interest Net Of Tax": NaN,
        "Tax Provision": NaN,
        "Pretax Income": NaN,
        "Other Income Expense": NaN,
        "Other Non Operating Income Expenses": NaN,
        "Special Income Charges": NaN,
        "Other Special Charges": NaN,
        "Net Non Operating Interest Income Expense": NaN,
        "Interest Expense Non Operating": NaN,
        "Interest Income Non Operating": NaN,
        "Operating Income": NaN,
        "Operating Expense": NaN,
        "Depreciation Amortization Depletion Income Statement": NaN,
        "Depreciation And Amortization In Income Statement": NaN,
        "Amortization": NaN,
        "Amortization Of Intangibles Income Statement": NaN,
        "Research And Development": NaN,
        "Selling General And Administration": NaN,
        "Gross Profit": NaN,
        "Cost Of Revenue": NaN,
        "Total Revenue": NaN,
        "Operating Revenue": NaN
    },
    "2024-06-30": {
        "Tax Effect Of Unusual Items": 0.0,
        "Tax Rate For Calcs": 0.21,
        "Normalized EBITDA": 413731000.0,
        "Total Unusual Items": 0.0,
        "Total Unusual Items Excluding Goodwill": 0.0,
        "Net Income From Continuing Operation Net Minority Interest": -32912000.0,
        "Reconciled Depreciation": 331204000.0,
        "Reconciled Cost Of Revenue": 445836000.0,
        "EBITDA": 413731000.0,
        "EBIT": 82527000.0,
        "Net Interest Income": -82984000.0,
        "Interest Expense": 105776000.0,
        "Interest Income": 22792000.0,
        "Normalized Income": -32912000.0,
        "Net Income From Continuing And Discontinued Operation": -32912000.0,
        "Total Expenses": 1066725000.0,
        "Total Operating Income As Reported": 59735000.0,
        "Diluted Average Shares": 126580000.0,
        "Basic Average Shares": 126580000.0,
        "Diluted EPS": -0.260009,
        "Basic EPS": -0.260009,
        "Diluted NI Availto Com Stockholders": -32912000.0,
        "Net Income Common Stockholders": -32912000.0,
        "Net Income": -32912000.0,
        "Minority Interests": -11225000.0,
        "Net Income Including Noncontrolling Interests": -21687000.0,
        "Net Income Discontinuous Operations": NaN,
        "Net Income Continuous Operations": -21687000.0,
        "Earnings From Equity Interest Net Of Tax": 2746000.0,
        "Tax Provision": 1184000.0,
        "Pretax Income": -23249000.0,
        "Other Income Expense": NaN,
        "Other Non Operating Income Expenses": NaN,
        "Special Income Charges": 0.0,
        "Other Special Charges": NaN,
        "Net Non Operating Interest Income Expense": -82984000.0,
        "Interest Expense Non Operating": 105776000.0,
        "Interest Income Non Operating": 22792000.0,
        "Operating Income": 59735000.0,
        "Operating Expense": 355900000.0,
        "Depreciation Amortization Depletion Income Statement": 66215000.0,
        "Depreciation And Amortization In Income Statement": 66215000.0,
        "Amortization": 66215000.0,
        "Amortization Of Intangibles Income Statement": 66215000.0,
        "Research And Development": 38563000.0,
        "Selling General And Administration": 251122000.0,
        "Gross Profit": 415635000.0,
        "Cost Of Revenue": 710825000.0,
        "Total Revenue": 1126460000.0,
        "Operating Revenue": 1126460000.0
    },
    "2024-09-30": {
        "Tax Effect Of Unusual Items": -672000.0,
        "Tax Rate For Calcs": 0.21,
        "Normalized EBITDA": 353884000.0,
        "Total Unusual Items": -3200000.0,
        "Total Unusual Items Excluding Goodwill": -3200000.0,
        "Net Income From Continuing Operation Net Minority Interest": -137584000.0,
        "Reconciled Depreciation": 354666000.0,
        "Reconciled Cost Of Revenue": 486436000.0,
        "EBITDA": 350684000.0,
        "EBIT": -3982000.0,
        "Net Interest Income": -91444000.0,
        "Interest Expense": 115340000.0,
        "Interest Income": 23896000.0,
        "Normalized Income": -135056000.0,
        "Net Income From Continuing And Discontinued Operation": -137584000.0,
        "Total Expenses": 1146940000.0,
        "Total Operating Income As Reported": -24678000.0,
        "Diluted Average Shares": 128394327.0,
        "Basic Average Shares": 128394327.0,
        "Diluted EPS": -1.071574,
        "Basic EPS": -1.071574,
        "Diluted NI Availto Com Stockholders": -137584000.0,
        "Net Income Common Stockholders": -137584000.0,
        "Net Income": -137584000.0,
        "Minority Interests": -15788000.0,
        "Net Income Including Noncontrolling Interests": -121796000.0,
        "Net Income Continuous Operations": -121796000.0,
        "Earnings From Equity Interest Net Of Tax": 3441000.0,
        "Tax Provision": 5915000.0,
        "Pretax Income": -119322000.0,
        "Other Income Expense": -3200000.0,
        "Other Non Operating Income Expenses": NaN,
        "Special Income Charges": -3200000.0,
        "Other Special Charges": 3200000.0,
        "Net Non Operating Interest Income Expense": -91444000.0,
        "Interest Expense Non Operating": 115340000.0,
        "Interest Income Non Operating": 23896000.0,
        "Operating Income": -24678000.0,
        "Operating Expense": 371862000.0,
        "Depreciation Amortization Depletion Income Statement": 66024000.0,
        "Depreciation And Amortization In Income Statement": 66024000.0,
        "Amortization": 66024000.0,
        "Amortization Of Intangibles Income Statement": 66024000.0,
        "Research And Development": 33390000.0,
        "Selling General And Administration": 272448000.0,
        "Gross Profit": 347184000.0,
        "Cost Of Revenue": 775078000.0,
        "Total Revenue": 1122262000.0,
        "Operating Revenue": 1122262000.0
    },
    "2024-12-31": {
        "Tax Effect Of Unusual Items": -6762980.0,
        "Tax Rate For Calcs": 0.07,
        "Normalized EBITDA": 366735000.0,
        "Total Unusual Items": -96614000.0,
        "Total Unusual Items Excluding Goodwill": -96614000.0,
        "Net Income From Continuing Operation Net Minority Interest": -158413000.0,
        "Reconciled Depreciation": 337755000.0,
        "Reconciled Cost Of Revenue": 490039000.0,
        "EBITDA": 270121000.0,
        "EBIT": -67634000.0,
        "Net Interest Income": -76768000.0,
        "Interest Expense": 94476000.0,
        "Interest Income": 17708000.0,
        "Normalized Income": -68561980.0,
        "Net Income From Continuing And Discontinued Operation": -158413000.0,
        "Total Expenses": 1102519000.0,
        "Total Operating Income As Reported": 21248000.0,
        "Diluted Average Shares": 129119007.0,
        "Basic Average Shares": 129119007.0,
        "Diluted EPS": -1.23,
        "Basic EPS": -1.226876,
        "Diluted NI Availto Com Stockholders": -158413000.0,
        "Net Income Common Stockholders": -158413000.0,
        "Net Income": -158413000.0,
        "Minority Interests": -11506000.0,
        "Net Income Including Noncontrolling Interests": -146907000.0,
        "Net Income Continuous Operations": -146907000.0,
        "Earnings From Equity Interest Net Of Tax": 3405000.0,
        "Tax Provision": -11798000.0,
        "Pretax Income": -162110000.0,
        "Other Income Expense": -106590000.0,
        "Other Non Operating Income Expenses": -9976000.0,
        "Special Income Charges": -96614000.0,
        "Other Special Charges": 96614000.0,
        "Net Non Operating Interest Income Expense": -76768000.0,
        "Interest Expense Non Operating": 94476000.0,
        "Interest Income Non Operating": 17708000.0,
        "Operating Income": 21248000.0,
        "Operating Expense": 340572000.0,
        "Depreciation Amortization Depletion Income Statement": 65847000.0,
        "Depreciation And Amortization In Income Statement": 65847000.0,
        "Amortization": 65847000.0,
        "Amortization Of Intangibles Income Statement": 65847000.0,
        "Research And Development": 36701000.0,
        "Selling General And Administration": 238024000.0,
        "Gross Profit": 361820000.0,
        "Cost Of Revenue": 761947000.0,
        "Total Revenue": 1123767000.0,
        "Operating Revenue": 1123767000.0
    },
    "2025-03-31": {
        "Tax Effect Of Unusual Items": 0.0,
        "Tax Rate For Calcs": 0.21,
        "Normalized EBITDA": 202921000.0,
        "Total Unusual Items": 0.0,
        "Total Unusual Items Excluding Goodwill": 0.0,
        "Net Income From Continuing Operation Net Minority Interest": -246053000.0,
        "Reconciled Depreciation": 337182000.0,
        "Reconciled Cost Of Revenue": 510448000.0,
        "EBITDA": 202921000.0,
        "EBIT": -134261000.0,
        "Net Interest Income": -86828000.0,
        "Interest Expense": 106352000.0,
        "Interest Income": 19524000.0,
        "Normalized Income": -246053000.0,
        "Net Income From Continuing And Discontinued Operation": -246053000.0,
        "Total Expenses": 1300867000.0,
        "Total Operating Income As Reported": -153785000.0,
        "Diluted Average Shares": 130210407.0,
        "Basic Average Shares": 130210407.0,
        "Diluted EPS": -1.89,
        "Basic EPS": -1.889657,
        "Diluted NI Availto Com Stockholders": -246053000.0,
        "Net Income Common Stockholders": -246053000.0,
        "Net Income": -246053000.0,
        "Minority Interests": -5318000.0,
        "Net Income Including Noncontrolling Interests": -240735000.0,
        "Net Income Continuous Operations": -240735000.0,
        "Earnings From Equity Interest Net Of Tax": 3636000.0,
        "Tax Provision": 3758000.0,
        "Pretax Income": -240613000.0,
        "Other Income Expense": 0.0,
        "Other Non Operating Income Expenses": 0.0,
        "Special Income Charges": 0.0,
        "Other Special Charges": 0.0,
        "Net Non Operating Interest Income Expense": -86828000.0,
        "Interest Expense Non Operating": 106352000.0,
        "Interest Income Non Operating": 19524000.0,
        "Operating Income": -153785000.0,
        "Operating Expense": 519084000.0,
        "Depreciation Amortization Depletion Income Statement": 65847000.0,
        "Depreciation And Amortization In Income Statement": 65847000.0,
        "Amortization": 65847000.0,
        "Amortization Of Intangibles Income Statement": 65847000.0,
        "Research And Development": 33740000.0,
        "Selling General And Administration": 419497000.0,
        "Gross Profit": 365299000.0,
        "Cost Of Revenue": 781783000.0,
        "Total Revenue": 1147082000.0,
        "Operating Revenue": 1147082000.0
    },
    "2025-06-30": {
        "Tax Effect Of Unusual Items": -60480.0,
        "Tax Rate For Calcs": 0.21,
        "Normalized EBITDA": 397464000.0,
        "Total Unusual Items": -288000.0,
        "Total Unusual Items Excluding Goodwill": -288000.0,
        "Net Income From Continuing Operation Net Minority Interest": -56434000.0,
        "Reconciled Depreciation": 341666000.0,
        "Reconciled Cost Of Revenue": 485691000.0,
        "EBITDA": 397176000.0,
        "EBIT": 55510000.0,
        "Net Interest Income": -86067000.0,
        "Interest Expense": 100357000.0,
        "Interest Income": 14290000.0,
        "Normalized Income": -56206480.0,
        "Net Income From Continuing And Discontinued Operation": -56434000.0,
        "Total Expenses": 1124382000.0,
        "Total Operating Income As Reported": 46672000.0,
        "Diluted Average Shares": 134184592.0,
        "Basic Average Shares": 134184592.0,
        "Diluted EPS": -0.43,
        "Basic EPS": -0.42057,
        "Diluted NI Availto Com Stockholders": -56434000.0,
        "Net Income Common Stockholders": -56434000.0,
        "Net Income": -56434000.0,
        "Minority Interests": -8710000.0,
        "Net Income Including Noncontrolling Interests": -47724000.0,
        "Net Income Continuous Operations": -47724000.0,
        "Earnings From Equity Interest Net Of Tax": 3733000.0,
        "Tax Provision": 6610000.0,
        "Pretax Income": -44847000.0,
        "Other Income Expense": -5452000.0,
        "Other Non Operating Income Expenses": -5164000.0,
        "Special Income Charges": -288000.0,
        "Other Special Charges": 288000.0,
        "Net Non Operating Interest Income Expense": -86067000.0,
        "Interest Expense Non Operating": 100357000.0,
        "Interest Income Non Operating": 14290000.0,
        "Operating Income": 46672000.0,
        "Operating Expense": 362766000.0,
        "Depreciation Amortization Depletion Income Statement": 65741000.0,
        "Depreciation And Amortization In Income Statement": 65741000.0,
        "Amortization": 65741000.0,
        "Amortization Of Intangibles Income Statement": 65741000.0,
        "Research And Development": 34193000.0,
        "Selling General And Administration": 262832000.0,
        "Gross Profit": 409438000.0,
        "Cost Of Revenue": 761616000.0,
        "Total Revenue": 1171054000.0,
        "Operating Revenue": 1171054000.0
    },
    "2025-09-30": {
        "Tax Effect Of Unusual Items": 0.0,
        "Tax Rate For Calcs": 0.21,
        "Normalized EBITDA": 374583000.0,
        "Total Unusual Items": 0.0,
        "Total Unusual Items Excluding Goodwill": 0.0,
        "Net Income From Continuing Operation Net Minority Interest": -61444000.0,
        "Reconciled Depreciation": 326283000.0,
        "Reconciled Cost Of Revenue": 494787000.0,
        "EBITDA": 374583000.0,
        "EBIT": 48300000.0,
        "Net Interest Income": -80962000.0,
        "Interest Expense": 93487000.0,
        "Interest Income": 12525000.0,
        "Normalized Income": -61444000.0,
        "Net Income From Continuing And Discontinued Operation": -61444000.0,
        "Total Expenses": 1105118000.0,
        "Total Operating Income As Reported": 35775000.0,
        "Diluted Average Shares": 135119000.0,
        "Basic Average Shares": 135119000.0,
        "Diluted EPS": -0.45474,
        "Basic EPS": -0.45474,
        "Diluted NI Availto Com Stockholders": -61444000.0,
        "Net Income Common Stockholders": -61444000.0,
        "Net Income": -61444000.0,
        "Minority Interests": -9617000.0,
        "Net Income Including Noncontrolling Interests": -51827000.0,
        "Net Income Continuous Operations": -51827000.0,
        "Earnings From Equity Interest Net Of Tax": 4222000.0,
        "Tax Provision": 10862000.0,
        "Pretax Income": -45187000.0,
        "Other Income Expense": NaN,
        "Other Non Operating Income Expenses": NaN,
        "Special Income Charges": 0.0,
        "Other Special Charges": NaN,
        "Net Non Operating Interest Income Expense": -80962000.0,
        "Interest Expense Non Operating": 93487000.0,
        "Interest Income Non Operating": 12525000.0,
        "Operating Income": 35775000.0,
        "Operating Expense": 349117000.0,
        "Depreciation Amortization Depletion Income Statement": 65069000.0,
        "Depreciation And Amortization In Income Statement": 65069000.0,
        "Amortization": 65069000.0,
        "Amortization Of Intangibles Income Statement": 65069000.0,
        "Research And Development": 42263000.0,
        "Selling General And Administration": 241785000.0,
        "Gross Profit": 384892000.0,
        "Cost Of Revenue": 756001000.0,
        "Total Revenue": 1140893000.0,
        "Operating Revenue": 1140893000.0
    }
}