{
    "2023-06-30": {
        "Tax Effect Of Unusual Items": NaN,
        "Tax Rate For Calcs": NaN,
        "Normalized EBITDA": NaN,
        "Total Unusual Items": 0.0,
        "Total Unusual Items Excluding Goodwill": 0.0,
        "Net Income From Continuing Operation Net Minority Interest": NaN,
        "Reconciled Depreciation": NaN,
        "Reconciled Cost Of Revenue": NaN,
        "EBITDA": NaN,
        "EBIT": NaN,
        "Net Interest Income": NaN,
        "Interest Expense": NaN,
        "Normalized Income": NaN,
        "Net Income From Continuing And Discontinued Operation": NaN,
        "Total Expenses": NaN,
        "Total Operating Income As Reported": NaN,
        "Diluted Average Shares": 12916998.0,
        "Basic Average Shares": 12886100.0,
        "Diluted EPS": 0.68,
        "Basic EPS": 0.68,
        "Diluted NI Availto Com Stockholders": NaN,
        "Net Income Common Stockholders": NaN,
        "Net Income": NaN,
        "Net Income Including Noncontrolling Interests": NaN,
        "Net Income Discontinuous Operations": NaN,
        "Net Income Continuous Operations": NaN,
        "Tax Provision": NaN,
        "Pretax Income": NaN,
        "Other Income Expense": NaN,
        "Special Income Charges": 0.0,
        "Other Special Charges": NaN,
        "Net Non Operating Interest Income Expense": NaN,
        "Interest Expense Non Operating": NaN,
        "Operating Income": NaN,
        "Operating Expense": NaN,
        "Depreciation Amortization Depletion Income Statement": 3601000.0,
        "Depreciation And Amortization In Income Statement": 3601000.0,
        "Amortization": 3601000.0,
        "Amortization Of Intangibles Income Statement": 3601000.0,
        "Selling General And Administration": NaN,
        "Gross Profit": NaN,
        "Cost Of Revenue": NaN,
        "Total Revenue": NaN,
        "Operating Revenue": NaN
    },
    "2023-03-31": {
        "Tax Effect Of Unusual Items": NaN,
        "Tax Rate For Calcs": NaN,
        "Normalized EBITDA": NaN,
        "Total Unusual Items": NaN,
        "Total Unusual Items Excluding Goodwill": NaN,
        "Net Income From Continuing Operation Net Minority Interest": NaN,
        "Reconciled Depreciation": NaN,
        "Reconciled Cost Of Revenue": NaN,
        "EBITDA": NaN,
        "EBIT": NaN,
        "Net Interest Income": NaN,
        "Interest Expense": NaN,
        "Normalized Income": NaN,
        "Net Income From Continuing And Discontinued Operation": NaN,
        "Total Expenses": NaN,
        "Total Operating Income As Reported": NaN,
        "Diluted Average Shares": NaN,
        "Basic Average Shares": NaN,
        "Diluted EPS": NaN,
        "Basic EPS": NaN,
        "Diluted NI Availto Com Stockholders": NaN,
        "Net Income Common Stockholders": NaN,
        "Net Income": NaN,
        "Net Income Including Noncontrolling Interests": NaN,
        "Net Income Discontinuous Operations": NaN,
        "Net Income Continuous Operations": NaN,
        "Tax Provision": NaN,
        "Pretax Income": NaN,
        "Other Income Expense": NaN,
        "Special Income Charges": NaN,
        "Other Special Charges": NaN,
        "Net Non Operating Interest Income Expense": NaN,
        "Interest Expense Non Operating": NaN,
        "Operating Income": NaN,
        "Operating Expense": NaN,
        "Depreciation Amortization Depletion Income Statement": 4360000.0,
        "Depreciation And Amortization In Income Statement": 4360000.0,
        "Amortization": 4360000.0,
        "Amortization Of Intangibles Income Statement": 4360000.0,
        "Selling General And Administration": NaN,
        "Gross Profit": NaN,
        "Cost Of Revenue": NaN,
        "Total Revenue": NaN,
        "Operating Revenue": NaN
    },
    "2022-12-31": {
        "Tax Effect Of Unusual Items": NaN,
        "Tax Rate For Calcs": NaN,
        "Normalized EBITDA": NaN,
        "Total Unusual Items": NaN,
        "Total Unusual Items Excluding Goodwill": NaN,
        "Net Income From Continuing Operation Net Minority Interest": NaN,
        "Reconciled Depreciation": NaN,
        "Reconciled Cost Of Revenue": NaN,
        "EBITDA": NaN,
        "EBIT": NaN,
        "Net Interest Income": NaN,
        "Interest Expense": NaN,
        "Normalized Income": NaN,
        "Net Income From Continuing And Discontinued Operation": NaN,
        "Total Expenses": NaN,
        "Total Operating Income As Reported": NaN,
        "Diluted Average Shares": NaN,
        "Basic Average Shares": NaN,
        "Diluted EPS": NaN,
        "Basic EPS": NaN,
        "Diluted NI Availto Com Stockholders": NaN,
        "Net Income Common Stockholders": NaN,
        "Net Income": NaN,
        "Net Income Including Noncontrolling Interests": NaN,
        "Net Income Discontinuous Operations": NaN,
        "Net Income Continuous Operations": NaN,
        "Tax Provision": NaN,
        "Pretax Income": NaN,
        "Other Income Expense": NaN,
        "Special Income Charges": NaN,
        "Other Special Charges": NaN,
        "Net Non Operating Interest Income Expense": NaN,
        "Interest Expense Non Operating": NaN,
        "Operating Income": NaN,
        "Operating Expense": NaN,
        "Depreciation Amortization Depletion Income Statement": 4233000.0,
        "Depreciation And Amortization In Income Statement": 4233000.0,
        "Amortization": 4233000.0,
        "Amortization Of Intangibles Income Statement": 4233000.0,
        "Selling General And Administration": NaN,
        "Gross Profit": NaN,
        "Cost Of Revenue": NaN,
        "Total Revenue": NaN,
        "Operating Revenue": NaN
    },
    "2022-09-30": {
        "Tax Effect Of Unusual Items": NaN,
        "Tax Rate For Calcs": NaN,
        "Normalized EBITDA": NaN,
        "Net Income From Continuing Operation Net Minority Interest": NaN,
        "Reconciled Depreciation": NaN,
        "Reconciled Cost Of Revenue": NaN,
        "EBITDA": NaN,
        "EBIT": NaN,
        "Net Interest Income": NaN,
        "Interest Expense": NaN,
        "Normalized Income": NaN,
        "Net Income From Continuing And Discontinued Operation": NaN,
        "Total Expenses": NaN,
        "Total Operating Income As Reported": NaN,
        "Diluted Average Shares": 12834084.0,
        "Basic Average Shares": 12797727.0,
        "Diluted EPS": 0.73,
        "Basic EPS": 0.74,
        "Diluted NI Availto Com Stockholders": NaN,
        "Net Income Common Stockholders": NaN,
        "Net Income": NaN,
        "Net Income Including Noncontrolling Interests": NaN,
        "Net Income Discontinuous Operations": NaN,
        "Net Income Continuous Operations": NaN,
        "Tax Provision": NaN,
        "Pretax Income": NaN,
        "Net Non Operating Interest Income Expense": NaN,
        "Interest Expense Non Operating": NaN,
        "Operating Income": NaN,
        "Operating Expense": NaN,
        "Depreciation Amortization Depletion Income Statement": 4233000.0,
        "Depreciation And Amortization In Income Statement": 4233000.0,
        "Amortization": 4233000.0,
        "Amortization Of Intangibles Income Statement": 4233000.0,
        "Selling General And Administration": NaN,
        "Gross Profit": NaN,
        "Cost Of Revenue": NaN,
        "Total Revenue": NaN,
        "Operating Revenue": NaN
    },
    "2022-06-30": {
        "Tax Effect Of Unusual Items": 0.0,
        "Tax Rate For Calcs": 0.265687,
        "Normalized EBITDA": 18588000.0,
        "Net Income From Continuing Operation Net Minority Interest": 7548000.0,
        "Reconciled Depreciation": 4437000.0,
        "Reconciled Cost Of Revenue": 222260000.0,
        "EBITDA": 18588000.0,
        "EBIT": 14151000.0,
        "Net Interest Income": -3872000.0,
        "Interest Expense": 3872000.0,
        "Normalized Income": 7548000.0,
        "Net Income From Continuing And Discontinued Operation": 7548000.0,
        "Total Expenses": 227562000.0,
        "Total Operating Income As Reported": 14151000.0,
        "Diluted Average Shares": 12811078.0,
        "Basic Average Shares": 12778355.0,
        "Diluted EPS": 0.59,
        "Basic EPS": 0.59,
        "Diluted NI Availto Com Stockholders": 7548000.0,
        "Net Income Common Stockholders": 7548000.0,
        "Net Income": 7548000.0,
        "Net Income Including Noncontrolling Interests": 7548000.0,
        "Net Income Discontinuous Operations": NaN,
        "Net Income Continuous Operations": 7548000.0,
        "Tax Provision": 2731000.0,
        "Pretax Income": 10279000.0,
        "Net Non Operating Interest Income Expense": -3872000.0,
        "Interest Expense Non Operating": 3872000.0,
        "Operating Income": 14151000.0,
        "Operating Expense": 5302000.0,
        "Depreciation Amortization Depletion Income Statement": 4437000.0,
        "Depreciation And Amortization In Income Statement": 4437000.0,
        "Amortization": 4437000.0,
        "Amortization Of Intangibles Income Statement": 4437000.0,
        "Selling General And Administration": 865000.0,
        "Gross Profit": 19453000.0,
        "Cost Of Revenue": 222260000.0,
        "Total Revenue": 241713000.0,
        "Operating Revenue": 241713000.0
    },
    "2022-03-31": {
        "Diluted EPS": 0.49,
        "Total Revenue": 231,
        "Gross Profit": 18,
        "Operating Income": 12,
        "EBIT": 18,
        "Net Income": 6
    },
    "2021-12-31": {
        "Diluted EPS": 0.47,
        "Total Revenue": 210,
        "Gross Profit": 17,
        "Operating Income": 11,
        "EBIT": 17,
        "Net Income": 6
    },
    "2021-09-30": {
        "Diluted EPS": 0.71,
        "Total Revenue": 201,
        "Gross Profit": 20,
        "Operating Income": 14,
        "EBIT": 21,
        "Net Income": 9
    },
    "2021-06-30": {
        "Diluted EPS": -0.97,
        "Total Revenue": 175,
        "Gross Profit": -7,
        "Operating Income": -13,
        "EBIT": -6,
        "Net Income": -12
    },
    "2021-03-31": {
        "Diluted EPS": 0.42,
        "Total Revenue": 165,
        "Gross Profit": 14,
        "Operating Income": 10,
        "EBIT": 16,
        "Net Income": 5
    },
    "2020-12-31": {
        "Diluted EPS": 0.55,
        "Total Revenue": 150,
        "Gross Profit": 17,
        "Operating Income": 12,
        "EBIT": -16,
        "Net Income": 6
    },
    "2020-09-30": {
        "Diluted EPS": 0.73,
        "Total Revenue": 166,
        "Gross Profit": 19,
        "Operating Income": 14,
        "EBIT": 20,
        "Net Income": 8
    },
    "2020-06-30": {
        "Diluted EPS": -2.05,
        "Total Revenue": 169,
        "Gross Profit": 18,
        "Operating Income": -22,
        "EBIT": 18,
        "Net Income": -23
    },
    "2020-03-31": {
        "Diluted EPS": 0.3,
        "Total Revenue": 177,
        "Gross Profit": 21,
        "Operating Income": 10,
        "EBIT": 16,
        "Net Income": 3
    },
    "2019-12-31": {
        "Diluted EPS": 0.91,
        "Total Revenue": 195,
        "Gross Profit": 20,
        "Operating Income": 15,
        "EBIT": 21,
        "Net Income": 10
    },
    "2019-09-30": {
        "Diluted EPS": 0.95,
        "Total Revenue": 198,
        "Gross Profit": 23,
        "Operating Income": 17,
        "EBIT": 24,
        "Net Income": 11
    },
    "2019-06-30": {
        "Diluted EPS": 0.89,
        "Total Revenue": 189,
        "Gross Profit": 22,
        "Operating Income": 16,
        "EBIT": 23,
        "Net Income": 10
    },
    "2019-03-31": {
        "Diluted EPS": 0.6,
        "Total Revenue": 170,
        "Gross Profit": 18,
        "Operating Income": 12,
        "EBIT": 19,
        "Net Income": 7
    },
    "2018-12-31": {
        "Diluted EPS": 0.84,
        "Total Revenue": 181,
        "Gross Profit": 18,
        "Operating Income": 13,
        "EBIT": 19,
        "Net Income": 9
    },
    "2018-09-30": {
        "Diluted EPS": 0.92,
        "Total Revenue": 169,
        "Gross Profit": 19,
        "Operating Income": 16,
        "EBIT": 22,
        "Net Income": 10
    },
    "2018-06-30": {
        "Diluted EPS": 0.8,
        "Total Revenue": 170,
        "Gross Profit": 19,
        "Operating Income": 14,
        "EBIT": 20,
        "Net Income": 9
    },
    "2018-03-31": {
        "Diluted EPS": 0.65,
        "Total Revenue": 177,
        "Gross Profit": 16,
        "Operating Income": 12,
        "EBIT": 18,
        "Net Income": 7
    },
    "2017-12-31": {
        "Diluted EPS": 1.6,
        "Total Revenue": 195,
        "Gross Profit": 18,
        "Operating Income": 13,
        "EBIT": 19,
        "Net Income": 17
    },
    "2017-09-30": {
        "Diluted EPS": 0.61,
        "Total Revenue": 174,
        "Gross Profit": 16,
        "Operating Income": 12,
        "EBIT": 19,
        "Net Income": 7
    },
    "2017-06-30": {
        "Diluted EPS": 0.72,
        "Total Revenue": 194,
        "Gross Profit": 19,
        "Operating Income": 15,
        "EBIT": 21,
        "Net Income": 8
    },
    "2017-03-31": {
        "Diluted EPS": 0.67,
        "Total Revenue": 197,
        "Gross Profit": 19,
        "Operating Income": 14,
        "EBIT": 21,
        "Net Income": 7
    },
    "2016-12-31": {
        "Diluted EPS": 0.66,
        "Total Revenue": 215,
        "Gross Profit": 20,
        "Operating Income": 13,
        "EBIT": 20,
        "Net Income": 7
    },
    "2016-09-30": {
        "Diluted EPS": 0.65,
        "Total Revenue": 173,
        "Gross Profit": 18,
        "Operating Income": 14,
        "EBIT": 20,
        "Net Income": 7
    },
    "2016-06-30": {
        "Diluted EPS": 0.55,
        "Total Revenue": 160,
        "Gross Profit": 18,
        "Operating Income": 12,
        "EBIT": 19,
        "Net Income": 6
    },
    "2016-03-31": {
        "Diluted EPS": 0.61,
        "Total Revenue": 144,
        "Gross Profit": 18,
        "Operating Income": 13,
        "EBIT": 19,
        "Net Income": 7
    },
    "2015-12-31": {
        "Diluted EPS": 0.72,
        "Total Revenue": 145,
        "Gross Profit": 20,
        "Operating Income": 15,
        "EBIT": 21,
        "Net Income": 8
    },
    "2015-09-30": {
        "Diluted EPS": 0.6,
        "Total Revenue": 137,
        "Gross Profit": 18,
        "Operating Income": 13,
        "EBIT": 20,
        "Net Income": 6
    },
    "2015-06-30": {
        "Diluted EPS": 0.51,
        "Total Revenue": 131,
        "Gross Profit": 17,
        "Operating Income": 11,
        "EBIT": 18,
        "Net Income": 5
    },
    "2015-03-31": {
        "Diluted EPS": 0.49,
        "Total Revenue": 121,
        "Gross Profit": 15,
        "Operating Income": 11,
        "EBIT": 17,
        "Net Income": 5
    },
    "2014-12-31": {
        "Diluted EPS": 0.4,
        "Total Revenue": 95,
        "Gross Profit": 19,
        "Operating Income": 8,
        "EBIT": 12,
        "Net Income": 4
    },
    "2014-09-30": {
        "Diluted EPS": 0.36,
        "Total Revenue": 102,
        "Gross Profit": 8,
        "Operating Income": 7,
        "EBIT": 12,
        "Net Income": 4
    },
    "2014-06-30": {
        "Diluted EPS": 0.53,
        "Total Revenue": 108,
        "Gross Profit": 11,
        "Operating Income": 11,
        "EBIT": 15,
        "Net Income": 6
    },
    "2014-03-31": {
        "Diluted EPS": 0.53,
        "Total Revenue": 119,
        "Gross Profit": 12,
        "Operating Income": 11,
        "EBIT": 16,
        "Net Income": 6
    },
    "2013-12-31": {
        "Diluted EPS": 0.51,
        "Total Revenue": 122,
        "Gross Profit": 13,
        "Operating Income": 12,
        "EBIT": 17,
        "Net Income": 5
    },
    "2013-09-30": {
        "Diluted EPS": 0.5,
        "Total Revenue": 111,
        "Gross Profit": 10,
        "Operating Income": 9,
        "EBIT": 14,
        "Net Income": 5
    },
    "2013-06-30": {
        "Diluted EPS": 0.64,
        "Total Revenue": 119,
        "Gross Profit": 14,
        "Operating Income": 13,
        "EBIT": 18,
        "Net Income": 7
    },
    "2013-03-31": {
        "Diluted EPS": 0.5,
        "Total Revenue": 119,
        "Gross Profit": 10,
        "Operating Income": 10,
        "EBIT": 15,
        "Net Income": 5
    },
    "2012-12-31": {
        "Diluted EPS": 0.23,
        "Total Revenue": 137,
        "Gross Profit": 13,
        "Operating Income": 12,
        "EBIT": 22,
        "Net Income": 2
    },
    "2012-09-30": {
        "Diluted EPS": 0.56,
        "Total Revenue": 134,
        "Gross Profit": 16,
        "Operating Income": 14,
        "EBIT": 24,
        "Net Income": 6
    },
    "2012-06-30": {
        "Diluted EPS": 0.59,
        "Total Revenue": 136,
        "Gross Profit": 14,
        "Operating Income": 13,
        "EBIT": 18,
        "Net Income": 6
    },
    "2012-03-31": {
        "Diluted EPS": 0.63,
        "Total Revenue": 140,
        "Gross Profit": 13,
        "Operating Income": 12,
        "EBIT": 17,
        "Net Income": 7
    },
    "2011-12-31": {
        "Diluted EPS": 0.57,
        "Total Revenue": 111,
        "Gross Profit": 12,
        "Operating Income": 11,
        "EBIT": 16,
        "Net Income": 6
    },
    "2011-09-30": {
        "Diluted EPS": 0.58,
        "Total Revenue": 160,
        "Gross Profit": 13,
        "Operating Income": 11,
        "EBIT": 16,
        "Net Income": 6
    },
    "2011-06-30": {
        "Diluted EPS": 0.4,
        "Total Revenue": 159,
        "Gross Profit": 9,
        "Operating Income": 7,
        "EBIT": 10,
        "Net Income": 4
    },
    "2011-03-31": {
        "Diluted EPS": 0.4,
        "Total Revenue": 151,
        "Gross Profit": 8,
        "Operating Income": 7,
        "EBIT": 9,
        "Net Income": 4
    },
    "2010-12-31": {
        "Diluted EPS": 1.02,
        "Total Revenue": 157,
        "Gross Profit": 8,
        "Operating Income": 7,
        "EBIT": 10,
        "Net Income": 5
    },
    "2010-09-30": {
        "Diluted EPS": 0.7,
        "Total Revenue": 213,
        "Gross Profit": 13,
        "Operating Income": 12,
        "EBIT": 14,
        "Net Income": 7
    },
    "2010-06-30": {
        "Diluted EPS": 0.03,
        "Total Revenue": 212,
        "Gross Profit": 10,
        "Operating Income": 10,
        "EBIT": 12,
        "Net Income": 6
    },
    "2010-03-31": {
        "Diluted EPS": 0.52,
        "Total Revenue": 228,
        "Gross Profit": 9,
        "Operating Income": 9,
        "EBIT": 11,
        "Net Income": 5
    },
    "2009-12-31": {
        "Diluted EPS": 0.51,
        "Total Revenue": 256,
        "Gross Profit": 9,
        "Operating Income": 8,
        "EBIT": 10,
        "Net Income": 5
    },
    "2009-09-30": {
        "Diluted EPS": 0.75,
        "Total Revenue": 263,
        "Gross Profit": 13,
        "Operating Income": 13,
        "EBIT": 15,
        "Net Income": 8
    },
    "2009-06-30": {
        "Diluted EPS": 0.63,
        "Total Revenue": 255,
        "Gross Profit": 11,
        "Operating Income": 10,
        "EBIT": 12,
        "Net Income": 6
    },
    "2009-03-31": {
        "Diluted EPS": 0.46,
        "Total Revenue": 240,
        "Gross Profit": 8,
        "Operating Income": 7,
        "EBIT": 9,
        "Net Income": 5
    },
    "2023-09-30": {
        "Tax Effect Of Unusual Items": NaN,
        "Tax Rate For Calcs": NaN,
        "Normalized EBITDA": NaN,
        "Total Unusual Items": 0.0,
        "Total Unusual Items Excluding Goodwill": 0.0,
        "Net Income From Continuing Operation Net Minority Interest": NaN,
        "Reconciled Depreciation": NaN,
        "Reconciled Cost Of Revenue": NaN,
        "EBITDA": NaN,
        "EBIT": NaN,
        "Net Interest Income": NaN,
        "Interest Expense": NaN,
        "Normalized Income": NaN,
        "Net Income From Continuing And Discontinued Operation": NaN,
        "Total Expenses": NaN,
        "Total Operating Income As Reported": NaN,
        "Diluted Average Shares": NaN,
        "Basic Average Shares": NaN,
        "Diluted EPS": NaN,
        "Basic EPS": NaN,
        "Diluted NI Availto Com Stockholders": NaN,
        "Net Income Common Stockholders": NaN,
        "Net Income": NaN,
        "Net Income Including Noncontrolling Interests": NaN,
        "Net Income Discontinuous Operations": NaN,
        "Net Income Continuous Operations": NaN,
        "Tax Provision": NaN,
        "Pretax Income": NaN,
        "Other Income Expense": NaN,
        "Special Income Charges": 0.0,
        "Other Special Charges": NaN,
        "Net Non Operating Interest Income Expense": NaN,
        "Interest Expense Non Operating": NaN,
        "Operating Income": NaN,
        "Operating Expense": NaN,
        "Selling General And Administration": NaN,
        "Gross Profit": NaN,
        "Cost Of Revenue": NaN,
        "Total Revenue": NaN,
        "Operating Revenue": NaN
    },
    "2023-12-31": {
        "Tax Effect Of Unusual Items": 0.0,
        "Tax Rate For Calcs": 0.199925,
        "Normalized EBITDA": 31274000.0,
        "Total Unusual Items": NaN,
        "Total Unusual Items Excluding Goodwill": NaN,
        "Net Income From Continuing Operation Net Minority Interest": 12834000.0,
        "Reconciled Depreciation": 5955000.0,
        "Reconciled Cost Of Revenue": 208508000.0,
        "EBITDA": 31274000.0,
        "EBIT": 25319000.0,
        "Net Interest Income": -9278000.0,
        "Interest Expense": 9278000.0,
        "Normalized Income": 12834000.0,
        "Net Income From Continuing And Discontinued Operation": 11605000.0,
        "Total Expenses": 210006000.0,
        "Total Operating Income As Reported": 25319000.0,
        "Diluted Average Shares": NaN,
        "Basic Average Shares": NaN,
        "Diluted EPS": NaN,
        "Basic EPS": NaN,
        "Diluted NI Availto Com Stockholders": 11605000.0,
        "Net Income Common Stockholders": 11605000.0,
        "Net Income": 11605000.0,
        "Net Income Including Noncontrolling Interests": 11605000.0,
        "Net Income Discontinuous Operations": -1229000.0,
        "Net Income Continuous Operations": 12834000.0,
        "Tax Provision": 3207000.0,
        "Pretax Income": 16041000.0,
        "Other Income Expense": NaN,
        "Special Income Charges": NaN,
        "Other Special Charges": NaN,
        "Net Non Operating Interest Income Expense": -9278000.0,
        "Interest Expense Non Operating": 9278000.0,
        "Operating Income": 25319000.0,
        "Operating Expense": 1498000.0,
        "Selling General And Administration": 1498000.0,
        "Gross Profit": 26817000.0,
        "Cost Of Revenue": 208508000.0,
        "Total Revenue": 235325000.0,
        "Operating Revenue": 235325000.0
    },
    "2024-03-31": {
        "Tax Effect Of Unusual Items": 0.0,
        "Tax Rate For Calcs": 0.141175,
        "Normalized EBITDA": 21588000.0,
        "Total Unusual Items": NaN,
        "Total Unusual Items Excluding Goodwill": NaN,
        "Net Income From Continuing Operation Net Minority Interest": 5542000.0,
        "Reconciled Depreciation": 5945000.0,
        "Reconciled Cost Of Revenue": 143815000.0,
        "EBITDA": 21588000.0,
        "EBIT": 15643000.0,
        "Net Interest Income": -9190000.0,
        "Interest Expense": 9190000.0,
        "Normalized Income": 5542000.0,
        "Net Income From Continuing And Discontinued Operation": -6611000.0,
        "Total Expenses": 146740000.0,
        "Total Operating Income As Reported": 15643000.0,
        "Diluted Average Shares": 15939950.0,
        "Basic Average Shares": 15783915.0,
        "Diluted EPS": -0.42,
        "Basic EPS": -0.42,
        "Diluted NI Availto Com Stockholders": -6611000.0,
        "Net Income Common Stockholders": -6611000.0,
        "Net Income": -6611000.0,
        "Net Income Including Noncontrolling Interests": -6611000.0,
        "Net Income Discontinuous Operations": -12153000.0,
        "Net Income Continuous Operations": 5542000.0,
        "Tax Provision": 911000.0,
        "Pretax Income": 6453000.0,
        "Other Income Expense": NaN,
        "Special Income Charges": NaN,
        "Other Special Charges": NaN,
        "Net Non Operating Interest Income Expense": -9190000.0,
        "Interest Expense Non Operating": 9190000.0,
        "Operating Income": 15643000.0,
        "Operating Expense": 2925000.0,
        "Selling General And Administration": 2925000.0,
        "Gross Profit": 18568000.0,
        "Cost Of Revenue": 143815000.0,
        "Total Revenue": 162383000.0,
        "Operating Revenue": 162383000.0
    },
    "2024-06-30": {
        "Tax Effect Of Unusual Items": NaN,
        "Tax Rate For Calcs": NaN,
        "Normalized EBITDA": NaN,
        "Total Unusual Items": -12857000.0,
        "Total Unusual Items Excluding Goodwill": -12857000.0,
        "Net Income From Continuing Operation Net Minority Interest": NaN,
        "Reconciled Depreciation": NaN,
        "Reconciled Cost Of Revenue": NaN,
        "EBITDA": NaN,
        "EBIT": NaN,
        "Net Interest Income": NaN,
        "Interest Expense": NaN,
        "Normalized Income": NaN,
        "Net Income From Continuing And Discontinued Operation": NaN,
        "Total Expenses": NaN,
        "Total Operating Income As Reported": NaN,
        "Diluted Average Shares": NaN,
        "Basic Average Shares": NaN,
        "Diluted EPS": NaN,
        "Basic EPS": NaN,
        "Diluted NI Availto Com Stockholders": NaN,
        "Net Income Common Stockholders": NaN,
        "Net Income": NaN,
        "Net Income Including Noncontrolling Interests": NaN,
        "Net Income Discontinuous Operations": NaN,
        "Net Income Continuous Operations": NaN,
        "Tax Provision": NaN,
        "Pretax Income": NaN,
        "Other Income Expense": -12857000.0,
        "Special Income Charges": -12857000.0,
        "Other Special Charges": 12857000.0,
        "Restructuring And Mergern Acquisition": NaN,
        "Net Non Operating Interest Income Expense": NaN,
        "Interest Expense Non Operating": NaN,
        "Operating Income": NaN,
        "Operating Expense": NaN,
        "Selling General And Administration": NaN,
        "Gross Profit": NaN,
        "Cost Of Revenue": NaN,
        "Total Revenue": NaN,
        "Operating Revenue": NaN
    },
    "2024-09-30": {
        "Tax Effect Of Unusual Items": 135616.0,
        "Tax Rate For Calcs": 0.208,
        "Normalized EBITDA": 30589000.0,
        "Total Unusual Items": 652000.0,
        "Total Unusual Items Excluding Goodwill": 652000.0,
        "Net Income From Continuing Operation Net Minority Interest": 11650000.0,
        "Reconciled Depreciation": 7543000.0,
        "Reconciled Cost Of Revenue": 247962000.0,
        "EBITDA": 31241000.0,
        "EBIT": 23698000.0,
        "Net Interest Income": -8983000.0,
        "Interest Expense": 8983000.0,
        "Normalized Income": 11133616.0,
        "Net Income From Continuing And Discontinued Operation": 11650000.0,
        "Total Expenses": 250567000.0,
        "Total Operating Income As Reported": 23698000.0,
        "Diluted Average Shares": 18479123.0,
        "Basic Average Shares": 18425643.0,
        "Diluted EPS": 0.63,
        "Basic EPS": 0.63,
        "Diluted NI Availto Com Stockholders": 11650000.0,
        "Net Income Common Stockholders": 11650000.0,
        "Net Income": 11650000.0,
        "Net Income Including Noncontrolling Interests": 11650000.0,
        "Net Income Discontinuous Operations": 0.0,
        "Net Income Continuous Operations": 11650000.0,
        "Tax Provision": 3065000.0,
        "Pretax Income": 14715000.0,
        "Other Income Expense": 652000.0,
        "Special Income Charges": 652000.0,
        "Other Special Charges": -652000.0,
        "Restructuring And Mergern Acquisition": NaN,
        "Net Non Operating Interest Income Expense": -8983000.0,
        "Interest Expense Non Operating": 8983000.0,
        "Operating Income": 23046000.0,
        "Operating Expense": 2605000.0,
        "Selling General And Administration": 2605000.0,
        "Gross Profit": 25651000.0,
        "Cost Of Revenue": 247962000.0,
        "Total Revenue": 273613000.0,
        "Operating Revenue": 273613000.0
    },
    "2024-12-31": {
        "Tax Effect Of Unusual Items": 0.0,
        "Tax Rate For Calcs": 0.241647,
        "Normalized EBITDA": 35766000.0,
        "Total Unusual Items": 0.0,
        "Total Unusual Items Excluding Goodwill": 0.0,
        "Net Income From Continuing Operation Net Minority Interest": 15525000.0,
        "Reconciled Depreciation": 8351000.0,
        "Reconciled Cost Of Revenue": 266751000.0,
        "EBITDA": 35766000.0,
        "EBIT": 27415000.0,
        "Net Interest Income": -6943000.0,
        "Interest Expense": 6943000.0,
        "Normalized Income": 15525000.0,
        "Net Income From Continuing And Discontinued Operation": 13062000.0,
        "Total Expenses": 271606000.0,
        "Total Operating Income As Reported": 27415000.0,
        "Diluted Average Shares": 20590496.0,
        "Basic Average Shares": 20590496.0,
        "Diluted EPS": 0.753989,
        "Basic EPS": 0.753989,
        "Diluted NI Availto Com Stockholders": 13062000.0,
        "Net Income Common Stockholders": 13062000.0,
        "Net Income": 13062000.0,
        "Net Income Including Noncontrolling Interests": 13062000.0,
        "Net Income Discontinuous Operations": -2463000.0,
        "Net Income Continuous Operations": 15525000.0,
        "Tax Provision": 4947000.0,
        "Pretax Income": 20472000.0,
        "Other Income Expense": 0.0,
        "Special Income Charges": 0.0,
        "Other Special Charges": 0.0,
        "Restructuring And Mergern Acquisition": NaN,
        "Net Non Operating Interest Income Expense": -6943000.0,
        "Interest Expense Non Operating": 6943000.0,
        "Operating Income": 27415000.0,
        "Operating Expense": 4855000.0,
        "Selling General And Administration": 4855000.0,
        "Gross Profit": 32270000.0,
        "Cost Of Revenue": 266751000.0,
        "Total Revenue": 299021000.0,
        "Operating Revenue": 299021000.0
    },
    "2025-03-31": {
        "Tax Effect Of Unusual Items": 0.0,
        "Tax Rate For Calcs": 0.157,
        "Normalized EBITDA": 34409000.0,
        "Total Unusual Items": NaN,
        "Total Unusual Items Excluding Goodwill": NaN,
        "Net Income From Continuing Operation Net Minority Interest": 13968000.0,
        "Reconciled Depreciation": 9905000.0,
        "Reconciled Cost Of Revenue": 229230000.0,
        "EBITDA": 34409000.0,
        "EBIT": 24504000.0,
        "Net Interest Income": -7939000.0,
        "Interest Expense": 7939000.0,
        "Normalized Income": 13968000.0,
        "Net Income From Continuing And Discontinued Operation": -8973000.0,
        "Total Expenses": 231541000.0,
        "Total Operating Income As Reported": 24504000.0,
        "Diluted Average Shares": 20740319.0,
        "Basic Average Shares": 20617949.0,
        "Diluted EPS": -0.44,
        "Basic EPS": -0.43,
        "Diluted NI Availto Com Stockholders": -8973000.0,
        "Net Income Common Stockholders": -8973000.0,
        "Net Income": -8973000.0,
        "Net Income Including Noncontrolling Interests": -8973000.0,
        "Net Income Discontinuous Operations": -22941000.0,
        "Net Income Continuous Operations": 13968000.0,
        "Tax Provision": 2597000.0,
        "Pretax Income": 16565000.0,
        "Other Income Expense": NaN,
        "Special Income Charges": NaN,
        "Other Special Charges": NaN,
        "Restructuring And Mergern Acquisition": NaN,
        "Net Non Operating Interest Income Expense": -7939000.0,
        "Interest Expense Non Operating": 7939000.0,
        "Operating Income": 24504000.0,
        "Operating Expense": 2311000.0,
        "Selling General And Administration": 2311000.0,
        "Gross Profit": 26815000.0,
        "Cost Of Revenue": 229230000.0,
        "Total Revenue": 256045000.0,
        "Operating Revenue": 256045000.0
    },
    "2025-06-30": {
        "Tax Effect Of Unusual Items": 0.0,
        "Tax Rate For Calcs": 0.151,
        "Normalized EBITDA": 32148000.0,
        "Total Unusual Items": 0.0,
        "Total Unusual Items Excluding Goodwill": 0.0,
        "Net Income From Continuing Operation Net Minority Interest": 13638000.0,
        "Reconciled Depreciation": 9635000.0,
        "Reconciled Cost Of Revenue": 241110000.0,
        "EBITDA": 32148000.0,
        "EBIT": 22513000.0,
        "Net Interest Income": -6445000.0,
        "Interest Expense": 6445000.0,
        "Normalized Income": 13638000.0,
        "Net Income From Continuing And Discontinued Operation": 3197000.0,
        "Total Expenses": 249626000.0,
        "Total Operating Income As Reported": 22513000.0,
        "Diluted Average Shares": 20731397.0,
        "Basic Average Shares": 20670239.0,
        "Diluted EPS": 0.15,
        "Basic EPS": 0.15,
        "Diluted NI Availto Com Stockholders": 3197000.0,
        "Net Income Common Stockholders": 3197000.0,
        "Net Income": 3197000.0,
        "Net Income Including Noncontrolling Interests": 3197000.0,
        "Net Income Discontinuous Operations": -10441000.0,
        "Net Income Continuous Operations": 13638000.0,
        "Tax Provision": 2430000.0,
        "Pretax Income": 16068000.0,
        "Other Income Expense": NaN,
        "Special Income Charges": 0.0,
        "Other Special Charges": NaN,
        "Restructuring And Mergern Acquisition": NaN,
        "Net Non Operating Interest Income Expense": -6445000.0,
        "Interest Expense Non Operating": 6445000.0,
        "Operating Income": 22513000.0,
        "Operating Expense": 8516000.0,
        "Selling General And Administration": 8516000.0,
        "Gross Profit": 31029000.0,
        "Cost Of Revenue": 241110000.0,
        "Total Revenue": 272139000.0,
        "Operating Revenue": 272139000.0
    },
    "2025-09-30": {
        "Tax Effect Of Unusual Items": -8737500.0,
        "Tax Rate For Calcs": 0.375,
        "Normalized EBITDA": 43577000.0,
        "Total Unusual Items": -23300000.0,
        "Total Unusual Items Excluding Goodwill": -23300000.0,
        "Net Income From Continuing Operation Net Minority Interest": 3591000.0,
        "Reconciled Depreciation": 10190000.0,
        "Reconciled Cost Of Revenue": 248855000.0,
        "EBITDA": 20277000.0,
        "EBIT": 10087000.0,
        "Net Interest Income": -4339000.0,
        "Interest Expense": 4339000.0,
        "Normalized Income": 18153500.0,
        "Net Income From Continuing And Discontinued Operation": 3912000.0,
        "Total Expenses": 249522000.0,
        "Total Operating Income As Reported": 10087000.0,
        "Diluted Average Shares": 20756508.0,
        "Basic Average Shares": 20681203.0,
        "Diluted EPS": 0.19,
        "Basic EPS": 0.19,
        "Diluted NI Availto Com Stockholders": 3912000.0,
        "Net Income Common Stockholders": 3912000.0,
        "Net Income": 3912000.0,
        "Net Income Including Noncontrolling Interests": 3912000.0,
        "Net Income Discontinuous Operations": 321000.0,
        "Net Income Continuous Operations": 3591000.0,
        "Tax Provision": 2157000.0,
        "Pretax Income": 5748000.0,
        "Other Income Expense": -23300000.0,
        "Special Income Charges": -23300000.0,
        "Other Special Charges": NaN,
        "Restructuring And Mergern Acquisition": 23300000.0,
        "Net Non Operating Interest Income Expense": -4339000.0,
        "Interest Expense Non Operating": 4339000.0,
        "Operating Income": 33387000.0,
        "Operating Expense": 667000.0,
        "Selling General And Administration": 667000.0,
        "Gross Profit": 34054000.0,
        "Cost Of Revenue": 248855000.0,
        "Total Revenue": 282909000.0,
        "Operating Revenue": 282909000.0
    }
}