{
    "2023-06-30": {
        "Tax Effect Of Unusual Items": NaN,
        "Tax Rate For Calcs": NaN,
        "Normalized EBITDA": NaN,
        "Total Unusual Items": NaN,
        "Total Unusual Items Excluding Goodwill": NaN,
        "Net Income From Continuing Operation Net Minority Interest": NaN,
        "Reconciled Depreciation": NaN,
        "Reconciled Cost Of Revenue": NaN,
        "EBITDA": NaN,
        "EBIT": NaN,
        "Net Interest Income": NaN,
        "Interest Expense": NaN,
        "Normalized Income": NaN,
        "Net Income From Continuing And Discontinued Operation": NaN,
        "Total Expenses": NaN,
        "Total Operating Income As Reported": NaN,
        "Diluted Average Shares": NaN,
        "Basic Average Shares": NaN,
        "Diluted EPS": NaN,
        "Basic EPS": NaN,
        "Diluted NI Availto Com Stockholders": NaN,
        "Net Income Common Stockholders": NaN,
        "Net Income": NaN,
        "Net Income Including Noncontrolling Interests": NaN,
        "Net Income Continuous Operations": NaN,
        "Tax Provision": NaN,
        "Pretax Income": NaN,
        "Other Income Expense": NaN,
        "Other Non Operating Income Expenses": NaN,
        "Special Income Charges": NaN,
        "Gain On Sale Of Business": 0.0,
        "Impairment Of Capital Assets": NaN,
        "Net Non Operating Interest Income Expense": NaN,
        "Interest Expense Non Operating": NaN,
        "Operating Income": NaN,
        "Operating Expense": NaN,
        "Research And Development": NaN,
        "Selling General And Administration": NaN,
        "Gross Profit": NaN,
        "Cost Of Revenue": NaN,
        "Total Revenue": NaN,
        "Operating Revenue": NaN
    },
    "2023-03-31": {
        "Tax Effect Of Unusual Items": 0.0,
        "Tax Rate For Calcs": 0.05601,
        "Normalized EBITDA": -266681000.0,
        "Total Unusual Items": NaN,
        "Total Unusual Items Excluding Goodwill": NaN,
        "Net Income From Continuing Operation Net Minority Interest": -294335000.0,
        "Reconciled Depreciation": 24998000.0,
        "Reconciled Cost Of Revenue": 504995000.0,
        "EBITDA": -266681000.0,
        "EBIT": -291679000.0,
        "Net Interest Income": -20120000.0,
        "Interest Expense": 20120000.0,
        "Normalized Income": -294335000.0,
        "Net Income From Continuing And Discontinued Operation": -294335000.0,
        "Total Expenses": 658810000.0,
        "Total Operating Income As Reported": NaN,
        "Diluted Average Shares": 56776000.0,
        "Basic Average Shares": 56776000.0,
        "Diluted EPS": -5.18,
        "Basic EPS": -5.18,
        "Diluted NI Availto Com Stockholders": -294335000.0,
        "Net Income Common Stockholders": -294335000.0,
        "Net Income": -294335000.0,
        "Net Income Including Noncontrolling Interests": -294335000.0,
        "Net Income Continuous Operations": -294335000.0,
        "Tax Provision": -17464000.0,
        "Pretax Income": -311799000.0,
        "Other Income Expense": -373611000.0,
        "Other Non Operating Income Expenses": 744000.0,
        "Special Income Charges": NaN,
        "Impairment Of Capital Assets": NaN,
        "Net Non Operating Interest Income Expense": -20120000.0,
        "Interest Expense Non Operating": 20120000.0,
        "Operating Income": 81932000.0,
        "Operating Expense": 153815000.0,
        "Research And Development": 12776000.0,
        "Selling General And Administration": 141039000.0,
        "Gross Profit": 235747000.0,
        "Cost Of Revenue": 504995000.0,
        "Total Revenue": 740742000.0,
        "Operating Revenue": 740742000.0
    },
    "2022-12-31": {
        "Tax Effect Of Unusual Items": NaN,
        "Tax Rate For Calcs": NaN,
        "Normalized EBITDA": NaN,
        "Total Unusual Items": 0.0,
        "Total Unusual Items Excluding Goodwill": 0.0,
        "Net Income From Continuing Operation Net Minority Interest": NaN,
        "Reconciled Depreciation": NaN,
        "Reconciled Cost Of Revenue": NaN,
        "EBITDA": NaN,
        "EBIT": NaN,
        "Net Interest Income": NaN,
        "Interest Expense": NaN,
        "Normalized Income": NaN,
        "Net Income From Continuing And Discontinued Operation": NaN,
        "Total Expenses": NaN,
        "Total Operating Income As Reported": NaN,
        "Diluted Average Shares": NaN,
        "Basic Average Shares": NaN,
        "Diluted EPS": NaN,
        "Basic EPS": NaN,
        "Diluted NI Availto Com Stockholders": NaN,
        "Net Income Common Stockholders": NaN,
        "Net Income": NaN,
        "Net Income Including Noncontrolling Interests": NaN,
        "Net Income Continuous Operations": NaN,
        "Tax Provision": NaN,
        "Pretax Income": NaN,
        "Other Income Expense": NaN,
        "Other Non Operating Income Expenses": NaN,
        "Special Income Charges": 0.0,
        "Gain On Sale Of Business": NaN,
        "Impairment Of Capital Assets": 0.0,
        "Net Non Operating Interest Income Expense": NaN,
        "Interest Expense Non Operating": NaN,
        "Operating Income": NaN,
        "Operating Expense": NaN,
        "Research And Development": NaN,
        "Selling General And Administration": NaN,
        "Gross Profit": NaN,
        "Cost Of Revenue": NaN,
        "Total Revenue": NaN,
        "Operating Revenue": NaN
    },
    "2022-09-30": {
        "Tax Effect Of Unusual Items": NaN,
        "Tax Rate For Calcs": NaN,
        "Normalized EBITDA": NaN,
        "Total Unusual Items": NaN,
        "Total Unusual Items Excluding Goodwill": NaN,
        "Net Income From Continuing Operation Net Minority Interest": NaN,
        "Reconciled Depreciation": NaN,
        "Reconciled Cost Of Revenue": NaN,
        "EBITDA": NaN,
        "EBIT": NaN,
        "Net Interest Income": NaN,
        "Interest Expense": NaN,
        "Normalized Income": NaN,
        "Net Income From Continuing And Discontinued Operation": NaN,
        "Total Expenses": NaN,
        "Total Operating Income As Reported": 131167000.0,
        "Diluted Average Shares": NaN,
        "Basic Average Shares": NaN,
        "Diluted EPS": NaN,
        "Basic EPS": NaN,
        "Diluted NI Availto Com Stockholders": NaN,
        "Net Income Common Stockholders": NaN,
        "Net Income": NaN,
        "Net Income Including Noncontrolling Interests": NaN,
        "Net Income Continuous Operations": NaN,
        "Tax Provision": NaN,
        "Pretax Income": NaN,
        "Other Income Expense": NaN,
        "Other Non Operating Income Expenses": NaN,
        "Special Income Charges": NaN,
        "Impairment Of Capital Assets": NaN,
        "Net Non Operating Interest Income Expense": NaN,
        "Interest Expense Non Operating": NaN,
        "Operating Income": NaN,
        "Operating Expense": NaN,
        "Research And Development": NaN,
        "Selling General And Administration": NaN,
        "Gross Profit": NaN,
        "Cost Of Revenue": NaN,
        "Total Revenue": NaN,
        "Operating Revenue": NaN
    },
    "2022-06-30": {
        "Tax Effect Of Unusual Items": 0.0,
        "Tax Rate For Calcs": 0.241,
        "Normalized EBITDA": 191741000.0,
        "Total Unusual Items": NaN,
        "Total Unusual Items Excluding Goodwill": NaN,
        "Net Income From Continuing Operation Net Minority Interest": 126015000.0,
        "Reconciled Depreciation": 19316000.0,
        "Reconciled Cost Of Revenue": 509142000.0,
        "EBITDA": 191741000.0,
        "EBIT": 172425000.0,
        "Net Interest Income": -6310000.0,
        "Interest Expense": 6310000.0,
        "Normalized Income": 126015000.0,
        "Net Income From Continuing And Discontinued Operation": 126015000.0,
        "Total Expenses": 630187000.0,
        "Total Operating Income As Reported": NaN,
        "Diluted Average Shares": 58381000.0,
        "Basic Average Shares": 56486000.0,
        "Diluted EPS": 2.16,
        "Basic EPS": 2.23,
        "Diluted NI Availto Com Stockholders": 126015000.0,
        "Net Income Common Stockholders": 126015000.0,
        "Net Income": 126015000.0,
        "Net Income Including Noncontrolling Interests": 126015000.0,
        "Net Income Continuous Operations": 126015000.0,
        "Tax Provision": 40100000.0,
        "Pretax Income": 166115000.0,
        "Other Income Expense": NaN,
        "Other Non Operating Income Expenses": NaN,
        "Special Income Charges": NaN,
        "Impairment Of Capital Assets": NaN,
        "Net Non Operating Interest Income Expense": -6310000.0,
        "Interest Expense Non Operating": 6310000.0,
        "Operating Income": 172425000.0,
        "Operating Expense": 121045000.0,
        "Research And Development": 7897000.0,
        "Selling General And Administration": 113148000.0,
        "Gross Profit": 293470000.0,
        "Cost Of Revenue": 509142000.0,
        "Total Revenue": 802612000.0,
        "Operating Revenue": 802612000.0
    },
    "2022-03-31": {
        "Diluted EPS": 1.93,
        "Total Revenue": 809,
        "Gross Profit": 287,
        "Operating Income": 153,
        "EBIT": 174,
        "Net Income": 113
    },
    "2021-12-31": {
        "Diluted EPS": 2.0,
        "Total Revenue": 795,
        "Gross Profit": 281,
        "Operating Income": 159,
        "EBIT": 179,
        "Net Income": 118
    },
    "2021-09-30": {
        "Diluted EPS": 2.36,
        "Total Revenue": 778,
        "Gross Profit": 299,
        "Operating Income": 191,
        "EBIT": 208,
        "Net Income": 140
    },
    "2021-06-30": {
        "Diluted EPS": 1.71,
        "Total Revenue": 663,
        "Gross Profit": 241,
        "Operating Income": 144,
        "EBIT": 160,
        "Net Income": 103
    },
    "2021-03-31": {
        "Diluted EPS": 1.1,
        "Total Revenue": 597,
        "Gross Profit": 182,
        "Operating Income": 99,
        "EBIT": 118,
        "Net Income": 67
    },
    "2020-12-31": {
        "Diluted EPS": 1.31,
        "Total Revenue": 575,
        "Gross Profit": 163,
        "Operating Income": 69,
        "EBIT": 86,
        "Net Income": 79
    },
    "2020-09-30": {
        "Diluted EPS": 1.34,
        "Total Revenue": 575,
        "Gross Profit": 162,
        "Operating Income": 75,
        "EBIT": 91,
        "Net Income": 80
    },
    "2020-06-30": {
        "Diluted EPS": 0.69,
        "Total Revenue": 479,
        "Gross Profit": 125,
        "Operating Income": 48,
        "EBIT": 65,
        "Net Income": 40
    },
    "2020-03-31": {
        "Diluted EPS": -2.43,
        "Total Revenue": 426,
        "Gross Profit": 85,
        "Operating Income": -147,
        "EBIT": 25,
        "Net Income": -141
    },
    "2019-12-31": {
        "Diluted EPS": 0.25,
        "Total Revenue": 425,
        "Gross Profit": 89,
        "Operating Income": 19,
        "EBIT": 36,
        "Net Income": 15
    },
    "2019-09-30": {
        "Diluted EPS": -0.21,
        "Total Revenue": 445,
        "Gross Profit": 90,
        "Operating Income": 2,
        "EBIT": 25,
        "Net Income": -12
    },
    "2019-06-30": {
        "Diluted EPS": -0.29,
        "Total Revenue": 460,
        "Gross Profit": 95,
        "Operating Income": -5,
        "EBIT": 12,
        "Net Income": -17
    },
    "2019-03-31": {
        "Diluted EPS": -0.85,
        "Total Revenue": 515,
        "Gross Profit": 99,
        "Operating Income": -36,
        "EBIT": 62,
        "Net Income": -49
    },
    "2018-12-31": {
        "Diluted EPS": -8.94,
        "Total Revenue": 468,
        "Gross Profit": 94,
        "Operating Income": -515,
        "EBIT": -104,
        "Net Income": -515
    },
    "2018-09-30": {
        "Diluted EPS": -0.57,
        "Total Revenue": 547,
        "Gross Profit": 109,
        "Operating Income": -19,
        "EBIT": 73,
        "Net Income": -33
    },
    "2018-06-30": {
        "Diluted EPS": -0.91,
        "Total Revenue": 529,
        "Gross Profit": 113,
        "Operating Income": -40,
        "EBIT": -17,
        "Net Income": -52
    },
    "2018-03-31": {
        "Diluted EPS": -0.27,
        "Total Revenue": 571,
        "Gross Profit": 109,
        "Operating Income": -16,
        "EBIT": 7,
        "Net Income": -16
    },
    "2017-12-31": {
        "Diluted EPS": 0.94,
        "Total Revenue": 581,
        "Gross Profit": 126,
        "Operating Income": 19,
        "EBIT": 42,
        "Net Income": 54
    },
    "2017-09-30": {
        "Diluted EPS": -2.01,
        "Total Revenue": 587,
        "Gross Profit": 139,
        "Operating Income": -127,
        "EBIT": 49,
        "Net Income": -115
    },
    "2017-06-30": {
        "Diluted EPS": 0.29,
        "Total Revenue": 569,
        "Gross Profit": 147,
        "Operating Income": 39,
        "EBIT": 63,
        "Net Income": 17
    },
    "2017-03-31": {
        "Diluted EPS": 0.08,
        "Total Revenue": 579,
        "Gross Profit": 144,
        "Operating Income": 14,
        "EBIT": 37,
        "Net Income": 1
    },
    "2016-12-31": {
        "Diluted EPS": -6.44,
        "Total Revenue": 654,
        "Gross Profit": 169,
        "Operating Income": -385,
        "EBIT": 90,
        "Net Income": -378
    },
    "2016-09-30": {
        "Diluted EPS": 1.22,
        "Total Revenue": 684,
        "Gross Profit": 185,
        "Operating Income": 105,
        "EBIT": 129,
        "Net Income": 73
    },
    "2016-06-30": {
        "Diluted EPS": 0.48,
        "Total Revenue": 630,
        "Gross Profit": 171,
        "Operating Income": 59,
        "EBIT": 85,
        "Net Income": 29
    },
    "2016-03-31": {
        "Diluted EPS": 0.6,
        "Total Revenue": 612,
        "Gross Profit": 164,
        "Operating Income": 68,
        "EBIT": 88,
        "Net Income": 37
    },
    "2015-12-31": {
        "Diluted EPS": 0.7,
        "Total Revenue": 593,
        "Gross Profit": 168,
        "Operating Income": 75,
        "EBIT": 94,
        "Net Income": 43
    },
    "2015-09-30": {
        "Diluted EPS": 0.52,
        "Total Revenue": 551,
        "Gross Profit": 149,
        "Operating Income": 61,
        "EBIT": 79,
        "Net Income": 33
    },
    "2015-06-30": {
        "Diluted EPS": 0.53,
        "Total Revenue": 514,
        "Gross Profit": 139,
        "Operating Income": 59,
        "EBIT": 76,
        "Net Income": 34
    },
    "2015-03-31": {
        "Diluted EPS": 0.25,
        "Total Revenue": 485,
        "Gross Profit": 123,
        "Operating Income": 39,
        "EBIT": 58,
        "Net Income": 16
    },
    "2014-12-31": {
        "Diluted EPS": -0.17,
        "Total Revenue": 507,
        "Gross Profit": 134,
        "Operating Income": 11,
        "EBIT": 81,
        "Net Income": -11
    },
    "2014-09-30": {
        "Diluted EPS": 0.53,
        "Total Revenue": 525,
        "Gross Profit": 129,
        "Operating Income": 59,
        "EBIT": 76,
        "Net Income": 34
    },
    "2014-06-30": {
        "Diluted EPS": 0.64,
        "Total Revenue": 566,
        "Gross Profit": 143,
        "Operating Income": 75,
        "EBIT": 90,
        "Net Income": 41
    },
    "2014-03-31": {
        "Diluted EPS": 0.0,
        "Total Revenue": NaN,
        "Gross Profit": NaN,
        "Operating Income": NaN,
        "EBIT": NaN,
        "Net Income": NaN
    },
    "2013-12-31": {
        "Diluted EPS": 0.0,
        "Total Revenue": 524,
        "Gross Profit": 134,
        "Operating Income": 63,
        "EBIT": 78,
        "Net Income": 33
    },
    "2013-09-30": {
        "Diluted EPS": 0.0,
        "Total Revenue": NaN,
        "Gross Profit": NaN,
        "Operating Income": NaN,
        "EBIT": NaN,
        "Net Income": NaN
    },
    "2013-03-31": {
        "Diluted EPS": 0.0,
        "Total Revenue": NaN,
        "Gross Profit": NaN,
        "Operating Income": NaN,
        "EBIT": NaN,
        "Net Income": NaN
    },
    "2012-03-31": {
        "Diluted EPS": 0.0,
        "Total Revenue": NaN,
        "Gross Profit": NaN,
        "Operating Income": NaN,
        "EBIT": NaN,
        "Net Income": NaN
    },
    "2023-09-30": {
        "Tax Effect Of Unusual Items": 0.0,
        "Tax Rate For Calcs": 0.233681,
        "Normalized EBITDA": 99490000.0,
        "Total Unusual Items": 0.0,
        "Total Unusual Items Excluding Goodwill": 0.0,
        "Net Income From Continuing Operation Net Minority Interest": 44422000.0,
        "Reconciled Depreciation": 24879000.0,
        "Reconciled Cost Of Revenue": 467938000.0,
        "EBITDA": 99490000.0,
        "EBIT": 74611000.0,
        "Net Interest Income": -16643000.0,
        "Interest Expense": 16643000.0,
        "Normalized Income": 44422000.0,
        "Net Income From Continuing And Discontinued Operation": 44422000.0,
        "Total Expenses": 601023000.0,
        "Total Operating Income As Reported": 75785000.0,
        "Diluted Average Shares": 58299000.0,
        "Basic Average Shares": 58041000.0,
        "Diluted EPS": 0.76,
        "Basic EPS": 0.77,
        "Diluted NI Availto Com Stockholders": 44422000.0,
        "Net Income Common Stockholders": 44422000.0,
        "Net Income": 44422000.0,
        "Net Income Including Noncontrolling Interests": 44422000.0,
        "Net Income Continuous Operations": 44422000.0,
        "Tax Provision": 13546000.0,
        "Pretax Income": 57968000.0,
        "Other Income Expense": -1174000.0,
        "Other Non Operating Income Expenses": -1174000.0,
        "Special Income Charges": 0.0,
        "Gain On Sale Of Business": 0.0,
        "Impairment Of Capital Assets": NaN,
        "Net Non Operating Interest Income Expense": -16643000.0,
        "Interest Expense Non Operating": 16643000.0,
        "Operating Income": 75785000.0,
        "Operating Expense": 133085000.0,
        "Research And Development": 12203000.0,
        "Selling General And Administration": 120882000.0,
        "Gross Profit": 208870000.0,
        "Cost Of Revenue": 467938000.0,
        "Total Revenue": 676808000.0,
        "Operating Revenue": 676808000.0
    },
    "2023-12-31": {
        "Tax Effect Of Unusual Items": -52733692.0,
        "Tax Rate For Calcs": 0.241,
        "Normalized EBITDA": 63850000.0,
        "Total Unusual Items": -218812000.0,
        "Total Unusual Items Excluding Goodwill": -218812000.0,
        "Net Income From Continuing Operation Net Minority Interest": -148195000.0,
        "Reconciled Depreciation": 25001000.0,
        "Reconciled Cost Of Revenue": 479402000.0,
        "EBITDA": -154962000.0,
        "EBIT": -179963000.0,
        "Net Interest Income": -15227000.0,
        "Interest Expense": 15227000.0,
        "Normalized Income": 17883308.0,
        "Net Income From Continuing And Discontinued Operation": -148195000.0,
        "Total Expenses": 643490000.0,
        "Total Operating Income As Reported": -180049000.0,
        "Diluted Average Shares": 58078000.0,
        "Basic Average Shares": 58078000.0,
        "Diluted EPS": -2.55,
        "Basic EPS": -2.55,
        "Diluted NI Availto Com Stockholders": -148195000.0,
        "Net Income Common Stockholders": -148195000.0,
        "Net Income": -148195000.0,
        "Net Income Including Noncontrolling Interests": -148195000.0,
        "Net Income Continuous Operations": -148195000.0,
        "Tax Provision": -46995000.0,
        "Pretax Income": -195190000.0,
        "Other Income Expense": -218726000.0,
        "Other Non Operating Income Expenses": 86000.0,
        "Special Income Charges": -218812000.0,
        "Gain On Sale Of Business": NaN,
        "Impairment Of Capital Assets": 218812000.0,
        "Net Non Operating Interest Income Expense": -15227000.0,
        "Interest Expense Non Operating": 15227000.0,
        "Operating Income": 38763000.0,
        "Operating Expense": 164088000.0,
        "Research And Development": 12267000.0,
        "Selling General And Administration": 151821000.0,
        "Gross Profit": 202851000.0,
        "Cost Of Revenue": 479402000.0,
        "Total Revenue": 682253000.0,
        "Operating Revenue": 682253000.0
    },
    "2024-03-31": {
        "Tax Effect Of Unusual Items": -451580.245609,
        "Tax Rate For Calcs": 0.15098,
        "Normalized EBITDA": 89647000.0,
        "Total Unusual Items": -2991000.0,
        "Total Unusual Items Excluding Goodwill": -2991000.0,
        "Net Income From Continuing Operation Net Minority Interest": 40168000.0,
        "Reconciled Depreciation": 24484000.0,
        "Reconciled Cost Of Revenue": 473162000.0,
        "EBITDA": 86656000.0,
        "EBIT": 62172000.0,
        "Net Interest Income": -14861000.0,
        "Interest Expense": 14861000.0,
        "Normalized Income": 42707419.754391,
        "Net Income From Continuing And Discontinued Operation": 40168000.0,
        "Total Expenses": 631138000.0,
        "Total Operating Income As Reported": 62531000.0,
        "Diluted Average Shares": 58517000.0,
        "Basic Average Shares": 58165000.0,
        "Diluted EPS": 0.69,
        "Basic EPS": 0.69,
        "Diluted NI Availto Com Stockholders": 40168000.0,
        "Net Income Common Stockholders": 40168000.0,
        "Net Income": 40168000.0,
        "Net Income Including Noncontrolling Interests": 40168000.0,
        "Net Income Continuous Operations": 40168000.0,
        "Tax Provision": 7143000.0,
        "Pretax Income": 47311000.0,
        "Other Income Expense": -359000.0,
        "Other Non Operating Income Expenses": 2632000.0,
        "Special Income Charges": 0.0,
        "Gain On Sale Of Business": NaN,
        "Impairment Of Capital Assets": 0.0,
        "Net Non Operating Interest Income Expense": -14861000.0,
        "Interest Expense Non Operating": 14861000.0,
        "Operating Income": 62531000.0,
        "Operating Expense": 157976000.0,
        "Research And Development": 13094000.0,
        "Selling General And Administration": 144882000.0,
        "Gross Profit": 220507000.0,
        "Cost Of Revenue": 473162000.0,
        "Total Revenue": 693669000.0,
        "Operating Revenue": 693669000.0
    },
    "2024-06-30": {
        "Tax Effect Of Unusual Items": 3951459.0,
        "Tax Rate For Calcs": 0.201,
        "Normalized EBITDA": 84984000.0,
        "Total Unusual Items": 19659000.0,
        "Total Unusual Items Excluding Goodwill": 19659000.0,
        "Net Income From Continuing Operation Net Minority Interest": 57120000.0,
        "Reconciled Depreciation": 23692000.0,
        "Reconciled Cost Of Revenue": 433024000.0,
        "EBITDA": 104643000.0,
        "EBIT": 80951000.0,
        "Net Interest Income": -9421000.0,
        "Interest Expense": 9421000.0,
        "Normalized Income": 41412459.0,
        "Net Income From Continuing And Discontinued Operation": 57120000.0,
        "Total Expenses": 582812000.0,
        "Total Operating Income As Reported": 81028000.0,
        "Diluted Average Shares": 58641000.0,
        "Basic Average Shares": 58312000.0,
        "Diluted EPS": 0.97,
        "Basic EPS": 0.98,
        "Diluted NI Availto Com Stockholders": 57120000.0,
        "Net Income Common Stockholders": 57120000.0,
        "Net Income": 57120000.0,
        "Net Income Including Noncontrolling Interests": 57120000.0,
        "Net Income Continuous Operations": 57120000.0,
        "Tax Provision": 14410000.0,
        "Pretax Income": 71530000.0,
        "Other Income Expense": 19582000.0,
        "Other Non Operating Income Expenses": -77000.0,
        "Special Income Charges": 19659000.0,
        "Gain On Sale Of Business": 19659000.0,
        "Impairment Of Capital Assets": NaN,
        "Net Non Operating Interest Income Expense": -9421000.0,
        "Interest Expense Non Operating": 9421000.0,
        "Operating Income": 61369000.0,
        "Operating Expense": 149788000.0,
        "Research And Development": 12439000.0,
        "Selling General And Administration": 137349000.0,
        "Gross Profit": 211157000.0,
        "Cost Of Revenue": 433024000.0,
        "Total Revenue": 644181000.0,
        "Operating Revenue": 644181000.0
    },
    "2024-09-30": {
        "Tax Effect Of Unusual Items": -240791.784286,
        "Tax Rate For Calcs": 0.276137,
        "Normalized EBITDA": 89701000.0,
        "Total Unusual Items": -872000.0,
        "Total Unusual Items Excluding Goodwill": -872000.0,
        "Net Income From Continuing Operation Net Minority Interest": 41798000.0,
        "Reconciled Depreciation": 22849000.0,
        "Reconciled Cost Of Revenue": 454486000.0,
        "EBITDA": 88829000.0,
        "EBIT": 65980000.0,
        "Net Interest Income": -8237000.0,
        "Interest Expense": 8237000.0,
        "Normalized Income": 42429208.215714,
        "Net Income From Continuing And Discontinued Operation": 41798000.0,
        "Total Expenses": 599318000.0,
        "Total Operating Income As Reported": 65725000.0,
        "Diluted Average Shares": 58786000.0,
        "Basic Average Shares": 58410000.0,
        "Diluted EPS": 0.71,
        "Basic EPS": 0.72,
        "Diluted NI Availto Com Stockholders": 41798000.0,
        "Net Income Common Stockholders": 41798000.0,
        "Net Income": 41798000.0,
        "Net Income Including Noncontrolling Interests": 41798000.0,
        "Net Income Continuous Operations": 41798000.0,
        "Tax Provision": 15945000.0,
        "Pretax Income": 57743000.0,
        "Other Income Expense": -617000.0,
        "Other Non Operating Income Expenses": 255000.0,
        "Special Income Charges": -872000.0,
        "Gain On Sale Of Business": -872000.0,
        "Impairment Of Capital Assets": NaN,
        "Net Non Operating Interest Income Expense": -8237000.0,
        "Interest Expense Non Operating": 8237000.0,
        "Operating Income": 66597000.0,
        "Operating Expense": 144832000.0,
        "Research And Development": 11284000.0,
        "Selling General And Administration": 133548000.0,
        "Gross Profit": 211429000.0,
        "Cost Of Revenue": 454486000.0,
        "Total Revenue": 665915000.0,
        "Operating Revenue": 665915000.0
    }
}