{
    "2023-06-30": {
        "Tax Effect Of Unusual Items": NaN,
        "Tax Rate For Calcs": NaN,
        "Normalized EBITDA": NaN,
        "Net Income From Continuing Operation Net Minority Interest": NaN,
        "Reconciled Depreciation": NaN,
        "Reconciled Cost Of Revenue": NaN,
        "EBITDA": NaN,
        "EBIT": NaN,
        "Net Interest Income": NaN,
        "Interest Expense": NaN,
        "Normalized Income": NaN,
        "Net Income From Continuing And Discontinued Operation": NaN,
        "Total Expenses": NaN,
        "Total Operating Income As Reported": NaN,
        "Diluted Average Shares": 130725188.0,
        "Basic Average Shares": 130725188.0,
        "Diluted EPS": 0.373784,
        "Basic EPS": 0.373784,
        "Diluted NI Availto Com Stockholders": NaN,
        "Net Income Common Stockholders": NaN,
        "Net Income": NaN,
        "Net Income Including Noncontrolling Interests": NaN,
        "Net Income Continuous Operations": NaN,
        "Tax Provision": NaN,
        "Pretax Income": NaN,
        "Net Non Operating Interest Income Expense": NaN,
        "Interest Expense Non Operating": NaN,
        "Operating Income": NaN,
        "Operating Expense": NaN,
        "Depreciation Amortization Depletion Income Statement": NaN,
        "Depreciation And Amortization In Income Statement": NaN,
        "Selling General And Administration": NaN,
        "Gross Profit": NaN,
        "Cost Of Revenue": NaN,
        "Total Revenue": NaN,
        "Operating Revenue": NaN
    },
    "2022-09-30": {
        "Tax Effect Of Unusual Items": NaN,
        "Tax Rate For Calcs": NaN,
        "Normalized EBITDA": NaN,
        "Net Income From Continuing Operation Net Minority Interest": NaN,
        "Reconciled Depreciation": NaN,
        "Reconciled Cost Of Revenue": NaN,
        "EBITDA": NaN,
        "EBIT": NaN,
        "Net Interest Income": NaN,
        "Interest Expense": 115114000.0,
        "Interest Income": NaN,
        "Normalized Income": NaN,
        "Net Income From Continuing And Discontinued Operation": NaN,
        "Total Expenses": NaN,
        "Total Operating Income As Reported": NaN,
        "Diluted Average Shares": NaN,
        "Basic Average Shares": NaN,
        "Diluted EPS": NaN,
        "Basic EPS": NaN,
        "Diluted NI Availto Com Stockholders": NaN,
        "Net Income Common Stockholders": NaN,
        "Net Income": NaN,
        "Net Income Including Noncontrolling Interests": NaN,
        "Net Income Continuous Operations": NaN,
        "Tax Provision": NaN,
        "Pretax Income": NaN,
        "Net Non Operating Interest Income Expense": NaN,
        "Interest Expense Non Operating": 115114000.0,
        "Interest Income Non Operating": NaN,
        "Operating Income": NaN,
        "Operating Expense": NaN,
        "Depreciation Amortization Depletion Income Statement": NaN,
        "Depreciation And Amortization In Income Statement": NaN,
        "Selling General And Administration": NaN,
        "Gross Profit": NaN,
        "Cost Of Revenue": NaN,
        "Total Revenue": NaN,
        "Operating Revenue": NaN
    },
    "2023-09-30": {
        "Tax Effect Of Unusual Items": 0.0,
        "Tax Rate For Calcs": 0.193059,
        "Normalized EBITDA": 147053000.0,
        "Net Income From Continuing Operation Net Minority Interest": 160348000.0,
        "Reconciled Depreciation": 34792000.0,
        "Reconciled Cost Of Revenue": 490072000.0,
        "EBITDA": 147053000.0,
        "EBIT": 112261000.0,
        "Net Interest Income": 86450000.0,
        "Interest Expense": -86450000.0,
        "Normalized Income": 160348000.0,
        "Net Income From Continuing And Discontinued Operation": 160348000.0,
        "Total Expenses": 655471000.0,
        "Total Operating Income As Reported": 60430000.0,
        "Diluted Average Shares": 130725188.0,
        "Basic Average Shares": 130725188.0,
        "Diluted EPS": 0.718852,
        "Basic EPS": 0.718852,
        "Diluted NI Availto Com Stockholders": 160348000.0,
        "Net Income Common Stockholders": 160348000.0,
        "Net Income": 160348000.0,
        "Net Income Including Noncontrolling Interests": 160348000.0,
        "Net Income Continuous Operations": 160348000.0,
        "Tax Provision": 38363000.0,
        "Pretax Income": 198711000.0,
        "Net Non Operating Interest Income Expense": 86450000.0,
        "Interest Expense Non Operating": -86450000.0,
        "Operating Income": 60430000.0,
        "Operating Expense": 165399000.0,
        "Depreciation Amortization Depletion Income Statement": 34792000.0,
        "Depreciation And Amortization In Income Statement": 34792000.0,
        "Selling General And Administration": 130607000.0,
        "Gross Profit": 225829000.0,
        "Cost Of Revenue": 490072000.0,
        "Total Revenue": 715901000.0,
        "Operating Revenue": 715901000.0
    },
    "2023-12-31": {
        "Tax Effect Of Unusual Items": NaN,
        "Tax Rate For Calcs": NaN,
        "Normalized EBITDA": NaN,
        "Net Income From Continuing Operation Net Minority Interest": NaN,
        "Reconciled Depreciation": NaN,
        "Reconciled Cost Of Revenue": NaN,
        "EBITDA": NaN,
        "EBIT": NaN,
        "Net Interest Income": NaN,
        "Interest Expense": NaN,
        "Normalized Income": NaN,
        "Net Income From Continuing And Discontinued Operation": NaN,
        "Total Expenses": NaN,
        "Total Operating Income As Reported": NaN,
        "Diluted Average Shares": NaN,
        "Basic Average Shares": NaN,
        "Diluted EPS": NaN,
        "Basic EPS": NaN,
        "Diluted NI Availto Com Stockholders": NaN,
        "Net Income Common Stockholders": NaN,
        "Net Income": NaN,
        "Net Income Including Noncontrolling Interests": NaN,
        "Net Income Continuous Operations": NaN,
        "Tax Provision": NaN,
        "Pretax Income": NaN,
        "Other Income Expense": 756000.0,
        "Other Non Operating Income Expenses": 756000.0,
        "Net Non Operating Interest Income Expense": NaN,
        "Interest Expense Non Operating": NaN,
        "Operating Income": NaN,
        "Operating Expense": NaN,
        "Depreciation Amortization Depletion Income Statement": NaN,
        "Depreciation And Amortization In Income Statement": NaN,
        "Selling General And Administration": NaN,
        "Gross Profit": NaN,
        "Cost Of Revenue": NaN,
        "Total Revenue": NaN,
        "Operating Revenue": NaN
    },
    "2023-03-31": {
        "Tax Effect Of Unusual Items": NaN,
        "Tax Rate For Calcs": NaN,
        "Normalized EBITDA": NaN,
        "Net Income From Continuing Operation Net Minority Interest": NaN,
        "Reconciled Depreciation": NaN,
        "Reconciled Cost Of Revenue": NaN,
        "EBITDA": NaN,
        "EBIT": NaN,
        "Net Interest Income": NaN,
        "Interest Expense": NaN,
        "Interest Income": 161000.0,
        "Normalized Income": NaN,
        "Net Income From Continuing And Discontinued Operation": NaN,
        "Total Expenses": NaN,
        "Total Operating Income As Reported": NaN,
        "Diluted Average Shares": NaN,
        "Basic Average Shares": NaN,
        "Diluted EPS": NaN,
        "Basic EPS": NaN,
        "Diluted NI Availto Com Stockholders": NaN,
        "Net Income Common Stockholders": NaN,
        "Net Income": NaN,
        "Net Income Including Noncontrolling Interests": NaN,
        "Net Income Continuous Operations": NaN,
        "Tax Provision": NaN,
        "Pretax Income": NaN,
        "Net Non Operating Interest Income Expense": NaN,
        "Interest Expense Non Operating": NaN,
        "Interest Income Non Operating": 161000.0,
        "Operating Income": NaN,
        "Operating Expense": NaN,
        "Depreciation Amortization Depletion Income Statement": NaN,
        "Depreciation And Amortization In Income Statement": NaN,
        "Selling General And Administration": NaN,
        "Gross Profit": NaN,
        "Cost Of Revenue": NaN,
        "Total Revenue": NaN,
        "Operating Revenue": NaN
    },
    "2022-12-31": {
        "Tax Effect Of Unusual Items": NaN,
        "Tax Rate For Calcs": NaN,
        "Normalized EBITDA": NaN,
        "Net Income From Continuing Operation Net Minority Interest": NaN,
        "Reconciled Depreciation": NaN,
        "Reconciled Cost Of Revenue": NaN,
        "EBITDA": NaN,
        "EBIT": NaN,
        "Net Interest Income": NaN,
        "Interest Expense": NaN,
        "Interest Income": 190000.0,
        "Normalized Income": NaN,
        "Net Income From Continuing And Discontinued Operation": NaN,
        "Total Expenses": NaN,
        "Total Operating Income As Reported": NaN,
        "Diluted Average Shares": NaN,
        "Basic Average Shares": NaN,
        "Diluted EPS": NaN,
        "Basic EPS": NaN,
        "Diluted NI Availto Com Stockholders": NaN,
        "Net Income Common Stockholders": NaN,
        "Net Income": NaN,
        "Net Income Including Noncontrolling Interests": NaN,
        "Net Income Continuous Operations": NaN,
        "Tax Provision": NaN,
        "Pretax Income": NaN,
        "Net Non Operating Interest Income Expense": NaN,
        "Interest Expense Non Operating": NaN,
        "Interest Income Non Operating": 190000.0,
        "Operating Income": NaN,
        "Operating Expense": NaN,
        "Depreciation Amortization Depletion Income Statement": NaN,
        "Depreciation And Amortization In Income Statement": NaN,
        "Selling General And Administration": NaN,
        "Gross Profit": NaN,
        "Cost Of Revenue": NaN,
        "Total Revenue": NaN,
        "Operating Revenue": NaN
    },
    "2024-03-31": {
        "Tax Effect Of Unusual Items": NaN,
        "Tax Rate For Calcs": NaN,
        "Normalized EBITDA": NaN,
        "Net Income From Continuing Operation Net Minority Interest": NaN,
        "Reconciled Depreciation": NaN,
        "Reconciled Cost Of Revenue": NaN,
        "EBITDA": NaN,
        "EBIT": NaN,
        "Net Interest Income": NaN,
        "Interest Expense": NaN,
        "Normalized Income": NaN,
        "Net Income From Continuing And Discontinued Operation": NaN,
        "Total Expenses": NaN,
        "Total Operating Income As Reported": NaN,
        "Diluted Average Shares": NaN,
        "Basic Average Shares": NaN,
        "Diluted EPS": NaN,
        "Basic EPS": NaN,
        "Diluted NI Availto Com Stockholders": NaN,
        "Net Income Common Stockholders": NaN,
        "Net Income": NaN,
        "Net Income Including Noncontrolling Interests": NaN,
        "Net Income Continuous Operations": NaN,
        "Tax Provision": NaN,
        "Pretax Income": NaN,
        "Other Income Expense": 613000.0,
        "Other Non Operating Income Expenses": 613000.0,
        "Net Non Operating Interest Income Expense": NaN,
        "Interest Expense Non Operating": NaN,
        "Operating Income": NaN,
        "Operating Expense": NaN,
        "Depreciation Amortization Depletion Income Statement": NaN,
        "Depreciation And Amortization In Income Statement": NaN,
        "Selling General And Administration": NaN,
        "Gross Profit": NaN,
        "Cost Of Revenue": NaN,
        "Total Revenue": NaN,
        "Operating Revenue": NaN
    },
    "2024-06-30": {
        "Tax Effect Of Unusual Items": NaN,
        "Tax Rate For Calcs": NaN,
        "Normalized EBITDA": NaN,
        "Net Income From Continuing Operation Net Minority Interest": NaN,
        "Reconciled Depreciation": NaN,
        "Reconciled Cost Of Revenue": NaN,
        "EBITDA": NaN,
        "EBIT": NaN,
        "Net Interest Income": NaN,
        "Interest Expense": NaN,
        "Normalized Income": NaN,
        "Net Income From Continuing And Discontinued Operation": NaN,
        "Total Expenses": NaN,
        "Total Operating Income As Reported": NaN,
        "Diluted Average Shares": 131833000.0,
        "Basic Average Shares": 131543000.0,
        "Diluted EPS": 0.04,
        "Basic EPS": 0.04,
        "Diluted NI Availto Com Stockholders": NaN,
        "Net Income Common Stockholders": NaN,
        "Net Income": NaN,
        "Net Income Including Noncontrolling Interests": NaN,
        "Net Income Continuous Operations": NaN,
        "Tax Provision": NaN,
        "Pretax Income": NaN,
        "Other Income Expense": 471000.0,
        "Other Non Operating Income Expenses": 471000.0,
        "Net Non Operating Interest Income Expense": NaN,
        "Interest Expense Non Operating": NaN,
        "Operating Income": NaN,
        "Operating Expense": NaN,
        "Depreciation Amortization Depletion Income Statement": NaN,
        "Depreciation And Amortization In Income Statement": NaN,
        "Selling General And Administration": NaN,
        "Gross Profit": NaN,
        "Cost Of Revenue": NaN,
        "Total Revenue": NaN,
        "Operating Revenue": NaN
    },
    "2024-09-30": {
        "Tax Effect Of Unusual Items": 0.0,
        "Tax Rate For Calcs": 0.21,
        "Normalized EBITDA": 65699000.0,
        "Net Income From Continuing Operation Net Minority Interest": -2298000.0,
        "Reconciled Depreciation": 35281000.0,
        "Reconciled Cost Of Revenue": 487315000.0,
        "EBITDA": 65699000.0,
        "EBIT": 30418000.0,
        "Net Interest Income": -31689000.0,
        "Interest Expense": 31689000.0,
        "Normalized Income": -2298000.0,
        "Net Income From Continuing And Discontinued Operation": -2298000.0,
        "Total Expenses": 654505000.0,
        "Total Operating Income As Reported": 29776000.0,
        "Diluted Average Shares": 131566000.0,
        "Basic Average Shares": 131566000.0,
        "Diluted EPS": -0.02,
        "Basic EPS": -0.02,
        "Diluted NI Availto Com Stockholders": -2298000.0,
        "Net Income Common Stockholders": -2298000.0,
        "Net Income": -2298000.0,
        "Net Income Including Noncontrolling Interests": -2298000.0,
        "Net Income Continuous Operations": -2298000.0,
        "Tax Provision": 1027000.0,
        "Pretax Income": -1271000.0,
        "Other Income Expense": NaN,
        "Other Non Operating Income Expenses": NaN,
        "Net Non Operating Interest Income Expense": -31689000.0,
        "Interest Expense Non Operating": 31689000.0,
        "Operating Income": 29776000.0,
        "Operating Expense": 167190000.0,
        "Depreciation Amortization Depletion Income Statement": 35281000.0,
        "Depreciation And Amortization In Income Statement": 35281000.0,
        "Selling General And Administration": 131909000.0,
        "Gross Profit": 196966000.0,
        "Cost Of Revenue": 487315000.0,
        "Total Revenue": 684281000.0,
        "Operating Revenue": 684281000.0
    },
    "2024-12-31": {
        "Tax Effect Of Unusual Items": 0.0,
        "Tax Rate For Calcs": 0.21,
        "Normalized EBITDA": 61573000.0,
        "Net Income From Continuing Operation Net Minority Interest": 832000.0,
        "Reconciled Depreciation": 36936000.0,
        "Reconciled Cost Of Revenue": 495260000.0,
        "EBITDA": 61573000.0,
        "EBIT": 24637000.0,
        "Net Interest Income": -23097000.0,
        "Interest Expense": 23097000.0,
        "Normalized Income": 832000.0,
        "Net Income From Continuing And Discontinued Operation": 832000.0,
        "Total Expenses": 653381000.0,
        "Total Operating Income As Reported": 30399000.0,
        "Diluted Average Shares": 132115000.0,
        "Basic Average Shares": 131590000.0,
        "Diluted EPS": 0.01,
        "Basic EPS": 0.01,
        "Diluted NI Availto Com Stockholders": 832000.0,
        "Net Income Common Stockholders": 832000.0,
        "Net Income": 832000.0,
        "Net Income Including Noncontrolling Interests": 832000.0,
        "Net Income Continuous Operations": 832000.0,
        "Tax Provision": 708000.0,
        "Pretax Income": 1540000.0,
        "Other Income Expense": -5762000.0,
        "Other Non Operating Income Expenses": -5762000.0,
        "Net Non Operating Interest Income Expense": -23097000.0,
        "Interest Expense Non Operating": 23097000.0,
        "Operating Income": 30399000.0,
        "Operating Expense": 158121000.0,
        "Depreciation Amortization Depletion Income Statement": 36936000.0,
        "Depreciation And Amortization In Income Statement": 36936000.0,
        "Selling General And Administration": 121185000.0,
        "Gross Profit": 188520000.0,
        "Cost Of Revenue": 495260000.0,
        "Total Revenue": 683780000.0,
        "Operating Revenue": 683780000.0
    },
    "2025-03-31": {
        "Tax Effect Of Unusual Items": 0.0,
        "Tax Rate For Calcs": 0.186,
        "Normalized EBITDA": 24019000.0,
        "Net Income From Continuing Operation Net Minority Interest": -27830000.0,
        "Reconciled Depreciation": 35882000.0,
        "Reconciled Cost Of Revenue": 489991000.0,
        "EBITDA": 24019000.0,
        "EBIT": -11863000.0,
        "Net Interest Income": -22329000.0,
        "Interest Expense": 22329000.0,
        "Normalized Income": -27830000.0,
        "Net Income From Continuing And Discontinued Operation": -27830000.0,
        "Total Expenses": 673819000.0,
        "Total Operating Income As Reported": -8570000.0,
        "Diluted Average Shares": 131751000.0,
        "Basic Average Shares": 131751000.0,
        "Diluted EPS": -0.21,
        "Basic EPS": -0.21,
        "Diluted NI Availto Com Stockholders": -27830000.0,
        "Net Income Common Stockholders": -27830000.0,
        "Net Income": -27830000.0,
        "Net Income Including Noncontrolling Interests": -27830000.0,
        "Net Income Continuous Operations": -27830000.0,
        "Tax Provision": -6362000.0,
        "Pretax Income": -34192000.0,
        "Other Income Expense": -3293000.0,
        "Other Non Operating Income Expenses": -3293000.0,
        "Net Non Operating Interest Income Expense": -22329000.0,
        "Interest Expense Non Operating": 22329000.0,
        "Operating Income": -8570000.0,
        "Operating Expense": 183828000.0,
        "Depreciation Amortization Depletion Income Statement": 35882000.0,
        "Depreciation And Amortization In Income Statement": 35882000.0,
        "Selling General And Administration": 147946000.0,
        "Gross Profit": 175258000.0,
        "Cost Of Revenue": 489991000.0,
        "Total Revenue": 665249000.0,
        "Operating Revenue": 665249000.0
    },
    "2025-06-30": {
        "Tax Effect Of Unusual Items": 0.0,
        "Tax Rate For Calcs": 0.097463,
        "Normalized EBITDA": 56602000.0,
        "Net Income From Continuing Operation Net Minority Interest": -676000.0,
        "Reconciled Depreciation": 34856000.0,
        "Reconciled Cost Of Revenue": 491681000.0,
        "EBITDA": 56602000.0,
        "EBIT": 21746000.0,
        "Net Interest Income": -22495000.0,
        "Interest Expense": 22495000.0,
        "Normalized Income": -676000.0,
        "Net Income From Continuing And Discontinued Operation": -676000.0,
        "Total Expenses": 648838000.0,
        "Total Operating Income As Reported": 24961000.0,
        "Diluted Average Shares": 131812000.0,
        "Basic Average Shares": 131812000.0,
        "Diluted EPS": -0.01,
        "Basic EPS": -0.01,
        "Diluted NI Availto Com Stockholders": -676000.0,
        "Net Income Common Stockholders": -676000.0,
        "Net Income": -676000.0,
        "Net Income Including Noncontrolling Interests": -676000.0,
        "Net Income Continuous Operations": -676000.0,
        "Tax Provision": -73000.0,
        "Pretax Income": -749000.0,
        "Other Income Expense": -3215000.0,
        "Other Non Operating Income Expenses": -3215000.0,
        "Net Non Operating Interest Income Expense": -22495000.0,
        "Interest Expense Non Operating": 22495000.0,
        "Operating Income": 24961000.0,
        "Operating Expense": 157157000.0,
        "Depreciation Amortization Depletion Income Statement": 34856000.0,
        "Depreciation And Amortization In Income Statement": 34856000.0,
        "Selling General And Administration": 122301000.0,
        "Gross Profit": 182118000.0,
        "Cost Of Revenue": 491681000.0,
        "Total Revenue": 673799000.0,
        "Operating Revenue": 673799000.0
    },
    "2025-09-30": {
        "Tax Effect Of Unusual Items": 0.0,
        "Tax Rate For Calcs": 0.21,
        "Normalized EBITDA": 48781000.0,
        "Net Income From Continuing Operation Net Minority Interest": -12549000.0,
        "Reconciled Depreciation": 35343000.0,
        "Reconciled Cost Of Revenue": 533150000.0,
        "EBITDA": 48781000.0,
        "EBIT": 13438000.0,
        "Net Interest Income": -24343000.0,
        "Interest Expense": 24343000.0,
        "Normalized Income": -12549000.0,
        "Net Income From Continuing And Discontinued Operation": -12549000.0,
        "Total Expenses": 694370000.0,
        "Total Operating Income As Reported": 17641000.0,
        "Diluted Average Shares": NaN,
        "Basic Average Shares": NaN,
        "Diluted EPS": NaN,
        "Basic EPS": NaN,
        "Diluted NI Availto Com Stockholders": -12549000.0,
        "Net Income Common Stockholders": -12549000.0,
        "Net Income": -12549000.0,
        "Net Income Including Noncontrolling Interests": -12549000.0,
        "Net Income Continuous Operations": -12549000.0,
        "Tax Provision": 1644000.0,
        "Pretax Income": -10905000.0,
        "Other Income Expense": -4203000.0,
        "Other Non Operating Income Expenses": -1419000.0,
        "Net Non Operating Interest Income Expense": -24343000.0,
        "Interest Expense Non Operating": 24343000.0,
        "Operating Income": 17641000.0,
        "Operating Expense": 161220000.0,
        "Depreciation Amortization Depletion Income Statement": 35343000.0,
        "Depreciation And Amortization In Income Statement": 35343000.0,
        "Selling General And Administration": 125877000.0,
        "Gross Profit": 178861000.0,
        "Cost Of Revenue": 533150000.0,
        "Total Revenue": 712011000.0,
        "Operating Revenue": 712011000.0
    }
}