{
    "2023-03-31": {
        "Tax Effect Of Unusual Items": 283959.9,
        "Tax Rate For Calcs": 0.0137,
        "Normalized EBITDA": 210153000.0,
        "Total Unusual Items": 20727000.0,
        "Total Unusual Items Excluding Goodwill": 20727000.0,
        "Net Income From Continuing Operation Net Minority Interest": 113940000.0,
        "Reconciled Depreciation": 86779000.0,
        "Reconciled Cost Of Revenue": 171658000.0,
        "EBITDA": 230880000.0,
        "EBIT": 144101000.0,
        "Net Interest Income": -28554000.0,
        "Interest Expense": 28554000.0,
        "Normalized Income": 93496959.9,
        "Net Income From Continuing And Discontinued Operation": 113940000.0,
        "Total Expenses": 209987000.0,
        "Total Operating Income As Reported": 122757000.0,
        "Diluted Average Shares": 16545000.0,
        "Basic Average Shares": 16431000.0,
        "Diluted EPS": 6.89,
        "Basic EPS": 6.93,
        "Diluted NI Availto Com Stockholders": 113940000.0,
        "Net Income Common Stockholders": 113940000.0,
        "Preferred Stock Dividends": NaN,
        "Net Income": 113940000.0,
        "Net Income Including Noncontrolling Interests": 113940000.0,
        "Net Income Continuous Operations": 113940000.0,
        "Tax Provision": 1607000.0,
        "Pretax Income": 115547000.0,
        "Other Income Expense": 21581000.0,
        "Other Non Operating Income Expenses": 854000.0,
        "Special Income Charges": 237000.0,
        "Gain On Sale Of Ppe": 237000.0,
        "Other Special Charges": NaN,
        "Write Off": NaN,
        "Restructuring And Mergern Acquisition": NaN,
        "Gain On Sale Of Security": 20490000.0,
        "Net Non Operating Interest Income Expense": -28554000.0,
        "Interest Expense Non Operating": 28554000.0,
        "Operating Income": 122520000.0,
        "Operating Expense": 38329000.0,
        "Other Operating Expenses": 1484000.0,
        "Selling General And Administration": 36845000.0,
        "Selling And Marketing Expense": 10915000.0,
        "General And Administrative Expense": 25930000.0,
        "Other Gand A": 25930000.0,
        "Gross Profit": 160849000.0,
        "Cost Of Revenue": 171658000.0,
        "Total Revenue": 332507000.0,
        "Operating Revenue": 331662000.0
    },
    "2022-12-31": {
        "Tax Effect Of Unusual Items": NaN,
        "Tax Rate For Calcs": NaN,
        "Normalized EBITDA": NaN,
        "Total Unusual Items": NaN,
        "Total Unusual Items Excluding Goodwill": NaN,
        "Net Income From Continuing Operation Net Minority Interest": NaN,
        "Reconciled Depreciation": NaN,
        "Reconciled Cost Of Revenue": NaN,
        "EBITDA": NaN,
        "EBIT": NaN,
        "Net Interest Income": NaN,
        "Interest Expense": NaN,
        "Normalized Income": NaN,
        "Net Income From Continuing And Discontinued Operation": NaN,
        "Total Expenses": NaN,
        "Total Operating Income As Reported": NaN,
        "Diluted Average Shares": NaN,
        "Basic Average Shares": NaN,
        "Diluted EPS": NaN,
        "Basic EPS": NaN,
        "Diluted NI Availto Com Stockholders": NaN,
        "Net Income Common Stockholders": NaN,
        "Preferred Stock Dividends": NaN,
        "Net Income": NaN,
        "Net Income Including Noncontrolling Interests": NaN,
        "Net Income Continuous Operations": NaN,
        "Tax Provision": NaN,
        "Pretax Income": NaN,
        "Other Income Expense": NaN,
        "Other Non Operating Income Expenses": NaN,
        "Special Income Charges": NaN,
        "Gain On Sale Of Ppe": NaN,
        "Other Special Charges": 1214000.0,
        "Write Off": 40000.0,
        "Restructuring And Mergern Acquisition": 0.0,
        "Gain On Sale Of Security": NaN,
        "Net Non Operating Interest Income Expense": NaN,
        "Interest Expense Non Operating": NaN,
        "Operating Income": NaN,
        "Operating Expense": NaN,
        "Other Operating Expenses": NaN,
        "Selling General And Administration": NaN,
        "Selling And Marketing Expense": NaN,
        "General And Administrative Expense": NaN,
        "Other Gand A": NaN,
        "Gross Profit": NaN,
        "Cost Of Revenue": NaN,
        "Total Revenue": NaN,
        "Operating Revenue": NaN
    },
    "2022-09-30": {
        "Tax Effect Of Unusual Items": NaN,
        "Tax Rate For Calcs": NaN,
        "Normalized EBITDA": NaN,
        "Total Unusual Items": NaN,
        "Total Unusual Items Excluding Goodwill": NaN,
        "Net Income From Continuing Operation Net Minority Interest": NaN,
        "Reconciled Depreciation": NaN,
        "Reconciled Cost Of Revenue": NaN,
        "EBITDA": NaN,
        "EBIT": NaN,
        "Net Interest Income": NaN,
        "Interest Expense": NaN,
        "Normalized Income": NaN,
        "Net Income From Continuing And Discontinued Operation": NaN,
        "Total Expenses": NaN,
        "Total Operating Income As Reported": NaN,
        "Diluted Average Shares": NaN,
        "Basic Average Shares": NaN,
        "Diluted EPS": NaN,
        "Basic EPS": NaN,
        "Diluted NI Availto Com Stockholders": NaN,
        "Net Income Common Stockholders": NaN,
        "Preferred Stock Dividends": NaN,
        "Net Income": NaN,
        "Net Income Including Noncontrolling Interests": NaN,
        "Net Income Continuous Operations": NaN,
        "Tax Provision": NaN,
        "Pretax Income": NaN,
        "Other Income Expense": NaN,
        "Other Non Operating Income Expenses": NaN,
        "Special Income Charges": NaN,
        "Gain On Sale Of Ppe": NaN,
        "Other Special Charges": -553000.0,
        "Write Off": 0.0,
        "Restructuring And Mergern Acquisition": 10420000.0,
        "Gain On Sale Of Security": NaN,
        "Net Non Operating Interest Income Expense": NaN,
        "Interest Expense Non Operating": NaN,
        "Operating Income": NaN,
        "Operating Expense": NaN,
        "Other Operating Expenses": NaN,
        "Selling General And Administration": NaN,
        "Selling And Marketing Expense": NaN,
        "General And Administrative Expense": NaN,
        "Other Gand A": NaN,
        "Gross Profit": NaN,
        "Cost Of Revenue": NaN,
        "Total Revenue": NaN,
        "Operating Revenue": NaN
    },
    "2022-06-30": {
        "Tax Effect Of Unusual Items": -1753996.855043,
        "Tax Rate For Calcs": 0.026302,
        "Normalized EBITDA": 452977000.0,
        "Total Unusual Items": -66687000.0,
        "Total Unusual Items Excluding Goodwill": -66687000.0,
        "Net Income From Continuing Operation Net Minority Interest": 262546000.0,
        "Reconciled Depreciation": 83845000.0,
        "Reconciled Cost Of Revenue": 161663000.0,
        "EBITDA": 386290000.0,
        "EBIT": 302445000.0,
        "Net Interest Income": -32807000.0,
        "Interest Expense": 32807000.0,
        "Normalized Income": 327479003.144957,
        "Net Income From Continuing And Discontinued Operation": 262546000.0,
        "Total Expenses": 188920000.0,
        "Total Operating Income As Reported": 371236000.0,
        "Diluted Average Shares": 17039000.0,
        "Basic Average Shares": 16834000.0,
        "Diluted EPS": 15.41,
        "Basic EPS": 15.6,
        "Diluted NI Availto Com Stockholders": 262546000.0,
        "Net Income Common Stockholders": 262546000.0,
        "Net Income": 262546000.0,
        "Net Income Including Noncontrolling Interests": 262546000.0,
        "Net Income Continuous Operations": 262546000.0,
        "Tax Provision": 7092000.0,
        "Pretax Income": 269638000.0,
        "Other Income Expense": -68791000.0,
        "Other Non Operating Income Expenses": -2104000.0,
        "Special Income Charges": -760000.0,
        "Gain On Sale Of Ppe": 38000.0,
        "Other Special Charges": 798000.0,
        "Write Off": 0.0,
        "Impairment Of Capital Assets": 0.0,
        "Restructuring And Mergern Acquisition": 0.0,
        "Gain On Sale Of Security": -65927000.0,
        "Net Non Operating Interest Income Expense": -32807000.0,
        "Interest Expense Non Operating": 32807000.0,
        "Operating Income": 371236000.0,
        "Operating Expense": 27257000.0,
        "Other Operating Expenses": -736000.0,
        "Selling General And Administration": 27993000.0,
        "Selling And Marketing Expense": 10994000.0,
        "General And Administrative Expense": 16999000.0,
        "Other Gand A": 16999000.0,
        "Gross Profit": 398493000.0,
        "Cost Of Revenue": 161663000.0,
        "Total Revenue": 560156000.0,
        "Operating Revenue": 560156000.0
    },
    "2022-03-31": {
        "Diluted EPS": -5.18,
        "Total Revenue": 532,
        "Gross Profit": 394,
        "Operating Income": 270,
        "EBIT": 344,
        "Net Income": -87
    },
    "2021-12-31": {
        "Diluted EPS": 18.27,
        "Total Revenue": 470,
        "Gross Profit": 348,
        "Operating Income": 236,
        "EBIT": 316,
        "Net Income": 216
    },
    "2021-09-30": {
        "Diluted EPS": 8.56,
        "Total Revenue": 379,
        "Gross Profit": 268,
        "Operating Income": 266,
        "EBIT": 334,
        "Net Income": 137
    },
    "2021-06-30": {
        "Diluted EPS": -10.47,
        "Total Revenue": 294,
        "Gross Profit": 209,
        "Operating Income": 108,
        "EBIT": 152,
        "Net Income": -133
    },
    "2021-03-31": {
        "Diluted EPS": -6.33,
        "Total Revenue": 250,
        "Gross Profit": 168,
        "Operating Income": 103,
        "EBIT": 145,
        "Net Income": -75
    },
    "2020-12-31": {
        "Diluted EPS": -14.24,
        "Total Revenue": 188,
        "Gross Profit": 103,
        "Operating Income": -78,
        "EBIT": -32,
        "Net Income": -166
    },
    "2020-09-30": {
        "Diluted EPS": -20.32,
        "Total Revenue": 174,
        "Gross Profit": 97,
        "Operating Income": -168,
        "EBIT": -117,
        "Net Income": -237
    },
    "2020-06-30": {
        "Diluted EPS": -46.75,
        "Total Revenue": 111,
        "Gross Profit": 62,
        "Operating Income": -434,
        "EBIT": -364,
        "Net Income": -545
    },
    "2020-03-31": {
        "Diluted EPS": 6.39,
        "Total Revenue": 205,
        "Gross Profit": 89,
        "Operating Income": -182,
        "EBIT": -115,
        "Net Income": 75
    },
    "2019-12-31": {
        "Diluted EPS": -20.93,
        "Total Revenue": 218,
        "Gross Profit": 146,
        "Operating Income": -170,
        "EBIT": -97,
        "Net Income": -242
    },
    "2019-09-30": {
        "Diluted EPS": -22.86,
        "Total Revenue": 194,
        "Gross Profit": 143,
        "Operating Income": -350,
        "EBIT": -277,
        "Net Income": -265
    },
    "2019-06-30": {
        "Diluted EPS": 14.98,
        "Total Revenue": 217,
        "Gross Profit": 157,
        "Operating Income": 58,
        "EBIT": 128,
        "Net Income": 173
    },
    "2019-03-31": {
        "Diluted EPS": -0.8,
        "Total Revenue": 209,
        "Gross Profit": 147,
        "Operating Income": 54,
        "EBIT": 121,
        "Net Income": -9
    },
    "2018-12-31": {
        "Diluted EPS": 13.04,
        "Total Revenue": 215,
        "Gross Profit": 150,
        "Operating Income": 56,
        "EBIT": 132,
        "Net Income": 150
    },
    "2018-09-30": {
        "Diluted EPS": 4.8,
        "Total Revenue": 280,
        "Gross Profit": 199,
        "Operating Income": 104,
        "EBIT": 146,
        "Net Income": 55
    },
    "2018-06-30": {
        "Diluted EPS": 2.8,
        "Total Revenue": 351,
        "Gross Profit": 186,
        "Operating Income": 95,
        "EBIT": 147,
        "Net Income": 33
    },
    "2018-03-31": {
        "Diluted EPS": 7.2,
        "Total Revenue": 260,
        "Gross Profit": 176,
        "Operating Income": 93,
        "EBIT": 140,
        "Net Income": 87
    },
    "2017-12-31": {
        "Diluted EPS": 34.2,
        "Total Revenue": 240,
        "Gross Profit": 129,
        "Operating Income": 86,
        "EBIT": 132,
        "Net Income": 409
    },
    "2017-09-30": {
        "Diluted EPS": 1.0,
        "Total Revenue": 206,
        "Gross Profit": 138,
        "Operating Income": 60,
        "EBIT": 103,
        "Net Income": 11
    },
    "2017-06-30": {
        "Diluted EPS": 5.0,
        "Total Revenue": 187,
        "Gross Profit": 122,
        "Operating Income": 52,
        "EBIT": 91,
        "Net Income": 61
    },
    "2017-03-31": {
        "Diluted EPS": 5.6,
        "Total Revenue": 189,
        "Gross Profit": 121,
        "Operating Income": 51,
        "EBIT": 87,
        "Net Income": 68
    },
    "2016-12-31": {
        "Diluted EPS": -0.4,
        "Total Revenue": 184,
        "Gross Profit": 124,
        "Operating Income": 45,
        "EBIT": -6,
        "Net Income": -18
    },
    "2016-09-30": {
        "Diluted EPS": 0.8,
        "Total Revenue": 160,
        "Gross Profit": 96,
        "Operating Income": 25,
        "EBIT": 62,
        "Net Income": 9
    },
    "2016-06-30": {
        "Diluted EPS": -6.6,
        "Total Revenue": 147,
        "Gross Profit": 82,
        "Operating Income": 18,
        "EBIT": 53,
        "Net Income": -71
    },
    "2016-03-31": {
        "Diluted EPS": -17.0,
        "Total Revenue": 107,
        "Gross Profit": 46,
        "Operating Income": -177,
        "EBIT": -134,
        "Net Income": -180
    },
    "2015-12-31": {
        "Diluted EPS": -104.14,
        "Total Revenue": 123,
        "Gross Profit": 74,
        "Operating Income": NaN,
        "EBIT": -946,
        "Net Income": -965
    },
    "2015-09-30": {
        "Diluted EPS": -80.2,
        "Total Revenue": 150,
        "Gross Profit": 77,
        "Operating Income": -928,
        "EBIT": -860,
        "Net Income": -848
    },
    "2015-06-30": {
        "Diluted EPS": -37.6,
        "Total Revenue": 182,
        "Gross Profit": 94,
        "Operating Income": -501,
        "EBIT": -428,
        "Net Income": -397
    },
    "2015-03-31": {
        "Diluted EPS": -0.06,
        "Total Revenue": 151,
        "Gross Profit": 73,
        "Operating Income": -28,
        "EBIT": 45,
        "Net Income": 0
    },
    "2014-12-31": {
        "Diluted EPS": 28.03,
        "Total Revenue": 237,
        "Gross Profit": 163,
        "Operating Income": 33,
        "EBIT": 114,
        "Net Income": 201
    },
    "2014-09-30": {
        "Diluted EPS": 11.6,
        "Total Revenue": 200,
        "Gross Profit": 173,
        "Operating Income": 69,
        "EBIT": 134,
        "Net Income": 83
    },
    "2014-06-30": {
        "Diluted EPS": -2.6,
        "Total Revenue": 183,
        "Gross Profit": 161,
        "Operating Income": 65,
        "EBIT": 119,
        "Net Income": -19
    },
    "2014-03-31": {
        "Diluted EPS": -0.03,
        "Total Revenue": 173,
        "Gross Profit": 138,
        "Operating Income": 60,
        "EBIT": 111,
        "Net Income": 0
    },
    "2013-12-31": {
        "Diluted EPS": 10.2,
        "Total Revenue": 153,
        "Gross Profit": 137,
        "Operating Income": 55,
        "EBIT": 104,
        "Net Income": 68
    },
    "2013-09-30": {
        "Diluted EPS": 1.8,
        "Total Revenue": 171,
        "Gross Profit": 150,
        "Operating Income": 57,
        "EBIT": 115,
        "Net Income": 13
    },
    "2013-06-30": {
        "Diluted EPS": 5.4,
        "Total Revenue": 177,
        "Gross Profit": 154,
        "Operating Income": 57,
        "EBIT": 126,
        "Net Income": 36
    },
    "2013-03-31": {
        "Diluted EPS": 0.2,
        "Total Revenue": 164,
        "Gross Profit": 140,
        "Operating Income": 45,
        "EBIT": 111,
        "Net Income": 1
    },
    "2012-12-31": {
        "Diluted EPS": 2.0,
        "Total Revenue": 151,
        "Gross Profit": 130,
        "Operating Income": 38,
        "EBIT": 107,
        "Net Income": 12
    },
    "2012-09-30": {
        "Diluted EPS": -1.2,
        "Total Revenue": 144,
        "Gross Profit": 127,
        "Operating Income": 37,
        "EBIT": 103,
        "Net Income": -7
    },
    "2012-06-30": {
        "Diluted EPS": 4.8,
        "Total Revenue": 140,
        "Gross Profit": 124,
        "Operating Income": 42,
        "EBIT": 104,
        "Net Income": 31
    },
    "2012-03-31": {
        "Diluted EPS": 4.0,
        "Total Revenue": 149,
        "Gross Profit": 133,
        "Operating Income": 55,
        "EBIT": 108,
        "Net Income": 26
    },
    "2011-12-31": {
        "Diluted EPS": 0.2,
        "Total Revenue": 139,
        "Gross Profit": 125,
        "Operating Income": 44,
        "EBIT": 107,
        "Net Income": 2
    },
    "2011-09-30": {
        "Diluted EPS": 0.0,
        "Total Revenue": 132,
        "Gross Profit": 121,
        "Operating Income": 55,
        "EBIT": 95,
        "Net Income": 58
    },
    "2011-06-30": {
        "Diluted EPS": 0.0,
        "Total Revenue": 132,
        "Gross Profit": 121,
        "Operating Income": 58,
        "EBIT": 103,
        "Net Income": 41
    },
    "2011-03-31": {
        "Diluted EPS": 0.0,
        "Total Revenue": 107,
        "Gross Profit": 98,
        "Operating Income": 49,
        "EBIT": 83,
        "Net Income": 5
    },
    "2010-12-31": {
        "Diluted EPS": 0.0,
        "Total Revenue": NaN,
        "Gross Profit": NaN,
        "Operating Income": NaN,
        "EBIT": NaN,
        "Net Income": NaN
    },
    "2009-12-31": {
        "Diluted EPS": 0.0,
        "Total Revenue": NaN,
        "Gross Profit": NaN,
        "Operating Income": NaN,
        "EBIT": NaN,
        "Net Income": NaN
    },
    "2023-06-30": {
        "Tax Effect Of Unusual Items": NaN,
        "Tax Rate For Calcs": NaN,
        "Normalized EBITDA": NaN,
        "Total Unusual Items": NaN,
        "Total Unusual Items Excluding Goodwill": NaN,
        "Net Income From Continuing Operation Net Minority Interest": NaN,
        "Reconciled Depreciation": NaN,
        "Reconciled Cost Of Revenue": NaN,
        "EBITDA": NaN,
        "EBIT": NaN,
        "Net Interest Income": NaN,
        "Interest Expense": NaN,
        "Normalized Income": NaN,
        "Net Income From Continuing And Discontinued Operation": NaN,
        "Total Expenses": NaN,
        "Total Operating Income As Reported": NaN,
        "Diluted Average Shares": NaN,
        "Basic Average Shares": NaN,
        "Diluted EPS": NaN,
        "Basic EPS": NaN,
        "Diluted NI Availto Com Stockholders": NaN,
        "Net Income Common Stockholders": NaN,
        "Preferred Stock Dividends": NaN,
        "Net Income": NaN,
        "Net Income Including Noncontrolling Interests": NaN,
        "Net Income Continuous Operations": NaN,
        "Tax Provision": NaN,
        "Pretax Income": NaN,
        "Other Income Expense": NaN,
        "Other Non Operating Income Expenses": NaN,
        "Special Income Charges": NaN,
        "Gain On Sale Of Ppe": NaN,
        "Other Special Charges": NaN,
        "Restructuring And Mergern Acquisition": 1854000.0,
        "Gain On Sale Of Security": NaN,
        "Net Non Operating Interest Income Expense": NaN,
        "Interest Expense Non Operating": NaN,
        "Operating Income": NaN,
        "Operating Expense": NaN,
        "Other Operating Expenses": NaN,
        "Selling General And Administration": NaN,
        "Selling And Marketing Expense": NaN,
        "General And Administrative Expense": NaN,
        "Other Gand A": NaN,
        "Gross Profit": NaN,
        "Cost Of Revenue": NaN,
        "Total Revenue": NaN,
        "Operating Revenue": NaN
    },
    "2023-09-30": {
        "Tax Effect Of Unusual Items": NaN,
        "Tax Rate For Calcs": NaN,
        "Normalized EBITDA": NaN,
        "Total Unusual Items": NaN,
        "Total Unusual Items Excluding Goodwill": NaN,
        "Net Income From Continuing Operation Net Minority Interest": NaN,
        "Reconciled Depreciation": NaN,
        "Reconciled Cost Of Revenue": NaN,
        "EBITDA": NaN,
        "EBIT": NaN,
        "Net Interest Income": NaN,
        "Interest Expense": NaN,
        "Normalized Income": NaN,
        "Net Income From Continuing And Discontinued Operation": NaN,
        "Total Expenses": NaN,
        "Total Operating Income As Reported": NaN,
        "Diluted Average Shares": NaN,
        "Basic Average Shares": NaN,
        "Diluted EPS": NaN,
        "Basic EPS": NaN,
        "Diluted NI Availto Com Stockholders": NaN,
        "Net Income Common Stockholders": NaN,
        "Preferred Stock Dividends": NaN,
        "Net Income": NaN,
        "Net Income Including Noncontrolling Interests": NaN,
        "Net Income Continuous Operations": NaN,
        "Tax Provision": NaN,
        "Pretax Income": NaN,
        "Other Income Expense": NaN,
        "Other Non Operating Income Expenses": NaN,
        "Special Income Charges": NaN,
        "Gain On Sale Of Ppe": NaN,
        "Other Special Charges": NaN,
        "Write Off": NaN,
        "Restructuring And Mergern Acquisition": 0.0,
        "Gain On Sale Of Security": NaN,
        "Net Non Operating Interest Income Expense": NaN,
        "Interest Expense Non Operating": NaN,
        "Operating Income": NaN,
        "Operating Expense": NaN,
        "Other Operating Expenses": NaN,
        "Selling General And Administration": NaN,
        "Selling And Marketing Expense": NaN,
        "General And Administrative Expense": NaN,
        "Other Gand A": NaN,
        "Gross Profit": NaN,
        "Cost Of Revenue": NaN,
        "Total Revenue": NaN,
        "Operating Revenue": NaN
    },
    "2023-12-31": {
        "Tax Effect Of Unusual Items": NaN,
        "Tax Rate For Calcs": NaN,
        "Normalized EBITDA": NaN,
        "Total Unusual Items": NaN,
        "Total Unusual Items Excluding Goodwill": NaN,
        "Net Income From Continuing Operation Net Minority Interest": NaN,
        "Reconciled Depreciation": NaN,
        "Reconciled Cost Of Revenue": NaN,
        "EBITDA": NaN,
        "EBIT": NaN,
        "Net Interest Income": NaN,
        "Interest Expense": NaN,
        "Normalized Income": NaN,
        "Net Income From Continuing And Discontinued Operation": NaN,
        "Total Expenses": NaN,
        "Total Operating Income As Reported": NaN,
        "Diluted Average Shares": NaN,
        "Basic Average Shares": NaN,
        "Diluted EPS": NaN,
        "Basic EPS": NaN,
        "Diluted NI Availto Com Stockholders": NaN,
        "Net Income Common Stockholders": NaN,
        "Preferred Stock Dividends": NaN,
        "Net Income": NaN,
        "Net Income Including Noncontrolling Interests": NaN,
        "Net Income Continuous Operations": NaN,
        "Tax Provision": NaN,
        "Pretax Income": NaN,
        "Other Income Expense": NaN,
        "Other Non Operating Income Expenses": NaN,
        "Special Income Charges": NaN,
        "Gain On Sale Of Ppe": NaN,
        "Other Special Charges": NaN,
        "Write Off": NaN,
        "Impairment Of Capital Assets": NaN,
        "Restructuring And Mergern Acquisition": -159000.0,
        "Gain On Sale Of Security": NaN,
        "Net Non Operating Interest Income Expense": NaN,
        "Interest Expense Non Operating": NaN,
        "Operating Income": NaN,
        "Operating Expense": NaN,
        "Other Operating Expenses": NaN,
        "Selling General And Administration": NaN,
        "Selling And Marketing Expense": NaN,
        "General And Administrative Expense": NaN,
        "Other Gand A": NaN,
        "Gross Profit": NaN,
        "Cost Of Revenue": NaN,
        "Total Revenue": NaN,
        "Operating Revenue": NaN
    },
    "2024-03-31": {
        "Tax Effect Of Unusual Items": NaN,
        "Tax Rate For Calcs": NaN,
        "Normalized EBITDA": NaN,
        "Total Unusual Items": NaN,
        "Total Unusual Items Excluding Goodwill": NaN,
        "Net Income From Continuing Operation Net Minority Interest": NaN,
        "Reconciled Depreciation": NaN,
        "Reconciled Cost Of Revenue": NaN,
        "EBITDA": NaN,
        "EBIT": NaN,
        "Net Interest Income": NaN,
        "Interest Expense": NaN,
        "Normalized Income": NaN,
        "Net Income From Continuing And Discontinued Operation": NaN,
        "Total Expenses": NaN,
        "Total Operating Income As Reported": NaN,
        "Diluted Average Shares": NaN,
        "Basic Average Shares": NaN,
        "Diluted EPS": NaN,
        "Basic EPS": NaN,
        "Diluted NI Availto Com Stockholders": NaN,
        "Net Income Common Stockholders": NaN,
        "Preferred Stock Dividends": 349000.0,
        "Net Income": NaN,
        "Net Income Including Noncontrolling Interests": NaN,
        "Net Income Continuous Operations": NaN,
        "Tax Provision": NaN,
        "Pretax Income": NaN,
        "Other Income Expense": NaN,
        "Other Non Operating Income Expenses": NaN,
        "Special Income Charges": NaN,
        "Gain On Sale Of Ppe": NaN,
        "Other Special Charges": 25814000.0,
        "Write Off": 0.0,
        "Impairment Of Capital Assets": 0.0,
        "Restructuring And Mergern Acquisition": NaN,
        "Gain On Sale Of Security": NaN,
        "Net Non Operating Interest Income Expense": NaN,
        "Interest Expense Non Operating": NaN,
        "Operating Income": NaN,
        "Operating Expense": NaN,
        "Other Operating Expenses": NaN,
        "Selling General And Administration": NaN,
        "Selling And Marketing Expense": NaN,
        "General And Administrative Expense": NaN,
        "Other Gand A": NaN,
        "Gross Profit": NaN,
        "Cost Of Revenue": NaN,
        "Total Revenue": NaN,
        "Operating Revenue": NaN
    },
    "2024-06-30": {
        "Tax Effect Of Unusual Items": -7204395.215555,
        "Tax Rate For Calcs": 0.220946,
        "Normalized EBITDA": 294706000.0,
        "Total Unusual Items": -32607000.0,
        "Total Unusual Items Excluding Goodwill": -32607000.0,
        "Net Income From Continuing Operation Net Minority Interest": 36702000.0,
        "Reconciled Depreciation": 174298000.0,
        "Reconciled Cost Of Revenue": 320207000.0,
        "EBITDA": 262099000.0,
        "EBIT": 87801000.0,
        "Net Interest Income": -40690000.0,
        "Interest Expense": 40690000.0,
        "Normalized Income": 62104604.784445,
        "Net Income From Continuing And Discontinued Operation": 36702000.0,
        "Total Expenses": 358572000.0,
        "Total Operating Income As Reported": 117835000.0,
        "Diluted Average Shares": 37605000.0,
        "Basic Average Shares": 36381000.0,
        "Diluted EPS": 0.98,
        "Basic EPS": 1.0,
        "Diluted NI Availto Com Stockholders": 36399000.0,
        "Net Income Common Stockholders": 36399000.0,
        "Preferred Stock Dividends": 303000.0,
        "Net Income": 36702000.0,
        "Net Income Including Noncontrolling Interests": 36702000.0,
        "Net Income Continuous Operations": 36702000.0,
        "Tax Provision": 10409000.0,
        "Pretax Income": 47111000.0,
        "Other Income Expense": -29998000.0,
        "Other Non Operating Income Expenses": 2609000.0,
        "Special Income Charges": -42032000.0,
        "Gain On Sale Of Ppe": 36000.0,
        "Other Special Charges": 40301000.0,
        "Write Off": NaN,
        "Impairment Of Capital Assets": 0.0,
        "Restructuring And Mergern Acquisition": 1767000.0,
        "Gain On Sale Of Security": 9425000.0,
        "Net Non Operating Interest Income Expense": -40690000.0,
        "Interest Expense Non Operating": 40690000.0,
        "Operating Income": 117799000.0,
        "Operating Expense": 38365000.0,
        "Other Operating Expenses": 2593000.0,
        "Selling General And Administration": 35772000.0,
        "Selling And Marketing Expense": 12199000.0,
        "General And Administrative Expense": 23573000.0,
        "Other Gand A": 23573000.0,
        "Gross Profit": 156164000.0,
        "Cost Of Revenue": 320207000.0,
        "Total Revenue": 476371000.0,
        "Operating Revenue": 476166000.0
    },
    "2024-09-30": {
        "Tax Effect Of Unusual Items": 49776108.8,
        "Tax Rate For Calcs": 0.2189,
        "Normalized EBITDA": 275414000.0,
        "Total Unusual Items": 227392000.0,
        "Total Unusual Items Excluding Goodwill": 227392000.0,
        "Net Income From Continuing Operation Net Minority Interest": 215300000.0,
        "Reconciled Depreciation": 187063000.0,
        "Reconciled Cost Of Revenue": 335926000.0,
        "EBITDA": 502806000.0,
        "EBIT": 315743000.0,
        "Net Interest Income": -40119000.0,
        "Interest Expense": 40119000.0,
        "Normalized Income": 37684108.8,
        "Net Income From Continuing And Discontinued Operation": 215300000.0,
        "Total Expenses": 372130000.0,
        "Total Operating Income As Reported": 87943000.0,
        "Diluted Average Shares": 37580000.0,
        "Basic Average Shares": 37459000.0,
        "Diluted EPS": 5.73,
        "Basic EPS": 5.75,
        "Diluted NI Availto Com Stockholders": 215300000.0,
        "Net Income Common Stockholders": 215300000.0,
        "Preferred Stock Dividends": NaN,
        "Net Income": 215300000.0,
        "Net Income Including Noncontrolling Interests": 215300000.0,
        "Net Income Continuous Operations": 215300000.0,
        "Tax Provision": 60324000.0,
        "Pretax Income": 275624000.0,
        "Other Income Expense": 228639000.0,
        "Other Non Operating Income Expenses": 1247000.0,
        "Special Income Charges": 839000.0,
        "Gain On Sale Of Ppe": 839000.0,
        "Other Special Charges": NaN,
        "Write Off": NaN,
        "Impairment Of Capital Assets": NaN,
        "Restructuring And Mergern Acquisition": NaN,
        "Gain On Sale Of Security": 226553000.0,
        "Net Non Operating Interest Income Expense": -40119000.0,
        "Interest Expense Non Operating": 40119000.0,
        "Operating Income": 87104000.0,
        "Operating Expense": 36204000.0,
        "Other Operating Expenses": 1754000.0,
        "Selling General And Administration": 34450000.0,
        "Selling And Marketing Expense": 12445000.0,
        "General And Administrative Expense": 22005000.0,
        "Other Gand A": 22005000.0,
        "Gross Profit": 123308000.0,
        "Cost Of Revenue": 335926000.0,
        "Total Revenue": 459234000.0,
        "Operating Revenue": 457737000.0
    },
    "2024-12-31": {
        "Tax Effect Of Unusual Items": -116817218.153018,
        "Tax Rate For Calcs": 0.222291,
        "Normalized EBITDA": 323302000.0,
        "Total Unusual Items": -525516000.0,
        "Total Unusual Items Excluding Goodwill": -525516000.0,
        "Net Income From Continuing Operation Net Minority Interest": -359392000.0,
        "Reconciled Depreciation": 214498000.0,
        "Reconciled Cost Of Revenue": 378101000.0,
        "EBITDA": -202214000.0,
        "EBIT": -416712000.0,
        "Net Interest Income": -53564000.0,
        "Interest Expense": 45404000.0,
        "Normalized Income": 49306781.846982,
        "Net Income From Continuing And Discontinued Operation": -359392000.0,
        "Total Expenses": 418545000.0,
        "Total Operating Income As Reported": -365767000.0,
        "Diluted Average Shares": 37477000.0,
        "Basic Average Shares": 37477000.0,
        "Diluted EPS": -9.59,
        "Basic EPS": -9.59,
        "Diluted NI Availto Com Stockholders": -359392000.0,
        "Net Income Common Stockholders": -359392000.0,
        "Preferred Stock Dividends": 0.0,
        "Net Income": -359392000.0,
        "Net Income Including Noncontrolling Interests": -359392000.0,
        "Net Income Continuous Operations": -359392000.0,
        "Tax Provision": -102724000.0,
        "Pretax Income": -462116000.0,
        "Other Income Expense": -524377000.0,
        "Other Non Operating Income Expenses": 1139000.0,
        "Special Income Charges": -496383000.0,
        "Gain On Sale Of Ppe": 508000.0,
        "Other Special Charges": 0.0,
        "Write Off": NaN,
        "Impairment Of Capital Assets": NaN,
        "Restructuring And Mergern Acquisition": NaN,
        "Gain On Sale Of Security": -29133000.0,
        "Net Non Operating Interest Income Expense": -53564000.0,
        "Interest Expense Non Operating": 45404000.0,
        "Operating Income": 115825000.0,
        "Operating Expense": 40444000.0,
        "Other Operating Expenses": 3434000.0,
        "Selling General And Administration": 37010000.0,
        "Selling And Marketing Expense": 10366000.0,
        "General And Administrative Expense": 26644000.0,
        "Other Gand A": 26644000.0,
        "Gross Profit": 156269000.0,
        "Cost Of Revenue": 378101000.0,
        "Total Revenue": 534370000.0,
        "Operating Revenue": 533028000.0
    },
    "2025-03-31": {
        "Tax Effect Of Unusual Items": -6005692.0,
        "Tax Rate For Calcs": 0.0527,
        "Normalized EBITDA": 334354000.0,
        "Total Unusual Items": -113960000.0,
        "Total Unusual Items Excluding Goodwill": -113960000.0,
        "Net Income From Continuing Operation Net Minority Interest": -18837000.0,
        "Reconciled Depreciation": 189900000.0,
        "Reconciled Cost Of Revenue": 333366000.0,
        "EBITDA": 220394000.0,
        "EBIT": 30494000.0,
        "Net Interest Income": -50380000.0,
        "Interest Expense": 50380000.0,
        "Normalized Income": 89117308.0,
        "Net Income From Continuing And Discontinued Operation": -18837000.0,
        "Total Expenses": 368079000.0,
        "Total Operating Income As Reported": -14030000.0,
        "Diluted Average Shares": 37577000.0,
        "Basic Average Shares": 37577000.0,
        "Diluted EPS": -0.5,
        "Basic EPS": -0.5,
        "Diluted NI Availto Com Stockholders": -18837000.0,
        "Net Income Common Stockholders": -18837000.0,
        "Preferred Stock Dividends": NaN,
        "Net Income": -18837000.0,
        "Net Income Including Noncontrolling Interests": -18837000.0,
        "Net Income Continuous Operations": -18837000.0,
        "Tax Provision": -1049000.0,
        "Pretax Income": -19886000.0,
        "Other Income Expense": -113607000.0,
        "Other Non Operating Income Expenses": 353000.0,
        "Special Income Charges": -158131000.0,
        "Gain On Sale Of Ppe": 110000.0,
        "Other Special Charges": NaN,
        "Write Off": 158241000.0,
        "Impairment Of Capital Assets": 158241000.0,
        "Restructuring And Mergern Acquisition": NaN,
        "Gain On Sale Of Security": 44171000.0,
        "Net Non Operating Interest Income Expense": -50380000.0,
        "Interest Expense Non Operating": 50380000.0,
        "Operating Income": 144101000.0,
        "Operating Expense": 34713000.0,
        "Other Operating Expenses": 1913000.0,
        "Selling General And Administration": 32800000.0,
        "Selling And Marketing Expense": 10120000.0,
        "General And Administrative Expense": 22680000.0,
        "Other Gand A": 22680000.0,
        "Gross Profit": 178814000.0,
        "Cost Of Revenue": 333366000.0,
        "Total Revenue": 512180000.0,
        "Operating Revenue": 511409000.0
    },
    "2025-06-30": {
        "Tax Effect Of Unusual Items": -75899250.0,
        "Tax Rate For Calcs": 0.21,
        "Normalized EBITDA": 254301000.0,
        "Total Unusual Items": -361425000.0,
        "Total Unusual Items Excluding Goodwill": -361425000.0,
        "Net Income From Continuing Operation Net Minority Interest": -582572000.0,
        "Reconciled Depreciation": 186424000.0,
        "Reconciled Cost Of Revenue": 325910000.0,
        "EBITDA": -107124000.0,
        "EBIT": -293548000.0,
        "Net Interest Income": -49854000.0,
        "Interest Expense": 49854000.0,
        "Normalized Income": -297046250.0,
        "Net Income From Continuing And Discontinued Operation": -582572000.0,
        "Total Expenses": 362613000.0,
        "Total Operating Income As Reported": -363404000.0,
        "Diluted Average Shares": 37761000.0,
        "Basic Average Shares": 37761000.0,
        "Diluted EPS": -15.43,
        "Basic EPS": -15.43,
        "Diluted NI Availto Com Stockholders": -582572000.0,
        "Net Income Common Stockholders": -582572000.0,
        "Preferred Stock Dividends": NaN,
        "Net Income": -582572000.0,
        "Net Income Including Noncontrolling Interests": -582572000.0,
        "Net Income Continuous Operations": -582572000.0,
        "Tax Provision": 239170000.0,
        "Pretax Income": -343402000.0,
        "Other Income Expense": -360562000.0,
        "Other Non Operating Income Expenses": 863000.0,
        "Special Income Charges": -412996000.0,
        "Gain On Sale Of Ppe": 1255000.0,
        "Other Special Charges": NaN,
        "Write Off": NaN,
        "Impairment Of Capital Assets": 427046000.0,
        "Restructuring And Mergern Acquisition": -12795000.0,
        "Gain On Sale Of Security": 51571000.0,
        "Net Non Operating Interest Income Expense": -49854000.0,
        "Interest Expense Non Operating": 49854000.0,
        "Operating Income": 67014000.0,
        "Operating Expense": 36703000.0,
        "Other Operating Expenses": 2263000.0,
        "Selling General And Administration": 34440000.0,
        "Selling And Marketing Expense": 10649000.0,
        "General And Administrative Expense": 23791000.0,
        "Other Gand A": 23791000.0,
        "Gross Profit": 103717000.0,
        "Cost Of Revenue": 325910000.0,
        "Total Revenue": 429627000.0,
        "Operating Revenue": 427282000.0
    }
}