{
    "2023-03-31": {
        "Tax Effect Of Unusual Items": 0.0,
        "Tax Rate For Calcs": 0.0,
        "Normalized EBITDA": -42418000.0,
        "Net Income From Continuing Operation Net Minority Interest": -38931000.0,
        "Reconciled Depreciation": 134000.0,
        "EBITDA": -42418000.0,
        "EBIT": -42552000.0,
        "Net Interest Income": 3622000.0,
        "Interest Expense": NaN,
        "Interest Income": 3622000.0,
        "Normalized Income": -38931000.0,
        "Net Income From Continuing And Discontinued Operation": -38931000.0,
        "Total Expenses": 42552000.0,
        "Total Operating Income As Reported": -42552000.0,
        "Diluted Average Shares": 57638923.0,
        "Basic Average Shares": 57638923.0,
        "Diluted EPS": -0.68,
        "Basic EPS": -0.68,
        "Diluted NI Availto Com Stockholders": -38931000.0,
        "Net Income Common Stockholders": -38931000.0,
        "Net Income": -38931000.0,
        "Net Income Including Noncontrolling Interests": -38931000.0,
        "Net Income Continuous Operations": -38931000.0,
        "Pretax Income": -38931000.0,
        "Other Income Expense": -1000.0,
        "Other Non Operating Income Expenses": -1000.0,
        "Net Non Operating Interest Income Expense": 3622000.0,
        "Interest Expense Non Operating": NaN,
        "Interest Income Non Operating": 3622000.0,
        "Operating Income": -42552000.0,
        "Operating Expense": 42552000.0,
        "Research And Development": 35437000.0,
        "Selling General And Administration": 7115000.0,
        "General And Administrative Expense": 7115000.0,
        "Other Gand A": 7115000.0,
        "Total Revenue": 0.0,
        "Operating Revenue": 0.0
    },
    "2022-12-31": {
        "Tax Effect Of Unusual Items": NaN,
        "Tax Rate For Calcs": NaN,
        "Normalized EBITDA": NaN,
        "Net Income From Continuing Operation Net Minority Interest": NaN,
        "Reconciled Depreciation": NaN,
        "EBITDA": NaN,
        "EBIT": NaN,
        "Net Interest Income": NaN,
        "Interest Expense": 0.0,
        "Interest Income": NaN,
        "Normalized Income": NaN,
        "Net Income From Continuing And Discontinued Operation": NaN,
        "Total Expenses": NaN,
        "Total Operating Income As Reported": NaN,
        "Diluted Average Shares": NaN,
        "Basic Average Shares": NaN,
        "Diluted EPS": NaN,
        "Basic EPS": NaN,
        "Diluted NI Availto Com Stockholders": NaN,
        "Net Income Common Stockholders": NaN,
        "Net Income": NaN,
        "Net Income Including Noncontrolling Interests": NaN,
        "Net Income Continuous Operations": NaN,
        "Pretax Income": NaN,
        "Other Income Expense": NaN,
        "Other Non Operating Income Expenses": NaN,
        "Net Non Operating Interest Income Expense": NaN,
        "Interest Expense Non Operating": 0.0,
        "Interest Income Non Operating": NaN,
        "Operating Income": NaN,
        "Operating Expense": NaN,
        "Research And Development": NaN,
        "Selling General And Administration": NaN,
        "General And Administrative Expense": NaN,
        "Other Gand A": NaN,
        "Total Revenue": NaN,
        "Operating Revenue": NaN
    },
    "2022-09-30": {
        "Tax Effect Of Unusual Items": NaN,
        "Tax Rate For Calcs": NaN,
        "Normalized EBITDA": NaN,
        "Net Income From Continuing Operation Net Minority Interest": NaN,
        "Reconciled Depreciation": NaN,
        "EBITDA": NaN,
        "EBIT": NaN,
        "Net Interest Income": NaN,
        "Interest Expense": 0.0,
        "Interest Income": NaN,
        "Normalized Income": NaN,
        "Net Income From Continuing And Discontinued Operation": NaN,
        "Total Expenses": NaN,
        "Total Operating Income As Reported": NaN,
        "Diluted Average Shares": NaN,
        "Basic Average Shares": NaN,
        "Diluted EPS": NaN,
        "Basic EPS": NaN,
        "Diluted NI Availto Com Stockholders": NaN,
        "Net Income Common Stockholders": NaN,
        "Net Income": NaN,
        "Net Income Including Noncontrolling Interests": NaN,
        "Net Income Continuous Operations": NaN,
        "Pretax Income": NaN,
        "Other Income Expense": NaN,
        "Other Non Operating Income Expenses": NaN,
        "Net Non Operating Interest Income Expense": NaN,
        "Interest Expense Non Operating": 0.0,
        "Interest Income Non Operating": NaN,
        "Operating Income": NaN,
        "Operating Expense": NaN,
        "Research And Development": NaN,
        "Selling General And Administration": NaN,
        "General And Administrative Expense": NaN,
        "Other Gand A": NaN,
        "Total Revenue": NaN,
        "Operating Revenue": NaN
    },
    "2022-06-30": {
        "Tax Effect Of Unusual Items": 0.0,
        "Tax Rate For Calcs": 0.0,
        "Normalized EBITDA": -19915000.0,
        "Net Income From Continuing Operation Net Minority Interest": -20018000.0,
        "Reconciled Depreciation": 103000.0,
        "EBITDA": -19915000.0,
        "EBIT": -20018000.0,
        "Net Interest Income": 0.0,
        "Interest Expense": 0.0,
        "Interest Income": NaN,
        "Normalized Income": -20018000.0,
        "Net Income From Continuing And Discontinued Operation": -20018000.0,
        "Total Expenses": 20398000.0,
        "Total Operating Income As Reported": -20398000.0,
        "Diluted Average Shares": 50848391.0,
        "Basic Average Shares": 50848391.0,
        "Diluted EPS": -0.39,
        "Basic EPS": -0.39,
        "Diluted NI Availto Com Stockholders": -20018000.0,
        "Net Income Common Stockholders": -20018000.0,
        "Net Income": -20018000.0,
        "Net Income Including Noncontrolling Interests": -20018000.0,
        "Net Income Continuous Operations": -20018000.0,
        "Pretax Income": -20018000.0,
        "Other Income Expense": 380000.0,
        "Other Non Operating Income Expenses": 380000.0,
        "Net Non Operating Interest Income Expense": 0.0,
        "Interest Expense Non Operating": 0.0,
        "Interest Income Non Operating": NaN,
        "Operating Income": -20398000.0,
        "Operating Expense": 20398000.0,
        "Research And Development": 14676000.0,
        "Selling General And Administration": 5722000.0,
        "General And Administrative Expense": 5722000.0,
        "Other Gand A": 5722000.0,
        "Total Revenue": 0.0,
        "Operating Revenue": 0.0
    },
    "2022-03-31": {
        "Diluted EPS": -0.45,
        "Total Revenue": NaN,
        "Gross Profit": NaN,
        "Operating Income": -23,
        "EBIT": -23,
        "Net Income": -23
    },
    "2021-12-31": {
        "Diluted EPS": 16.05,
        "Total Revenue": NaN,
        "Gross Profit": NaN,
        "Operating Income": -18,
        "EBIT": -18,
        "Net Income": -18
    },
    "2021-09-30": {
        "Diluted EPS": -3.17,
        "Total Revenue": NaN,
        "Gross Profit": NaN,
        "Operating Income": -13,
        "EBIT": -13,
        "Net Income": -13
    },
    "2021-06-30": {
        "Diluted EPS": -4.31,
        "Total Revenue": NaN,
        "Gross Profit": NaN,
        "Operating Income": -11,
        "EBIT": -11,
        "Net Income": -16
    },
    "2021-03-31": {
        "Diluted EPS": -15.22,
        "Total Revenue": NaN,
        "Gross Profit": NaN,
        "Operating Income": -25,
        "EBIT": -25,
        "Net Income": -39
    },
    "2020-12-31": {
        "Diluted EPS": 0.0,
        "Total Revenue": NaN,
        "Gross Profit": NaN,
        "Operating Income": NaN,
        "EBIT": NaN,
        "Net Income": NaN
    },
    "2020-09-30": {
        "Diluted EPS": -3.58,
        "Total Revenue": NaN,
        "Gross Profit": NaN,
        "Operating Income": -2,
        "EBIT": -2,
        "Net Income": -7
    },
    "2023-06-30": {
        "Tax Effect Of Unusual Items": 0.0,
        "Tax Rate For Calcs": 0.0,
        "Normalized EBITDA": -57006000.0,
        "Net Income From Continuing Operation Net Minority Interest": -53251000.0,
        "Reconciled Depreciation": 139000.0,
        "EBITDA": -57006000.0,
        "EBIT": -57145000.0,
        "Net Interest Income": 3899000.0,
        "Interest Income": 3899000.0,
        "Normalized Income": -53251000.0,
        "Net Income From Continuing And Discontinued Operation": -53251000.0,
        "Total Expenses": 57145000.0,
        "Total Operating Income As Reported": -57145000.0,
        "Diluted Average Shares": 58556529.0,
        "Basic Average Shares": 58556529.0,
        "Diluted EPS": -0.91,
        "Basic EPS": -0.91,
        "Diluted NI Availto Com Stockholders": -53251000.0,
        "Net Income Common Stockholders": -53251000.0,
        "Net Income": -53251000.0,
        "Net Income Including Noncontrolling Interests": -53251000.0,
        "Net Income Continuous Operations": -53251000.0,
        "Pretax Income": -53251000.0,
        "Other Income Expense": -5000.0,
        "Other Non Operating Income Expenses": -5000.0,
        "Net Non Operating Interest Income Expense": 3899000.0,
        "Interest Income Non Operating": 3899000.0,
        "Operating Income": -57145000.0,
        "Operating Expense": 57145000.0,
        "Research And Development": 48560000.0,
        "Selling General And Administration": 8585000.0,
        "General And Administrative Expense": 8585000.0,
        "Other Gand A": 8585000.0,
        "Total Revenue": 0.0,
        "Operating Revenue": 0.0
    },
    "2023-09-30": {
        "Tax Effect Of Unusual Items": NaN,
        "Tax Rate For Calcs": NaN,
        "Normalized EBITDA": NaN,
        "Net Income From Continuing Operation Net Minority Interest": NaN,
        "Reconciled Depreciation": NaN,
        "EBITDA": NaN,
        "EBIT": NaN,
        "Net Interest Income": NaN,
        "Interest Income": NaN,
        "Normalized Income": NaN,
        "Net Income From Continuing And Discontinued Operation": NaN,
        "Total Expenses": NaN,
        "Total Operating Income As Reported": NaN,
        "Diluted Average Shares": 58880427.0,
        "Basic Average Shares": 58880427.0,
        "Diluted EPS": -0.92,
        "Basic EPS": -0.92,
        "Diluted NI Availto Com Stockholders": NaN,
        "Net Income Common Stockholders": NaN,
        "Net Income": NaN,
        "Net Income Including Noncontrolling Interests": NaN,
        "Net Income Continuous Operations": NaN,
        "Pretax Income": NaN,
        "Other Income Expense": NaN,
        "Other Non Operating Income Expenses": NaN,
        "Net Non Operating Interest Income Expense": NaN,
        "Interest Income Non Operating": NaN,
        "Operating Income": NaN,
        "Operating Expense": NaN,
        "Research And Development": NaN,
        "Selling General And Administration": NaN,
        "General And Administrative Expense": NaN,
        "Other Gand A": NaN,
        "Total Revenue": NaN,
        "Operating Revenue": NaN
    },
    "2023-12-31": {
        "Tax Effect Of Unusual Items": 0.0,
        "Tax Rate For Calcs": 0.0,
        "Normalized EBITDA": -49943000.0,
        "Net Income From Continuing Operation Net Minority Interest": -46753000.0,
        "Reconciled Depreciation": 403000.0,
        "EBITDA": -49943000.0,
        "EBIT": -50346000.0,
        "Net Interest Income": 3621000.0,
        "Interest Income": 3621000.0,
        "Normalized Income": -46753000.0,
        "Net Income From Continuing And Discontinued Operation": -46753000.0,
        "Total Expenses": 50346000.0,
        "Total Operating Income As Reported": -50346000.0,
        "Diluted Average Shares": 59076498.0,
        "Basic Average Shares": 59076498.0,
        "Diluted EPS": -0.79,
        "Basic EPS": -0.79,
        "Diluted NI Availto Com Stockholders": -46753000.0,
        "Net Income Common Stockholders": -46753000.0,
        "Net Income": -46753000.0,
        "Net Income Including Noncontrolling Interests": -46753000.0,
        "Net Income Continuous Operations": -46753000.0,
        "Pretax Income": -46753000.0,
        "Other Income Expense": -28000.0,
        "Other Non Operating Income Expenses": -28000.0,
        "Net Non Operating Interest Income Expense": 3621000.0,
        "Interest Income Non Operating": 3621000.0,
        "Operating Income": -50346000.0,
        "Operating Expense": 50346000.0,
        "Research And Development": 42020000.0,
        "Selling General And Administration": 8326000.0,
        "General And Administrative Expense": 8326000.0,
        "Other Gand A": 8326000.0,
        "Total Revenue": 0.0,
        "Operating Revenue": 0.0
    },
    "2024-03-31": {
        "Tax Effect Of Unusual Items": 0.0,
        "Tax Rate For Calcs": 0.0,
        "Normalized EBITDA": -41360000.0,
        "Net Income From Continuing Operation Net Minority Interest": -38572000.0,
        "Reconciled Depreciation": 408000.0,
        "EBITDA": -41360000.0,
        "EBIT": -41768000.0,
        "Net Interest Income": 3227000.0,
        "Interest Income": 3227000.0,
        "Normalized Income": -38572000.0,
        "Net Income From Continuing And Discontinued Operation": -38572000.0,
        "Total Expenses": 41768000.0,
        "Total Operating Income As Reported": -41768000.0,
        "Diluted Average Shares": 61829976.0,
        "Basic Average Shares": 61829976.0,
        "Diluted EPS": -0.62,
        "Basic EPS": -0.62,
        "Diluted NI Availto Com Stockholders": -38572000.0,
        "Net Income Common Stockholders": -38572000.0,
        "Net Income": -38572000.0,
        "Net Income Including Noncontrolling Interests": -38572000.0,
        "Net Income Continuous Operations": -38572000.0,
        "Pretax Income": -38572000.0,
        "Other Income Expense": -31000.0,
        "Other Non Operating Income Expenses": -31000.0,
        "Net Non Operating Interest Income Expense": 3227000.0,
        "Interest Income Non Operating": 3227000.0,
        "Operating Income": -41768000.0,
        "Operating Expense": 41768000.0,
        "Research And Development": 33747000.0,
        "Selling General And Administration": 8021000.0,
        "General And Administrative Expense": 8021000.0,
        "Other Gand A": 8021000.0,
        "Total Revenue": 0.0,
        "Operating Revenue": 0.0
    },
    "2024-06-30": {
        "Tax Effect Of Unusual Items": 0.0,
        "Tax Rate For Calcs": 0.0,
        "Normalized EBITDA": -35396000.0,
        "Net Income From Continuing Operation Net Minority Interest": -31950000.0,
        "Reconciled Depreciation": 316000.0,
        "EBITDA": -35396000.0,
        "EBIT": -35712000.0,
        "Net Interest Income": 3783000.0,
        "Interest Income": 3783000.0,
        "Normalized Income": -31950000.0,
        "Net Income From Continuing And Discontinued Operation": -31950000.0,
        "Total Expenses": 35712000.0,
        "Total Operating Income As Reported": -35712000.0,
        "Diluted Average Shares": 70554718.0,
        "Basic Average Shares": 70554718.0,
        "Diluted EPS": -0.45,
        "Basic EPS": -0.45,
        "Diluted NI Availto Com Stockholders": -31950000.0,
        "Net Income Common Stockholders": -31950000.0,
        "Net Income": -31950000.0,
        "Net Income Including Noncontrolling Interests": -31950000.0,
        "Net Income Continuous Operations": -31950000.0,
        "Pretax Income": -31950000.0,
        "Other Income Expense": -21000.0,
        "Other Non Operating Income Expenses": -21000.0,
        "Net Non Operating Interest Income Expense": 3783000.0,
        "Interest Income Non Operating": 3783000.0,
        "Operating Income": -35712000.0,
        "Operating Expense": 35712000.0,
        "Research And Development": 27805000.0,
        "Selling General And Administration": 7907000.0,
        "General And Administrative Expense": 7907000.0,
        "Other Gand A": 7907000.0,
        "Total Revenue": 0.0,
        "Operating Revenue": 0.0
    },
    "2024-09-30": {
        "Tax Effect Of Unusual Items": 0.0,
        "Tax Rate For Calcs": 0.0,
        "Normalized EBITDA": -38243000.0,
        "Net Income From Continuing Operation Net Minority Interest": -35249000.0,
        "Reconciled Depreciation": 309000.0,
        "EBITDA": -38243000.0,
        "EBIT": -38552000.0,
        "Net Interest Income": 3350000.0,
        "Interest Income": 3350000.0,
        "Normalized Income": -35249000.0,
        "Net Income From Continuing And Discontinued Operation": -35249000.0,
        "Total Expenses": 38552000.0,
        "Total Operating Income As Reported": -38552000.0,
        "Diluted Average Shares": 70667570.0,
        "Basic Average Shares": 70667570.0,
        "Diluted EPS": -0.5,
        "Basic EPS": -0.5,
        "Diluted NI Availto Com Stockholders": -35249000.0,
        "Net Income Common Stockholders": -35249000.0,
        "Net Income": -35249000.0,
        "Net Income Including Noncontrolling Interests": -35249000.0,
        "Net Income Continuous Operations": -35249000.0,
        "Pretax Income": -35249000.0,
        "Other Income Expense": -47000.0,
        "Other Non Operating Income Expenses": -47000.0,
        "Net Non Operating Interest Income Expense": 3350000.0,
        "Interest Income Non Operating": 3350000.0,
        "Operating Income": -38552000.0,
        "Operating Expense": 38552000.0,
        "Research And Development": 30629000.0,
        "Selling General And Administration": 7923000.0,
        "General And Administrative Expense": 7923000.0,
        "Other Gand A": 7923000.0,
        "Total Revenue": 0.0,
        "Operating Revenue": 0.0
    },
    "2024-12-31": {
        "Tax Effect Of Unusual Items": 0.0,
        "Tax Rate For Calcs": 0.0,
        "Normalized EBITDA": -32103000.0,
        "Net Income From Continuing Operation Net Minority Interest": -29351000.0,
        "Reconciled Depreciation": 315000.0,
        "EBITDA": -32103000.0,
        "EBIT": -32418000.0,
        "Net Interest Income": 3056000.0,
        "Interest Income": 3056000.0,
        "Normalized Income": -29351000.0,
        "Net Income From Continuing And Discontinued Operation": -29351000.0,
        "Total Expenses": 32418000.0,
        "Total Operating Income As Reported": -32418000.0,
        "Diluted Average Shares": 70810758.0,
        "Basic Average Shares": 70810758.0,
        "Diluted EPS": -0.41,
        "Basic EPS": -0.41,
        "Diluted NI Availto Com Stockholders": -29351000.0,
        "Net Income Common Stockholders": -29351000.0,
        "Net Income": -29351000.0,
        "Net Income Including Noncontrolling Interests": -29351000.0,
        "Net Income Continuous Operations": -29351000.0,
        "Pretax Income": -29351000.0,
        "Other Income Expense": 11000.0,
        "Other Non Operating Income Expenses": 11000.0,
        "Net Non Operating Interest Income Expense": 3056000.0,
        "Interest Income Non Operating": 3056000.0,
        "Operating Income": -32418000.0,
        "Operating Expense": 32418000.0,
        "Research And Development": 24821000.0,
        "Selling General And Administration": 7597000.0,
        "General And Administrative Expense": 7597000.0,
        "Other Gand A": 7597000.0,
        "Total Revenue": 0.0,
        "Operating Revenue": 0.0
    },
    "2025-03-31": {
        "Tax Effect Of Unusual Items": 0.0,
        "Tax Rate For Calcs": 0.0,
        "Normalized EBITDA": -29741000.0,
        "Net Income From Continuing Operation Net Minority Interest": -27440000.0,
        "Reconciled Depreciation": 356000.0,
        "EBITDA": -29741000.0,
        "EBIT": -30097000.0,
        "Net Interest Income": 2666000.0,
        "Interest Income": 2666000.0,
        "Normalized Income": -27440000.0,
        "Net Income From Continuing And Discontinued Operation": -27440000.0,
        "Total Expenses": 30097000.0,
        "Total Operating Income As Reported": -30097000.0,
        "Diluted Average Shares": 71131439.0,
        "Basic Average Shares": 71131439.0,
        "Diluted EPS": -0.39,
        "Basic EPS": -0.39,
        "Diluted NI Availto Com Stockholders": -27440000.0,
        "Net Income Common Stockholders": -27440000.0,
        "Net Income": -27440000.0,
        "Net Income Including Noncontrolling Interests": -27440000.0,
        "Net Income Continuous Operations": -27440000.0,
        "Pretax Income": -27440000.0,
        "Other Income Expense": -9000.0,
        "Other Non Operating Income Expenses": -9000.0,
        "Net Non Operating Interest Income Expense": 2666000.0,
        "Interest Income Non Operating": 2666000.0,
        "Operating Income": -30097000.0,
        "Operating Expense": 30097000.0,
        "Research And Development": 22898000.0,
        "Selling General And Administration": 7199000.0,
        "General And Administrative Expense": 7199000.0,
        "Other Gand A": 7199000.0,
        "Total Revenue": 0.0,
        "Operating Revenue": 0.0
    }
}