{
    "2023-03-31": {
        "Tax Effect Of Unusual Items": NaN,
        "Tax Rate For Calcs": NaN,
        "Normalized EBITDA": NaN,
        "Total Unusual Items": NaN,
        "Total Unusual Items Excluding Goodwill": NaN,
        "Net Income From Continuing Operation Net Minority Interest": NaN,
        "Reconciled Depreciation": NaN,
        "Reconciled Cost Of Revenue": NaN,
        "EBITDA": NaN,
        "EBIT": NaN,
        "Net Interest Income": NaN,
        "Interest Expense": NaN,
        "Normalized Income": NaN,
        "Net Income From Continuing And Discontinued Operation": NaN,
        "Total Expenses": NaN,
        "Diluted Average Shares": NaN,
        "Basic Average Shares": NaN,
        "Diluted EPS": NaN,
        "Basic EPS": NaN,
        "Diluted NI Availto Com Stockholders": NaN,
        "Average Dilution Earnings": NaN,
        "Net Income Common Stockholders": NaN,
        "Otherunder Preferred Stock Dividend": NaN,
        "Preferred Stock Dividends": NaN,
        "Net Income": NaN,
        "Minority Interests": NaN,
        "Net Income Including Noncontrolling Interests": NaN,
        "Net Income Discontinuous Operations": NaN,
        "Net Income Continuous Operations": NaN,
        "Tax Provision": NaN,
        "Pretax Income": NaN,
        "Other Income Expense": NaN,
        "Other Non Operating Income Expenses": NaN,
        "Special Income Charges": NaN,
        "Write Off": 0.0,
        "Restructuring And Mergern Acquisition": NaN,
        "Net Non Operating Interest Income Expense": NaN,
        "Total Other Finance Cost": 12249000.0,
        "Interest Expense Non Operating": NaN,
        "Operating Income": NaN,
        "Operating Expense": NaN,
        "Other Operating Expenses": NaN,
        "Selling General And Administration": 3165000.0,
        "General And Administrative Expense": 3165000.0,
        "Other Gand A": 3165000.0,
        "Gross Profit": NaN,
        "Cost Of Revenue": NaN,
        "Total Revenue": NaN,
        "Operating Revenue": NaN
    },
    "2022-12-31": {
        "Tax Effect Of Unusual Items": NaN,
        "Tax Rate For Calcs": NaN,
        "Normalized EBITDA": NaN,
        "Total Unusual Items": NaN,
        "Total Unusual Items Excluding Goodwill": NaN,
        "Net Income From Continuing Operation Net Minority Interest": NaN,
        "Reconciled Depreciation": NaN,
        "Reconciled Cost Of Revenue": NaN,
        "EBITDA": NaN,
        "EBIT": NaN,
        "Net Interest Income": NaN,
        "Interest Expense": NaN,
        "Normalized Income": NaN,
        "Net Income From Continuing And Discontinued Operation": NaN,
        "Total Expenses": NaN,
        "Diluted Average Shares": NaN,
        "Basic Average Shares": NaN,
        "Diluted EPS": NaN,
        "Basic EPS": NaN,
        "Diluted NI Availto Com Stockholders": NaN,
        "Average Dilution Earnings": NaN,
        "Net Income Common Stockholders": NaN,
        "Otherunder Preferred Stock Dividend": NaN,
        "Preferred Stock Dividends": NaN,
        "Net Income": NaN,
        "Minority Interests": NaN,
        "Net Income Including Noncontrolling Interests": NaN,
        "Net Income Discontinuous Operations": NaN,
        "Net Income Continuous Operations": NaN,
        "Tax Provision": NaN,
        "Pretax Income": NaN,
        "Other Income Expense": NaN,
        "Other Non Operating Income Expenses": NaN,
        "Special Income Charges": NaN,
        "Write Off": 0.0,
        "Restructuring And Mergern Acquisition": NaN,
        "Net Non Operating Interest Income Expense": NaN,
        "Total Other Finance Cost": NaN,
        "Interest Expense Non Operating": NaN,
        "Operating Income": NaN,
        "Operating Expense": 3537000.0,
        "Other Operating Expenses": 3537000.0,
        "Selling General And Administration": 3537000.0,
        "General And Administrative Expense": 3537000.0,
        "Other Gand A": 3537000.0,
        "Gross Profit": NaN,
        "Cost Of Revenue": NaN,
        "Total Revenue": NaN,
        "Operating Revenue": NaN
    },
    "2022-09-30": {
        "Tax Effect Of Unusual Items": NaN,
        "Tax Rate For Calcs": NaN,
        "Normalized EBITDA": NaN,
        "Total Unusual Items": NaN,
        "Total Unusual Items Excluding Goodwill": NaN,
        "Net Income From Continuing Operation Net Minority Interest": NaN,
        "Reconciled Depreciation": NaN,
        "Reconciled Cost Of Revenue": NaN,
        "EBITDA": NaN,
        "EBIT": NaN,
        "Net Interest Income": NaN,
        "Interest Expense": NaN,
        "Normalized Income": NaN,
        "Net Income From Continuing And Discontinued Operation": NaN,
        "Total Expenses": NaN,
        "Diluted Average Shares": NaN,
        "Basic Average Shares": NaN,
        "Diluted EPS": NaN,
        "Basic EPS": NaN,
        "Diluted NI Availto Com Stockholders": NaN,
        "Average Dilution Earnings": NaN,
        "Net Income Common Stockholders": NaN,
        "Otherunder Preferred Stock Dividend": NaN,
        "Preferred Stock Dividends": NaN,
        "Net Income": NaN,
        "Minority Interests": NaN,
        "Net Income Including Noncontrolling Interests": NaN,
        "Net Income Discontinuous Operations": NaN,
        "Net Income Continuous Operations": NaN,
        "Tax Provision": NaN,
        "Pretax Income": NaN,
        "Other Income Expense": NaN,
        "Other Non Operating Income Expenses": NaN,
        "Special Income Charges": NaN,
        "Write Off": NaN,
        "Restructuring And Mergern Acquisition": NaN,
        "Net Non Operating Interest Income Expense": NaN,
        "Total Other Finance Cost": NaN,
        "Interest Expense Non Operating": NaN,
        "Operating Income": NaN,
        "Operating Expense": 3768000.0,
        "Other Operating Expenses": 3768000.0,
        "Selling General And Administration": 3768000.0,
        "General And Administrative Expense": 3768000.0,
        "Other Gand A": 3768000.0,
        "Gross Profit": NaN,
        "Cost Of Revenue": NaN,
        "Total Revenue": NaN,
        "Operating Revenue": NaN
    },
    "2022-06-30": {
        "Tax Effect Of Unusual Items": -203918.0,
        "Tax Rate For Calcs": 0.143,
        "Normalized EBITDA": 45863000.0,
        "Total Unusual Items": -1426000.0,
        "Total Unusual Items Excluding Goodwill": -1426000.0,
        "Net Income From Continuing Operation Net Minority Interest": 19787000.0,
        "Reconciled Depreciation": 13207000.0,
        "Reconciled Cost Of Revenue": 282495000.0,
        "EBITDA": 44437000.0,
        "EBIT": 31230000.0,
        "Net Interest Income": -7761000.0,
        "Interest Expense": 7761000.0,
        "Normalized Income": 21009082.0,
        "Net Income From Continuing And Discontinued Operation": 19839000.0,
        "Total Expenses": 285935000.0,
        "Total Operating Income As Reported": NaN,
        "Diluted Average Shares": 20731000.0,
        "Basic Average Shares": 20571000.0,
        "Diluted EPS": 0.64,
        "Basic EPS": 0.64,
        "Diluted NI Availto Com Stockholders": 13209000.0,
        "Average Dilution Earnings": 25000.0,
        "Net Income Common Stockholders": 13184000.0,
        "Otherunder Preferred Stock Dividend": 4705000.0,
        "Preferred Stock Dividends": 1950000.0,
        "Net Income": 19839000.0,
        "Minority Interests": -323000.0,
        "Net Income Including Noncontrolling Interests": 20162000.0,
        "Net Income Discontinuous Operations": 52000.0,
        "Net Income Continuous Operations": 20110000.0,
        "Tax Provision": 3359000.0,
        "Pretax Income": 23469000.0,
        "Other Income Expense": -2038000.0,
        "Other Non Operating Income Expenses": -612000.0,
        "Special Income Charges": -1426000.0,
        "Gain On Sale Of Ppe": NaN,
        "Write Off": 0.0,
        "Impairment Of Capital Assets": 0.0,
        "Restructuring And Mergern Acquisition": 1426000.0,
        "Net Non Operating Interest Income Expense": -7761000.0,
        "Total Other Finance Cost": NaN,
        "Interest Expense Non Operating": 7761000.0,
        "Operating Income": 33268000.0,
        "Operating Expense": 3440000.0,
        "Other Operating Expenses": NaN,
        "Selling General And Administration": 3440000.0,
        "General And Administrative Expense": 3440000.0,
        "Other Gand A": 3440000.0,
        "Gross Profit": 36708000.0,
        "Cost Of Revenue": 282495000.0,
        "Total Revenue": 319203000.0,
        "Operating Revenue": 319203000.0
    },
    "2022-03-31": {
        "Diluted EPS": -1.53,
        "Total Revenue": 177,
        "Gross Profit": -23,
        "Operating Income": -33,
        "EBIT": -14,
        "Net Income": -29
    },
    "2021-12-31": {
        "Diluted EPS": -1.08,
        "Total Revenue": 184,
        "Gross Profit": -14,
        "Operating Income": -26,
        "EBIT": -4,
        "Net Income": -32
    },
    "2021-09-30": {
        "Diluted EPS": 0.46,
        "Total Revenue": 234,
        "Gross Profit": 40,
        "Operating Income": 25,
        "EBIT": 48,
        "Net Income": 15
    },
    "2021-06-30": {
        "Diluted EPS": -2.18,
        "Total Revenue": 61,
        "Gross Profit": -35,
        "Operating Income": -45,
        "EBIT": -26,
        "Net Income": -42
    },
    "2021-03-31": {
        "Diluted EPS": -2.21,
        "Total Revenue": 29,
        "Gross Profit": -38,
        "Operating Income": -48,
        "EBIT": -30,
        "Net Income": -43
    },
    "2020-12-31": {
        "Diluted EPS": -2.57,
        "Total Revenue": 28,
        "Gross Profit": -50,
        "Operating Income": -58,
        "EBIT": -41,
        "Net Income": -54
    },
    "2020-09-30": {
        "Diluted EPS": -1.59,
        "Total Revenue": 63,
        "Gross Profit": -7,
        "Operating Income": -27,
        "EBIT": -8,
        "Net Income": -31
    },
    "2020-06-30": {
        "Diluted EPS": -10.19,
        "Total Revenue": 30,
        "Gross Profit": -50,
        "Operating Income": -172,
        "EBIT": -153,
        "Net Income": -206
    },
    "2020-03-31": {
        "Diluted EPS": -4.29,
        "Total Revenue": 295,
        "Gross Profit": -9,
        "Operating Income": -104,
        "EBIT": -84,
        "Net Income": -87
    },
    "2019-12-31": {
        "Diluted EPS": -0.29,
        "Total Revenue": 261,
        "Gross Profit": 0,
        "Operating Income": -15,
        "EBIT": 5,
        "Net Income": -5
    },
    "2019-09-30": {
        "Diluted EPS": 1.53,
        "Total Revenue": 354,
        "Gross Profit": 55,
        "Operating Income": 46,
        "EBIT": 67,
        "Net Income": 31
    },
    "2019-06-30": {
        "Diluted EPS": 0.67,
        "Total Revenue": 402,
        "Gross Profit": 46,
        "Operating Income": 20,
        "EBIT": 38,
        "Net Income": 14
    },
    "2019-03-31": {
        "Diluted EPS": -0.89,
        "Total Revenue": 286,
        "Gross Profit": -11,
        "Operating Income": -26,
        "EBIT": -9,
        "Net Income": -18
    },
    "2018-12-31": {
        "Diluted EPS": -0.11,
        "Total Revenue": 238,
        "Gross Profit": 4,
        "Operating Income": -2,
        "EBIT": 13,
        "Net Income": -2
    },
    "2018-09-30": {
        "Diluted EPS": 1.83,
        "Total Revenue": 358,
        "Gross Profit": 57,
        "Operating Income": 50,
        "EBIT": 68,
        "Net Income": 37
    },
    "2018-06-30": {
        "Diluted EPS": 1.15,
        "Total Revenue": 364,
        "Gross Profit": 38,
        "Operating Income": 33,
        "EBIT": 50,
        "Net Income": 23
    },
    "2018-03-31": {
        "Diluted EPS": -0.47,
        "Total Revenue": 277,
        "Gross Profit": -11,
        "Operating Income": -15,
        "EBIT": 0,
        "Net Income": -9
    },
    "2017-12-31": {
        "Diluted EPS": -1.06,
        "Total Revenue": 277,
        "Gross Profit": -4,
        "Operating Income": -9,
        "EBIT": 6,
        "Net Income": -22
    },
    "2017-09-30": {
        "Diluted EPS": 2.19,
        "Total Revenue": 339,
        "Gross Profit": 47,
        "Operating Income": 66,
        "EBIT": 84,
        "Net Income": 45
    },
    "2017-06-30": {
        "Diluted EPS": 1.37,
        "Total Revenue": 365,
        "Gross Profit": 40,
        "Operating Income": 38,
        "EBIT": 54,
        "Net Income": 28
    },
    "2017-03-31": {
        "Diluted EPS": 0.33,
        "Total Revenue": 326,
        "Gross Profit": 13,
        "Operating Income": 10,
        "EBIT": 24,
        "Net Income": 7
    },
    "2016-12-31": {
        "Diluted EPS": -0.19,
        "Total Revenue": 256,
        "Gross Profit": -1,
        "Operating Income": -7,
        "EBIT": 8,
        "Net Income": -4
    },
    "2016-09-30": {
        "Diluted EPS": 1.67,
        "Total Revenue": 382,
        "Gross Profit": 59,
        "Operating Income": 53,
        "EBIT": 67,
        "Net Income": 34
    },
    "2016-06-30": {
        "Diluted EPS": 0.96,
        "Total Revenue": 325,
        "Gross Profit": 34,
        "Operating Income": 29,
        "EBIT": 41,
        "Net Income": 20
    },
    "2016-03-31": {
        "Diluted EPS": -0.35,
        "Total Revenue": 241,
        "Gross Profit": -6,
        "Operating Income": -10,
        "EBIT": -1,
        "Net Income": -7
    },
    "2015-12-31": {
        "Diluted EPS": -0.06,
        "Total Revenue": 252,
        "Gross Profit": 5,
        "Operating Income": -1,
        "EBIT": 8,
        "Net Income": -1
    },
    "2015-09-30": {
        "Diluted EPS": 0.36,
        "Total Revenue": 256,
        "Gross Profit": 15,
        "Operating Income": 12,
        "EBIT": 22,
        "Net Income": 7
    },
    "2015-06-30": {
        "Diluted EPS": 1.12,
        "Total Revenue": 317,
        "Gross Profit": 36,
        "Operating Income": 33,
        "EBIT": 43,
        "Net Income": 22
    },
    "2015-03-31": {
        "Diluted EPS": -0.1,
        "Total Revenue": 264,
        "Gross Profit": -1,
        "Operating Income": -5,
        "EBIT": 5,
        "Net Income": -2
    },
    "2014-12-31": {
        "Diluted EPS": -0.3,
        "Total Revenue": 223,
        "Gross Profit": -1,
        "Operating Income": -8,
        "EBIT": 2,
        "Net Income": -6
    },
    "2014-09-30": {
        "Diluted EPS": 1.48,
        "Total Revenue": 300,
        "Gross Profit": 33,
        "Operating Income": 29,
        "EBIT": 37,
        "Net Income": 30
    },
    "2014-06-30": {
        "Diluted EPS": 0.33,
        "Total Revenue": 256,
        "Gross Profit": 14,
        "Operating Income": 10,
        "EBIT": 17,
        "Net Income": 7
    },
    "2014-03-31": {
        "Diluted EPS": 1.08,
        "Total Revenue": 286,
        "Gross Profit": 13,
        "Operating Income": 11,
        "EBIT": 18,
        "Net Income": 22
    },
    "2013-12-31": {
        "Diluted EPS": -0.23,
        "Total Revenue": 202,
        "Gross Profit": -2,
        "Operating Income": -6,
        "EBIT": 1,
        "Net Income": -5
    },
    "2013-09-30": {
        "Diluted EPS": 0.58,
        "Total Revenue": 220,
        "Gross Profit": 14,
        "Operating Income": 13,
        "EBIT": 21,
        "Net Income": 12
    },
    "2013-06-30": {
        "Diluted EPS": 0.31,
        "Total Revenue": 246,
        "Gross Profit": 11,
        "Operating Income": 9,
        "EBIT": 17,
        "Net Income": 6
    },
    "2013-03-31": {
        "Diluted EPS": 0.4,
        "Total Revenue": 285,
        "Gross Profit": 14,
        "Operating Income": 12,
        "EBIT": 19,
        "Net Income": 8
    },
    "2012-12-31": {
        "Diluted EPS": -1.05,
        "Total Revenue": 184,
        "Gross Profit": -12,
        "Operating Income": -17,
        "EBIT": -10,
        "Net Income": -21
    },
    "2012-09-30": {
        "Diluted EPS": 0.99,
        "Total Revenue": 307,
        "Gross Profit": 34,
        "Operating Income": 31,
        "EBIT": 40,
        "Net Income": 20
    },
    "2012-06-30": {
        "Diluted EPS": 0.3,
        "Total Revenue": 246,
        "Gross Profit": 10,
        "Operating Income": 7,
        "EBIT": 16,
        "Net Income": 6
    },
    "2012-03-31": {
        "Diluted EPS": 0.05,
        "Total Revenue": 269,
        "Gross Profit": 6,
        "Operating Income": 1,
        "EBIT": 9,
        "Net Income": 1
    },
    "2011-12-31": {
        "Diluted EPS": -0.31,
        "Total Revenue": 197,
        "Gross Profit": -7,
        "Operating Income": -12,
        "EBIT": -4,
        "Net Income": -6
    },
    "2011-09-30": {
        "Diluted EPS": 0.06,
        "Total Revenue": 216,
        "Gross Profit": 5,
        "Operating Income": 3,
        "EBIT": 11,
        "Net Income": 1
    },
    "2011-06-30": {
        "Diluted EPS": 0.22,
        "Total Revenue": 239,
        "Gross Profit": 10,
        "Operating Income": 7,
        "EBIT": 15,
        "Net Income": 4
    },
    "2011-03-31": {
        "Diluted EPS": 0.48,
        "Total Revenue": 290,
        "Gross Profit": 17,
        "Operating Income": 16,
        "EBIT": 23,
        "Net Income": 10
    },
    "2010-12-31": {
        "Diluted EPS": -0.21,
        "Total Revenue": 187,
        "Gross Profit": -3,
        "Operating Income": -7,
        "EBIT": 1,
        "Net Income": -4
    },
    "2010-09-30": {
        "Diluted EPS": 0.23,
        "Total Revenue": 215,
        "Gross Profit": 10,
        "Operating Income": 8,
        "EBIT": 16,
        "Net Income": 5
    },
    "2010-06-30": {
        "Diluted EPS": 0.15,
        "Total Revenue": 218,
        "Gross Profit": 8,
        "Operating Income": 5,
        "EBIT": 12,
        "Net Income": 3
    },
    "2010-03-31": {
        "Diluted EPS": -0.15,
        "Total Revenue": 224,
        "Gross Profit": 0,
        "Operating Income": -3,
        "EBIT": 4,
        "Net Income": -3
    },
    "2009-12-31": {
        "Diluted EPS": -0.72,
        "Total Revenue": 170,
        "Gross Profit": -10,
        "Operating Income": -24,
        "EBIT": -17,
        "Net Income": -14
    },
    "2009-09-30": {
        "Diluted EPS": -4.86,
        "Total Revenue": 181,
        "Gross Profit": -3,
        "Operating Income": -120,
        "EBIT": -112,
        "Net Income": -97
    },
    "2009-06-30": {
        "Diluted EPS": 0.26,
        "Total Revenue": 214,
        "Gross Profit": 10,
        "Operating Income": 9,
        "EBIT": 16,
        "Net Income": 5
    },
    "2009-03-31": {
        "Diluted EPS": 0.07,
        "Total Revenue": 241,
        "Gross Profit": 7,
        "Operating Income": 2,
        "EBIT": 9,
        "Net Income": 2
    },
    "2023-06-30": {
        "Tax Effect Of Unusual Items": NaN,
        "Tax Rate For Calcs": NaN,
        "Normalized EBITDA": NaN,
        "Total Unusual Items": NaN,
        "Total Unusual Items Excluding Goodwill": NaN,
        "Net Income From Continuing Operation Net Minority Interest": NaN,
        "Reconciled Depreciation": NaN,
        "Reconciled Cost Of Revenue": NaN,
        "EBITDA": NaN,
        "EBIT": NaN,
        "Net Interest Income": NaN,
        "Interest Expense": 12356000.0,
        "Normalized Income": NaN,
        "Net Income From Continuing And Discontinued Operation": NaN,
        "Total Expenses": NaN,
        "Diluted Average Shares": NaN,
        "Basic Average Shares": NaN,
        "Diluted EPS": NaN,
        "Basic EPS": NaN,
        "Diluted NI Availto Com Stockholders": NaN,
        "Average Dilution Earnings": NaN,
        "Net Income Common Stockholders": NaN,
        "Otherunder Preferred Stock Dividend": NaN,
        "Preferred Stock Dividends": NaN,
        "Net Income": NaN,
        "Minority Interests": NaN,
        "Net Income Including Noncontrolling Interests": NaN,
        "Net Income Discontinuous Operations": NaN,
        "Net Income Continuous Operations": NaN,
        "Tax Provision": NaN,
        "Pretax Income": NaN,
        "Other Income Expense": NaN,
        "Other Non Operating Income Expenses": NaN,
        "Special Income Charges": NaN,
        "Write Off": 0.0,
        "Restructuring And Mergern Acquisition": NaN,
        "Net Non Operating Interest Income Expense": NaN,
        "Total Other Finance Cost": 12356000.0,
        "Interest Expense Non Operating": 12356000.0,
        "Operating Income": NaN,
        "Operating Expense": NaN,
        "Other Operating Expenses": NaN,
        "Gross Profit": NaN,
        "Cost Of Revenue": NaN,
        "Total Revenue": NaN,
        "Operating Revenue": NaN
    },
    "2023-09-30": {
        "Tax Effect Of Unusual Items": -74687.293268,
        "Tax Rate For Calcs": 0.155599,
        "Normalized EBITDA": 84337000.0,
        "Total Unusual Items": -480000.0,
        "Total Unusual Items Excluding Goodwill": -480000.0,
        "Net Income From Continuing Operation Net Minority Interest": 41925000.0,
        "Reconciled Depreciation": 12428000.0,
        "Reconciled Cost Of Revenue": 289857000.0,
        "EBITDA": 83857000.0,
        "EBIT": 71429000.0,
        "Net Interest Income": -12476000.0,
        "Interest Expense": 12476000.0,
        "Normalized Income": 42330312.706732,
        "Net Income From Continuing And Discontinued Operation": 41271000.0,
        "Total Expenses": 293436000.0,
        "Diluted Average Shares": 21174000.0,
        "Basic Average Shares": 20885000.0,
        "Diluted EPS": 1.41,
        "Basic EPS": 1.43,
        "Diluted NI Availto Com Stockholders": 29897000.0,
        "Average Dilution Earnings": 98000.0,
        "Net Income Common Stockholders": 29799000.0,
        "Otherunder Preferred Stock Dividend": 9522000.0,
        "Preferred Stock Dividends": 1950000.0,
        "Net Income": 41271000.0,
        "Minority Interests": -7855000.0,
        "Net Income Including Noncontrolling Interests": 49126000.0,
        "Net Income Discontinuous Operations": -654000.0,
        "Net Income Continuous Operations": 49780000.0,
        "Tax Provision": 9173000.0,
        "Pretax Income": 58953000.0,
        "Other Income Expense": -1034000.0,
        "Other Non Operating Income Expenses": -554000.0,
        "Special Income Charges": -480000.0,
        "Write Off": 0.0,
        "Restructuring And Mergern Acquisition": 480000.0,
        "Net Non Operating Interest Income Expense": -12476000.0,
        "Total Other Finance Cost": NaN,
        "Interest Expense Non Operating": 12476000.0,
        "Operating Income": 72463000.0,
        "Operating Expense": 3579000.0,
        "Other Operating Expenses": 3579000.0,
        "Gross Profit": 76042000.0,
        "Cost Of Revenue": 289857000.0,
        "Total Revenue": 365899000.0,
        "Operating Revenue": 365899000.0
    },
    "2023-12-31": {
        "Tax Effect Of Unusual Items": -53130.0,
        "Tax Rate For Calcs": 0.21,
        "Normalized EBITDA": 13767000.0,
        "Total Unusual Items": -253000.0,
        "Total Unusual Items Excluding Goodwill": -253000.0,
        "Net Income From Continuing Operation Net Minority Interest": -15379000.0,
        "Reconciled Depreciation": 13336000.0,
        "Reconciled Cost Of Revenue": 287167000.0,
        "EBITDA": 13514000.0,
        "EBIT": 178000.0,
        "Net Interest Income": -10897000.0,
        "Interest Expense": 10897000.0,
        "Normalized Income": -15179130.0,
        "Net Income From Continuing And Discontinued Operation": -15346000.0,
        "Total Expenses": 290748000.0,
        "Diluted Average Shares": 20942000.0,
        "Basic Average Shares": 20942000.0,
        "Diluted EPS": -0.83,
        "Basic EPS": -0.83,
        "Diluted NI Availto Com Stockholders": -3346000.0,
        "Average Dilution Earnings": 9750000.0,
        "Net Income Common Stockholders": -13096000.0,
        "Otherunder Preferred Stock Dividend": -4201000.0,
        "Preferred Stock Dividends": 1951000.0,
        "Net Income": -15346000.0,
        "Minority Interests": 516000.0,
        "Net Income Including Noncontrolling Interests": -15862000.0,
        "Net Income Discontinuous Operations": 33000.0,
        "Net Income Continuous Operations": -15895000.0,
        "Tax Provision": 5176000.0,
        "Pretax Income": -10719000.0,
        "Other Income Expense": -753000.0,
        "Other Non Operating Income Expenses": -500000.0,
        "Special Income Charges": -253000.0,
        "Write Off": 0.0,
        "Restructuring And Mergern Acquisition": 49000.0,
        "Net Non Operating Interest Income Expense": -10897000.0,
        "Total Other Finance Cost": NaN,
        "Interest Expense Non Operating": 10897000.0,
        "Operating Income": 931000.0,
        "Operating Expense": 3581000.0,
        "Other Operating Expenses": 3581000.0,
        "Gross Profit": 4512000.0,
        "Cost Of Revenue": 287167000.0,
        "Total Revenue": 291679000.0,
        "Operating Revenue": 291679000.0
    },
    "2024-03-31": {
        "Tax Effect Of Unusual Items": -24360.0,
        "Tax Rate For Calcs": 0.21,
        "Normalized EBITDA": -8000.0,
        "Total Unusual Items": -116000.0,
        "Total Unusual Items Excluding Goodwill": -116000.0,
        "Net Income From Continuing Operation Net Minority Interest": -25050000.0,
        "Reconciled Depreciation": 13320000.0,
        "Reconciled Cost Of Revenue": 281954000.0,
        "EBITDA": -124000.0,
        "EBIT": -13444000.0,
        "Net Interest Income": -11845000.0,
        "Interest Expense": 11845000.0,
        "Normalized Income": -24958360.0,
        "Net Income From Continuing And Discontinued Operation": -25117000.0,
        "Total Expenses": 286387000.0,
        "Diluted Average Shares": 21029000.0,
        "Basic Average Shares": 21029000.0,
        "Diluted EPS": -1.29,
        "Basic EPS": -1.29,
        "Diluted NI Availto Com Stockholders": -27067000.0,
        "Average Dilution Earnings": 0.0,
        "Net Income Common Stockholders": -27067000.0,
        "Otherunder Preferred Stock Dividend": 0.0,
        "Preferred Stock Dividends": 1950000.0,
        "Net Income": -25117000.0,
        "Minority Interests": 1126000.0,
        "Net Income Including Noncontrolling Interests": -26243000.0,
        "Net Income Discontinuous Operations": -67000.0,
        "Net Income Continuous Operations": -26176000.0,
        "Tax Provision": 887000.0,
        "Pretax Income": -25289000.0,
        "Other Income Expense": -554000.0,
        "Other Non Operating Income Expenses": -438000.0,
        "Special Income Charges": -116000.0,
        "Write Off": NaN,
        "Restructuring And Mergern Acquisition": 116000.0,
        "Net Non Operating Interest Income Expense": -11845000.0,
        "Total Other Finance Cost": NaN,
        "Interest Expense Non Operating": 11845000.0,
        "Operating Income": -12890000.0,
        "Operating Expense": 4433000.0,
        "Other Operating Expenses": 4433000.0,
        "Gross Profit": -8457000.0,
        "Cost Of Revenue": 281954000.0,
        "Total Revenue": 273497000.0,
        "Operating Revenue": 273497000.0
    },
    "2024-06-30": {
        "Tax Effect Of Unusual Items": 134475.0,
        "Tax Rate For Calcs": 0.163,
        "Normalized EBITDA": 62003000.0,
        "Total Unusual Items": 825000.0,
        "Total Unusual Items Excluding Goodwill": 825000.0,
        "Net Income From Continuing Operation Net Minority Interest": 28411000.0,
        "Reconciled Depreciation": 14797000.0,
        "Reconciled Cost Of Revenue": 325085000.0,
        "EBITDA": 62828000.0,
        "EBIT": 48031000.0,
        "Net Interest Income": -12585000.0,
        "Interest Expense": NaN,
        "Normalized Income": 27720475.0,
        "Net Income From Continuing And Discontinued Operation": 29311000.0,
        "Total Expenses": 330507000.0,
        "Diluted Average Shares": 21521000.0,
        "Basic Average Shares": 21126000.0,
        "Diluted EPS": 0.97,
        "Basic EPS": 0.98,
        "Diluted NI Availto Com Stockholders": 20884000.0,
        "Average Dilution Earnings": 92000.0,
        "Net Income Common Stockholders": 20792000.0,
        "Otherunder Preferred Stock Dividend": 6569000.0,
        "Preferred Stock Dividends": 1950000.0,
        "Net Income": 29311000.0,
        "Minority Interests": -1567000.0,
        "Net Income Including Noncontrolling Interests": 30878000.0,
        "Net Income Discontinuous Operations": 900000.0,
        "Net Income Continuous Operations": 29978000.0,
        "Tax Provision": 5851000.0,
        "Pretax Income": 35829000.0,
        "Other Income Expense": 383000.0,
        "Other Non Operating Income Expenses": -442000.0,
        "Special Income Charges": 825000.0,
        "Write Off": NaN,
        "Restructuring And Mergern Acquisition": -825000.0,
        "Net Non Operating Interest Income Expense": -12585000.0,
        "Total Other Finance Cost": 12585000.0,
        "Interest Expense Non Operating": NaN,
        "Operating Income": 48031000.0,
        "Operating Expense": 5422000.0,
        "Other Operating Expenses": 5422000.0,
        "Gross Profit": 53453000.0,
        "Cost Of Revenue": 325085000.0,
        "Total Revenue": 378538000.0,
        "Operating Revenue": 378538000.0
    },
    "2024-09-30": {
        "Tax Effect Of Unusual Items": -1026660.502836,
        "Tax Rate For Calcs": 0.158118,
        "Normalized EBITDA": 99228000.0,
        "Total Unusual Items": -6493000.0,
        "Total Unusual Items Excluding Goodwill": -6493000.0,
        "Net Income From Continuing Operation Net Minority Interest": 48705000.0,
        "Reconciled Depreciation": 14844000.0,
        "Reconciled Cost Of Revenue": 363156000.0,
        "EBITDA": 92735000.0,
        "EBIT": 77891000.0,
        "Net Interest Income": -11428000.0,
        "Interest Expense": 11428000.0,
        "Normalized Income": 54171339.497164,
        "Net Income From Continuing And Discontinued Operation": 48615000.0,
        "Total Expenses": 370913000.0,
        "Diluted Average Shares": 21615000.0,
        "Basic Average Shares": 21166000.0,
        "Diluted EPS": 1.65,
        "Basic EPS": 1.68,
        "Diluted NI Availto Com Stockholders": 35655000.0,
        "Average Dilution Earnings": 177000.0,
        "Net Income Common Stockholders": 35478000.0,
        "Otherunder Preferred Stock Dividend": 11187000.0,
        "Preferred Stock Dividends": 1950000.0,
        "Net Income": 48615000.0,
        "Minority Interests": -7249000.0,
        "Net Income Including Noncontrolling Interests": 55864000.0,
        "Net Income Discontinuous Operations": -90000.0,
        "Net Income Continuous Operations": 55954000.0,
        "Tax Provision": 10509000.0,
        "Pretax Income": 66463000.0,
        "Other Income Expense": -6900000.0,
        "Other Non Operating Income Expenses": -407000.0,
        "Special Income Charges": -6493000.0,
        "Write Off": 6110000.0,
        "Restructuring And Mergern Acquisition": 383000.0,
        "Net Non Operating Interest Income Expense": -11428000.0,
        "Total Other Finance Cost": NaN,
        "Interest Expense Non Operating": 11428000.0,
        "Operating Income": 84791000.0,
        "Operating Expense": 7757000.0,
        "Other Operating Expenses": 7757000.0,
        "Gross Profit": 92548000.0,
        "Cost Of Revenue": 363156000.0,
        "Total Revenue": 455704000.0,
        "Operating Revenue": 455704000.0
    }
}