{
    "2023-03-31": {
        "Tax Effect Of Unusual Items": NaN,
        "Tax Rate For Calcs": NaN,
        "Normalized EBITDA": NaN,
        "Total Unusual Items": NaN,
        "Total Unusual Items Excluding Goodwill": NaN,
        "Net Income From Continuing Operation Net Minority Interest": NaN,
        "Reconciled Depreciation": NaN,
        "Reconciled Cost Of Revenue": NaN,
        "EBITDA": NaN,
        "EBIT": NaN,
        "Net Interest Income": NaN,
        "Interest Expense": 13300000.0,
        "Normalized Income": NaN,
        "Net Income From Continuing And Discontinued Operation": NaN,
        "Total Expenses": NaN,
        "Total Operating Income As Reported": NaN,
        "Diluted Average Shares": NaN,
        "Basic Average Shares": NaN,
        "Diluted EPS": NaN,
        "Basic EPS": NaN,
        "Diluted NI Availto Com Stockholders": NaN,
        "Net Income Common Stockholders": NaN,
        "Net Income": NaN,
        "Net Income Including Noncontrolling Interests": NaN,
        "Net Income Discontinuous Operations": NaN,
        "Net Income Continuous Operations": NaN,
        "Tax Provision": NaN,
        "Pretax Income": NaN,
        "Other Income Expense": NaN,
        "Other Non Operating Income Expenses": -3600000.0,
        "Special Income Charges": NaN,
        "Restructuring And Mergern Acquisition": NaN,
        "Net Non Operating Interest Income Expense": NaN,
        "Total Other Finance Cost": NaN,
        "Interest Expense Non Operating": 13300000.0,
        "Operating Income": NaN,
        "Operating Expense": NaN,
        "Other Operating Expenses": NaN,
        "Selling General And Administration": NaN,
        "General And Administrative Expense": 66200000.0,
        "Other Gand A": 62600000.0,
        "Salaries And Wages": 3600000.0,
        "Gross Profit": NaN,
        "Cost Of Revenue": NaN,
        "Total Revenue": NaN,
        "Operating Revenue": NaN
    },
    "2022-12-31": {
        "Tax Effect Of Unusual Items": NaN,
        "Tax Rate For Calcs": NaN,
        "Normalized EBITDA": NaN,
        "Total Unusual Items": NaN,
        "Total Unusual Items Excluding Goodwill": NaN,
        "Net Income From Continuing Operation Net Minority Interest": NaN,
        "Reconciled Depreciation": NaN,
        "Reconciled Cost Of Revenue": NaN,
        "EBITDA": NaN,
        "EBIT": NaN,
        "Net Interest Income": NaN,
        "Interest Expense": 18700000.0,
        "Normalized Income": NaN,
        "Net Income From Continuing And Discontinued Operation": NaN,
        "Total Expenses": NaN,
        "Total Operating Income As Reported": NaN,
        "Diluted Average Shares": NaN,
        "Basic Average Shares": NaN,
        "Diluted EPS": NaN,
        "Basic EPS": NaN,
        "Diluted NI Availto Com Stockholders": NaN,
        "Net Income Common Stockholders": NaN,
        "Net Income": NaN,
        "Net Income Including Noncontrolling Interests": NaN,
        "Net Income Discontinuous Operations": NaN,
        "Net Income Continuous Operations": NaN,
        "Tax Provision": NaN,
        "Pretax Income": NaN,
        "Other Income Expense": NaN,
        "Other Non Operating Income Expenses": -3700000.0,
        "Special Income Charges": NaN,
        "Restructuring And Mergern Acquisition": NaN,
        "Net Non Operating Interest Income Expense": NaN,
        "Total Other Finance Cost": NaN,
        "Interest Expense Non Operating": 18700000.0,
        "Operating Income": NaN,
        "Operating Expense": NaN,
        "Other Operating Expenses": NaN,
        "Selling General And Administration": NaN,
        "General And Administrative Expense": NaN,
        "Other Gand A": NaN,
        "Salaries And Wages": NaN,
        "Gross Profit": NaN,
        "Cost Of Revenue": NaN,
        "Total Revenue": NaN,
        "Operating Revenue": NaN
    },
    "2022-09-30": {
        "Tax Effect Of Unusual Items": NaN,
        "Tax Rate For Calcs": NaN,
        "Normalized EBITDA": NaN,
        "Total Unusual Items": NaN,
        "Total Unusual Items Excluding Goodwill": NaN,
        "Net Income From Continuing Operation Net Minority Interest": NaN,
        "Reconciled Depreciation": NaN,
        "Reconciled Cost Of Revenue": NaN,
        "EBITDA": NaN,
        "EBIT": NaN,
        "Net Interest Income": NaN,
        "Interest Expense": 15300000.0,
        "Normalized Income": NaN,
        "Net Income From Continuing And Discontinued Operation": NaN,
        "Total Expenses": NaN,
        "Total Operating Income As Reported": NaN,
        "Diluted Average Shares": NaN,
        "Basic Average Shares": NaN,
        "Diluted EPS": NaN,
        "Basic EPS": NaN,
        "Diluted NI Availto Com Stockholders": NaN,
        "Net Income Common Stockholders": NaN,
        "Net Income": NaN,
        "Net Income Including Noncontrolling Interests": NaN,
        "Net Income Discontinuous Operations": NaN,
        "Net Income Continuous Operations": NaN,
        "Tax Provision": NaN,
        "Pretax Income": NaN,
        "Other Income Expense": NaN,
        "Other Non Operating Income Expenses": -34900000.0,
        "Special Income Charges": NaN,
        "Restructuring And Mergern Acquisition": NaN,
        "Net Non Operating Interest Income Expense": NaN,
        "Total Other Finance Cost": NaN,
        "Interest Expense Non Operating": 15300000.0,
        "Operating Income": NaN,
        "Operating Expense": NaN,
        "Other Operating Expenses": NaN,
        "Selling General And Administration": NaN,
        "General And Administrative Expense": NaN,
        "Other Gand A": NaN,
        "Salaries And Wages": NaN,
        "Gross Profit": NaN,
        "Cost Of Revenue": NaN,
        "Total Revenue": NaN,
        "Operating Revenue": NaN
    },
    "2022-06-30": {
        "Tax Effect Of Unusual Items": -2558139.534884,
        "Tax Rate For Calcs": 0.232558,
        "Normalized EBITDA": 184000000.0,
        "Total Unusual Items": -11000000.0,
        "Total Unusual Items Excluding Goodwill": -11000000.0,
        "Net Income From Continuing Operation Net Minority Interest": 99000000.0,
        "Reconciled Depreciation": 25000000.0,
        "Reconciled Cost Of Revenue": 681000000.0,
        "EBITDA": 173000000.0,
        "EBIT": 148000000.0,
        "Net Interest Income": -19000000.0,
        "Interest Expense": 19000000.0,
        "Normalized Income": 107441860.465116,
        "Net Income From Continuing And Discontinued Operation": 99000000.0,
        "Total Expenses": 819000000.0,
        "Total Operating Income As Reported": 138000000.0,
        "Diluted Average Shares": 179800000.0,
        "Basic Average Shares": 178600000.0,
        "Diluted EPS": 0.55,
        "Basic EPS": 0.55,
        "Diluted NI Availto Com Stockholders": 99000000.0,
        "Net Income Common Stockholders": 99000000.0,
        "Net Income": 99000000.0,
        "Net Income Including Noncontrolling Interests": 99000000.0,
        "Net Income Discontinuous Operations": NaN,
        "Net Income Continuous Operations": 99000000.0,
        "Tax Provision": 30000000.0,
        "Pretax Income": 129000000.0,
        "Other Income Expense": 10000000.0,
        "Other Non Operating Income Expenses": 10000000.0,
        "Special Income Charges": -11000000.0,
        "Restructuring And Mergern Acquisition": 11000000.0,
        "Earnings From Equity Interest": 11000000.0,
        "Net Non Operating Interest Income Expense": -19000000.0,
        "Total Other Finance Cost": NaN,
        "Interest Expense Non Operating": 19000000.0,
        "Operating Income": 138000000.0,
        "Operating Expense": 138000000.0,
        "Other Operating Expenses": NaN,
        "Selling General And Administration": 138000000.0,
        "Gross Profit": 276000000.0,
        "Cost Of Revenue": 681000000.0,
        "Total Revenue": 957000000.0,
        "Operating Revenue": 957000000.0
    },
    "2022-03-31": {
        "Diluted EPS": 0.45,
        "Total Revenue": 296,
        "Gross Profit": 107,
        "Operating Income": 40,
        "EBIT": 58,
        "Net Income": 81
    },
    "2021-12-31": {
        "Diluted EPS": 0.48,
        "Total Revenue": 287,
        "Gross Profit": 112,
        "Operating Income": 52,
        "EBIT": 69,
        "Net Income": 87
    },
    "2021-09-30": {
        "Diluted EPS": 0.92,
        "Total Revenue": NaN,
        "Gross Profit": -302,
        "Operating Income": -146,
        "EBIT": -152,
        "Net Income": 168
    },
    "2021-06-30": {
        "Diluted EPS": 0.53,
        "Total Revenue": 792,
        "Gross Profit": 259,
        "Operating Income": 131,
        "EBIT": 155,
        "Net Income": 97
    },
    "2021-03-31": {
        "Diluted EPS": 0.37,
        "Total Revenue": 701,
        "Gross Profit": 247,
        "Operating Income": 131,
        "EBIT": 154,
        "Net Income": 68
    },
    "2020-12-31": {
        "Diluted EPS": 0.47,
        "Total Revenue": 653,
        "Gross Profit": 228,
        "Operating Income": 124,
        "EBIT": 145,
        "Net Income": 87
    },
    "2020-09-30": {
        "Diluted EPS": 0.65,
        "Total Revenue": -974,
        "Gross Profit": -304,
        "Operating Income": -149,
        "EBIT": -156,
        "Net Income": 122
    },
    "2020-06-30": {
        "Diluted EPS": 0.32,
        "Total Revenue": 516,
        "Gross Profit": 187,
        "Operating Income": 88,
        "EBIT": 105,
        "Net Income": 59
    },
    "2020-03-31": {
        "Diluted EPS": 0.33,
        "Total Revenue": 578,
        "Gross Profit": 207,
        "Operating Income": 117,
        "EBIT": 132,
        "Net Income": 63
    },
    "2019-12-31": {
        "Diluted EPS": 0.39,
        "Total Revenue": 607,
        "Gross Profit": 211,
        "Operating Income": 104,
        "EBIT": 120,
        "Net Income": 73
    },
    "2019-09-30": {
        "Diluted EPS": 0.15,
        "Total Revenue": 629,
        "Gross Profit": 217,
        "Operating Income": 113,
        "EBIT": 131,
        "Net Income": 27
    },
    "2019-06-30": {
        "Diluted EPS": 0.34,
        "Total Revenue": 613,
        "Gross Profit": 207,
        "Operating Income": 102,
        "EBIT": 117,
        "Net Income": 65
    },
    "2019-03-31": {
        "Diluted EPS": 0.33,
        "Total Revenue": 591,
        "Gross Profit": 203,
        "Operating Income": 96,
        "EBIT": 110,
        "Net Income": 63
    },
    "2018-12-31": {
        "Diluted EPS": 0.28,
        "Total Revenue": 557,
        "Gross Profit": 183,
        "Operating Income": 87,
        "EBIT": 101,
        "Net Income": 53
    },
    "2018-09-30": {
        "Diluted EPS": 0.23,
        "Total Revenue": 594,
        "Gross Profit": 203,
        "Operating Income": 105,
        "EBIT": 118,
        "Net Income": 45
    },
    "2018-06-30": {
        "Diluted EPS": 0.33,
        "Total Revenue": 577,
        "Gross Profit": 201,
        "Operating Income": 102,
        "EBIT": 117,
        "Net Income": 64
    },
    "2018-03-31": {
        "Diluted EPS": 0.33,
        "Total Revenue": 569,
        "Gross Profit": 207,
        "Operating Income": 100,
        "EBIT": 114,
        "Net Income": 67
    },
    "2017-12-31": {
        "Diluted EPS": -0.05,
        "Total Revenue": 545,
        "Gross Profit": 195,
        "Operating Income": 88,
        "EBIT": 100,
        "Net Income": -10
    },
    "2017-09-30": {
        "Diluted EPS": 0.52,
        "Total Revenue": 547,
        "Gross Profit": 196,
        "Operating Income": 113,
        "EBIT": 123,
        "Net Income": 105
    },
    "2017-06-30": {
        "Diluted EPS": 0.27,
        "Total Revenue": 534,
        "Gross Profit": 197,
        "Operating Income": 87,
        "EBIT": 99,
        "Net Income": 56
    },
    "2017-03-31": {
        "Diluted EPS": 0.35,
        "Total Revenue": 514,
        "Gross Profit": 198,
        "Operating Income": 100,
        "EBIT": 110,
        "Net Income": 71
    },
    "2016-12-31": {
        "Diluted EPS": 0.35,
        "Total Revenue": 489,
        "Gross Profit": 185,
        "Operating Income": 94,
        "EBIT": 104,
        "Net Income": 72
    },
    "2016-09-30": {
        "Diluted EPS": 0.51,
        "Total Revenue": 494,
        "Gross Profit": 181,
        "Operating Income": 83,
        "EBIT": 96,
        "Net Income": 65
    },
    "2016-06-30": {
        "Diluted EPS": 0.44,
        "Total Revenue": 499,
        "Gross Profit": 199,
        "Operating Income": 113,
        "EBIT": 123,
        "Net Income": 75
    },
    "2016-03-31": {
        "Diluted EPS": 0.33,
        "Total Revenue": 480,
        "Gross Profit": 192,
        "Operating Income": 104,
        "EBIT": 114,
        "Net Income": 68
    },
    "2015-12-31": {
        "Diluted EPS": 0.32,
        "Total Revenue": 456,
        "Gross Profit": 176,
        "Operating Income": 96,
        "EBIT": 105,
        "Net Income": 65
    },
    "2015-09-30": {
        "Diluted EPS": 0.0,
        "Total Revenue": NaN,
        "Gross Profit": NaN,
        "Operating Income": NaN,
        "EBIT": NaN,
        "Net Income": NaN
    },
    "2015-06-30": {
        "Diluted EPS": 0.0,
        "Total Revenue": NaN,
        "Gross Profit": NaN,
        "Operating Income": NaN,
        "EBIT": NaN,
        "Net Income": NaN
    },
    "2014-09-30": {
        "Diluted EPS": 0.0,
        "Total Revenue": NaN,
        "Gross Profit": NaN,
        "Operating Income": NaN,
        "EBIT": NaN,
        "Net Income": NaN
    },
    "2013-09-30": {
        "Diluted EPS": 0.0,
        "Total Revenue": NaN,
        "Gross Profit": NaN,
        "Operating Income": NaN,
        "EBIT": NaN,
        "Net Income": NaN
    },
    "2023-06-30": {
        "Tax Effect Of Unusual Items": NaN,
        "Tax Rate For Calcs": NaN,
        "Normalized EBITDA": NaN,
        "Total Unusual Items": NaN,
        "Total Unusual Items Excluding Goodwill": NaN,
        "Net Income From Continuing Operation Net Minority Interest": NaN,
        "Reconciled Depreciation": NaN,
        "Reconciled Cost Of Revenue": NaN,
        "EBITDA": NaN,
        "EBIT": NaN,
        "Net Interest Income": NaN,
        "Interest Expense": NaN,
        "Normalized Income": NaN,
        "Net Income From Continuing And Discontinued Operation": NaN,
        "Total Expenses": NaN,
        "Total Operating Income As Reported": NaN,
        "Diluted Average Shares": NaN,
        "Basic Average Shares": NaN,
        "Diluted EPS": NaN,
        "Basic EPS": NaN,
        "Diluted NI Availto Com Stockholders": NaN,
        "Net Income Common Stockholders": NaN,
        "Net Income": NaN,
        "Net Income Including Noncontrolling Interests": NaN,
        "Net Income Discontinuous Operations": NaN,
        "Net Income Continuous Operations": NaN,
        "Tax Provision": NaN,
        "Pretax Income": NaN,
        "Other Income Expense": NaN,
        "Other Non Operating Income Expenses": -3700000.0,
        "Special Income Charges": NaN,
        "Restructuring And Mergern Acquisition": NaN,
        "Net Non Operating Interest Income Expense": NaN,
        "Total Other Finance Cost": -4600000.0,
        "Interest Expense Non Operating": NaN,
        "Operating Income": NaN,
        "Operating Expense": NaN,
        "Other Operating Expenses": NaN,
        "Selling General And Administration": NaN,
        "General And Administrative Expense": 69300000.0,
        "Other Gand A": 65600000.0,
        "Salaries And Wages": 3700000.0,
        "Gross Profit": NaN,
        "Cost Of Revenue": NaN,
        "Total Revenue": NaN,
        "Operating Revenue": NaN
    },
    "2023-09-30": {
        "Tax Effect Of Unusual Items": NaN,
        "Tax Rate For Calcs": NaN,
        "Normalized EBITDA": NaN,
        "Total Unusual Items": NaN,
        "Total Unusual Items Excluding Goodwill": NaN,
        "Net Income From Continuing Operation Net Minority Interest": NaN,
        "Reconciled Depreciation": NaN,
        "Reconciled Cost Of Revenue": NaN,
        "EBITDA": NaN,
        "EBIT": NaN,
        "Net Interest Income": NaN,
        "Interest Expense": NaN,
        "Normalized Income": NaN,
        "Net Income From Continuing And Discontinued Operation": NaN,
        "Total Expenses": NaN,
        "Total Operating Income As Reported": NaN,
        "Diluted Average Shares": NaN,
        "Basic Average Shares": NaN,
        "Diluted EPS": NaN,
        "Basic EPS": NaN,
        "Diluted NI Availto Com Stockholders": NaN,
        "Net Income Common Stockholders": NaN,
        "Net Income": NaN,
        "Net Income Including Noncontrolling Interests": NaN,
        "Net Income Discontinuous Operations": NaN,
        "Net Income Continuous Operations": NaN,
        "Tax Provision": NaN,
        "Pretax Income": NaN,
        "Other Income Expense": NaN,
        "Other Non Operating Income Expenses": NaN,
        "Special Income Charges": NaN,
        "Restructuring And Mergern Acquisition": NaN,
        "Net Non Operating Interest Income Expense": NaN,
        "Total Other Finance Cost": 10900000.0,
        "Interest Expense Non Operating": NaN,
        "Operating Income": NaN,
        "Operating Expense": NaN,
        "Other Operating Expenses": NaN,
        "Selling General And Administration": NaN,
        "General And Administrative Expense": NaN,
        "Other Gand A": NaN,
        "Salaries And Wages": NaN,
        "Gross Profit": NaN,
        "Cost Of Revenue": NaN,
        "Total Revenue": NaN,
        "Operating Revenue": NaN
    },
    "2023-12-31": {
        "Tax Effect Of Unusual Items": NaN,
        "Tax Rate For Calcs": NaN,
        "Normalized EBITDA": NaN,
        "Total Unusual Items": NaN,
        "Total Unusual Items Excluding Goodwill": NaN,
        "Net Income From Continuing Operation Net Minority Interest": NaN,
        "Reconciled Depreciation": NaN,
        "Reconciled Cost Of Revenue": NaN,
        "EBITDA": NaN,
        "EBIT": NaN,
        "Net Interest Income": NaN,
        "Interest Expense": 13600000.0,
        "Normalized Income": NaN,
        "Net Income From Continuing And Discontinued Operation": NaN,
        "Total Expenses": NaN,
        "Total Operating Income As Reported": NaN,
        "Diluted Average Shares": NaN,
        "Basic Average Shares": NaN,
        "Diluted EPS": NaN,
        "Basic EPS": NaN,
        "Diluted NI Availto Com Stockholders": NaN,
        "Net Income Common Stockholders": NaN,
        "Net Income": NaN,
        "Net Income Including Noncontrolling Interests": NaN,
        "Net Income Discontinuous Operations": NaN,
        "Net Income Continuous Operations": NaN,
        "Tax Provision": NaN,
        "Pretax Income": NaN,
        "Other Income Expense": NaN,
        "Other Non Operating Income Expenses": NaN,
        "Special Income Charges": NaN,
        "Restructuring And Mergern Acquisition": NaN,
        "Net Non Operating Interest Income Expense": NaN,
        "Total Other Finance Cost": NaN,
        "Interest Expense Non Operating": 13600000.0,
        "Operating Income": NaN,
        "Operating Expense": NaN,
        "Other Operating Expenses": NaN,
        "Selling General And Administration": NaN,
        "General And Administrative Expense": NaN,
        "Other Gand A": NaN,
        "Salaries And Wages": 3400000.0,
        "Gross Profit": NaN,
        "Cost Of Revenue": NaN,
        "Total Revenue": NaN,
        "Operating Revenue": NaN
    },
    "2024-03-31": {
        "Tax Effect Of Unusual Items": NaN,
        "Tax Rate For Calcs": NaN,
        "Normalized EBITDA": NaN,
        "Total Unusual Items": NaN,
        "Total Unusual Items Excluding Goodwill": NaN,
        "Net Income From Continuing Operation Net Minority Interest": NaN,
        "Reconciled Depreciation": NaN,
        "Reconciled Cost Of Revenue": NaN,
        "EBITDA": NaN,
        "EBIT": NaN,
        "Net Interest Income": NaN,
        "Interest Expense": 15500000.0,
        "Normalized Income": NaN,
        "Net Income From Continuing And Discontinued Operation": NaN,
        "Total Expenses": NaN,
        "Total Operating Income As Reported": NaN,
        "Diluted Average Shares": NaN,
        "Basic Average Shares": NaN,
        "Diluted EPS": NaN,
        "Basic EPS": NaN,
        "Diluted NI Availto Com Stockholders": NaN,
        "Net Income Common Stockholders": NaN,
        "Net Income": NaN,
        "Net Income Including Noncontrolling Interests": NaN,
        "Net Income Discontinuous Operations": NaN,
        "Net Income Continuous Operations": NaN,
        "Tax Provision": NaN,
        "Pretax Income": NaN,
        "Other Income Expense": NaN,
        "Other Non Operating Income Expenses": NaN,
        "Special Income Charges": NaN,
        "Restructuring And Mergern Acquisition": NaN,
        "Net Non Operating Interest Income Expense": NaN,
        "Total Other Finance Cost": NaN,
        "Interest Expense Non Operating": 15500000.0,
        "Operating Income": NaN,
        "Operating Expense": NaN,
        "Other Operating Expenses": NaN,
        "Selling General And Administration": NaN,
        "General And Administrative Expense": 72300000.0,
        "Other Gand A": 72300000.0,
        "Salaries And Wages": 3600000.0,
        "Gross Profit": NaN,
        "Cost Of Revenue": NaN,
        "Total Revenue": NaN,
        "Operating Revenue": NaN
    },
    "2024-06-30": {
        "Tax Effect Of Unusual Items": NaN,
        "Tax Rate For Calcs": NaN,
        "Normalized EBITDA": NaN,
        "Total Unusual Items": NaN,
        "Total Unusual Items Excluding Goodwill": NaN,
        "Net Income From Continuing Operation Net Minority Interest": NaN,
        "Reconciled Depreciation": NaN,
        "Reconciled Cost Of Revenue": NaN,
        "EBITDA": NaN,
        "EBIT": NaN,
        "Net Interest Income": NaN,
        "Interest Expense": NaN,
        "Normalized Income": NaN,
        "Net Income From Continuing And Discontinued Operation": NaN,
        "Total Expenses": NaN,
        "Total Operating Income As Reported": NaN,
        "Diluted Average Shares": NaN,
        "Basic Average Shares": NaN,
        "Diluted EPS": NaN,
        "Basic EPS": NaN,
        "Diluted NI Availto Com Stockholders": NaN,
        "Net Income Common Stockholders": NaN,
        "Net Income": NaN,
        "Net Income Including Noncontrolling Interests": NaN,
        "Net Income Discontinuous Operations": NaN,
        "Net Income Continuous Operations": NaN,
        "Tax Provision": NaN,
        "Pretax Income": NaN,
        "Other Income Expense": NaN,
        "Other Non Operating Income Expenses": NaN,
        "Special Income Charges": NaN,
        "Restructuring And Mergern Acquisition": NaN,
        "Net Non Operating Interest Income Expense": NaN,
        "Total Other Finance Cost": 24800000.0,
        "Interest Expense Non Operating": NaN,
        "Operating Income": NaN,
        "Operating Expense": NaN,
        "Other Operating Expenses": NaN,
        "Selling General And Administration": NaN,
        "General And Administrative Expense": 77200000.0,
        "Other Gand A": 77200000.0,
        "Salaries And Wages": 3400000.0,
        "Gross Profit": NaN,
        "Cost Of Revenue": NaN,
        "Total Revenue": NaN,
        "Operating Revenue": NaN
    },
    "2024-09-30": {
        "Tax Effect Of Unusual Items": 204509.973981,
        "Tax Rate For Calcs": 0.227233,
        "Normalized EBITDA": 161600000.0,
        "Total Unusual Items": 900000.0,
        "Total Unusual Items Excluding Goodwill": 900000.0,
        "Net Income From Continuing Operation Net Minority Interest": 89100000.0,
        "Reconciled Depreciation": 28800000.0,
        "Reconciled Cost Of Revenue": 265200000.0,
        "EBITDA": 162500000.0,
        "EBIT": 133700000.0,
        "Net Interest Income": -18000000.0,
        "Interest Expense": NaN,
        "Normalized Income": 88404509.973981,
        "Net Income From Continuing And Discontinued Operation": 92300000.0,
        "Total Expenses": 301800000.0,
        "Total Operating Income As Reported": 134600000.0,
        "Diluted Average Shares": 130300000.0,
        "Basic Average Shares": 129300000.0,
        "Diluted EPS": 0.71,
        "Basic EPS": 0.71,
        "Diluted NI Availto Com Stockholders": 92300000.0,
        "Net Income Common Stockholders": 92300000.0,
        "Net Income": 92300000.0,
        "Net Income Including Noncontrolling Interests": 92300000.0,
        "Net Income Discontinuous Operations": 3200000.0,
        "Net Income Continuous Operations": 89100000.0,
        "Tax Provision": 26200000.0,
        "Pretax Income": 115300000.0,
        "Other Income Expense": -400000.0,
        "Other Non Operating Income Expenses": -1300000.0,
        "Special Income Charges": 900000.0,
        "Restructuring And Mergern Acquisition": -900000.0,
        "Net Non Operating Interest Income Expense": -18000000.0,
        "Total Other Finance Cost": 18000000.0,
        "Interest Expense Non Operating": NaN,
        "Operating Income": 133700000.0,
        "Operating Expense": 36600000.0,
        "Other Operating Expenses": -44500000.0,
        "Selling General And Administration": 81100000.0,
        "General And Administrative Expense": NaN,
        "Other Gand A": NaN,
        "Salaries And Wages": NaN,
        "Gross Profit": 170300000.0,
        "Cost Of Revenue": 265200000.0,
        "Total Revenue": 435500000.0,
        "Operating Revenue": 435500000.0
    },
    "2024-12-31": {
        "Tax Effect Of Unusual Items": -104800.0,
        "Tax Rate For Calcs": 0.262,
        "Normalized EBITDA": 173100000.0,
        "Total Unusual Items": -400000.0,
        "Total Unusual Items Excluding Goodwill": -400000.0,
        "Net Income From Continuing Operation Net Minority Interest": 93900000.0,
        "Reconciled Depreciation": 28000000.0,
        "Reconciled Cost Of Revenue": 261400000.0,
        "EBITDA": 172700000.0,
        "EBIT": 144700000.0,
        "Net Interest Income": -17500000.0,
        "Interest Expense": 17500000.0,
        "Normalized Income": 94195200.0,
        "Net Income From Continuing And Discontinued Operation": 91600000.0,
        "Total Expenses": 270100000.0,
        "Total Operating Income As Reported": 143800000.0,
        "Diluted Average Shares": 129500000.0,
        "Basic Average Shares": 128700000.0,
        "Diluted EPS": 0.71,
        "Basic EPS": 0.71,
        "Diluted NI Availto Com Stockholders": 91600000.0,
        "Net Income Common Stockholders": 91600000.0,
        "Net Income": 91600000.0,
        "Net Income Including Noncontrolling Interests": 91600000.0,
        "Net Income Discontinuous Operations": -2300000.0,
        "Net Income Continuous Operations": 93900000.0,
        "Tax Provision": 33300000.0,
        "Pretax Income": 127200000.0,
        "Other Income Expense": 500000.0,
        "Other Non Operating Income Expenses": 900000.0,
        "Special Income Charges": -400000.0,
        "Restructuring And Mergern Acquisition": 400000.0,
        "Net Non Operating Interest Income Expense": -17500000.0,
        "Total Other Finance Cost": NaN,
        "Interest Expense Non Operating": 17500000.0,
        "Operating Income": 144200000.0,
        "Operating Expense": 8700000.0,
        "Other Operating Expenses": -74100000.0,
        "Selling General And Administration": 82800000.0,
        "General And Administrative Expense": 82800000.0,
        "Other Gand A": 82800000.0,
        "Salaries And Wages": -900000.0,
        "Gross Profit": 152900000.0,
        "Cost Of Revenue": 261400000.0,
        "Total Revenue": 414300000.0,
        "Operating Revenue": 414300000.0
    },
    "2025-03-31": {
        "Tax Effect Of Unusual Items": -198400.0,
        "Tax Rate For Calcs": 0.248,
        "Normalized EBITDA": 97000000.0,
        "Total Unusual Items": -800000.0,
        "Total Unusual Items Excluding Goodwill": -800000.0,
        "Net Income From Continuing Operation Net Minority Interest": 38300000.0,
        "Reconciled Depreciation": 28400000.0,
        "Reconciled Cost Of Revenue": 252700000.0,
        "EBITDA": 96200000.0,
        "EBIT": 67800000.0,
        "Net Interest Income": -16900000.0,
        "Interest Expense": 16900000.0,
        "Normalized Income": 38901600.0,
        "Net Income From Continuing And Discontinued Operation": 37600000.0,
        "Total Expenses": 335500000.0,
        "Total Operating Income As Reported": 66900000.0,
        "Diluted Average Shares": 128200000.0,
        "Basic Average Shares": 127600000.0,
        "Diluted EPS": 0.29,
        "Basic EPS": 0.29,
        "Diluted NI Availto Com Stockholders": 37600000.0,
        "Net Income Common Stockholders": 37600000.0,
        "Net Income": 37600000.0,
        "Net Income Including Noncontrolling Interests": 37600000.0,
        "Net Income Discontinuous Operations": -700000.0,
        "Net Income Continuous Operations": 38300000.0,
        "Tax Provision": 12600000.0,
        "Pretax Income": 50900000.0,
        "Other Income Expense": 100000.0,
        "Other Non Operating Income Expenses": 900000.0,
        "Special Income Charges": -800000.0,
        "Restructuring And Mergern Acquisition": 800000.0,
        "Net Non Operating Interest Income Expense": -16900000.0,
        "Total Other Finance Cost": NaN,
        "Interest Expense Non Operating": 16900000.0,
        "Operating Income": 67700000.0,
        "Operating Expense": 82800000.0,
        "Other Operating Expenses": -3500000.0,
        "Selling General And Administration": 86300000.0,
        "General And Administrative Expense": 86300000.0,
        "Other Gand A": 86300000.0,
        "Salaries And Wages": NaN,
        "Gross Profit": 150500000.0,
        "Cost Of Revenue": 252700000.0,
        "Total Revenue": 403200000.0,
        "Operating Revenue": 403200000.0
    },
    "2025-06-30": {
        "Tax Effect Of Unusual Items": -104000.0,
        "Tax Rate For Calcs": 0.26,
        "Normalized EBITDA": 125700000.0,
        "Total Unusual Items": -400000.0,
        "Total Unusual Items Excluding Goodwill": -400000.0,
        "Net Income From Continuing Operation Net Minority Interest": 57000000.0,
        "Reconciled Depreciation": 30200000.0,
        "Reconciled Cost Of Revenue": 261400000.0,
        "EBITDA": 125300000.0,
        "EBIT": 95100000.0,
        "Net Interest Income": -18600000.0,
        "Interest Expense": NaN,
        "Normalized Income": 57296000.0,
        "Net Income From Continuing And Discontinued Operation": 56500000.0,
        "Total Expenses": 343900000.0,
        "Total Operating Income As Reported": 94700000.0,
        "Diluted Average Shares": 128200000.0,
        "Basic Average Shares": 127600000.0,
        "Diluted EPS": 0.44,
        "Basic EPS": 0.44,
        "Diluted NI Availto Com Stockholders": 56500000.0,
        "Net Income Common Stockholders": 56500000.0,
        "Net Income": 56500000.0,
        "Net Income Including Noncontrolling Interests": 56500000.0,
        "Net Income Discontinuous Operations": -500000.0,
        "Net Income Continuous Operations": 57000000.0,
        "Tax Provision": 20000000.0,
        "Pretax Income": 77000000.0,
        "Other Income Expense": 500000.0,
        "Other Non Operating Income Expenses": 900000.0,
        "Special Income Charges": -400000.0,
        "Restructuring And Mergern Acquisition": 400000.0,
        "Net Non Operating Interest Income Expense": -18600000.0,
        "Total Other Finance Cost": 18600000.0,
        "Interest Expense Non Operating": NaN,
        "Operating Income": 95100000.0,
        "Operating Expense": 82500000.0,
        "Other Operating Expenses": -3000000.0,
        "Selling General And Administration": 85500000.0,
        "General And Administrative Expense": 85500000.0,
        "Other Gand A": 85500000.0,
        "Salaries And Wages": NaN,
        "Gross Profit": 177600000.0,
        "Cost Of Revenue": 261400000.0,
        "Total Revenue": 439000000.0,
        "Operating Revenue": 439000000.0
    },
    "2025-09-30": {
        "Tax Effect Of Unusual Items": 62365.591398,
        "Tax Rate For Calcs": 0.311828,
        "Normalized EBITDA": 116900000.0,
        "Total Unusual Items": 200000.0,
        "Total Unusual Items Excluding Goodwill": 200000.0,
        "Net Income From Continuing Operation Net Minority Interest": 25600000.0,
        "Reconciled Depreciation": 32800000.0,
        "Reconciled Cost Of Revenue": 276300000.0,
        "EBITDA": 117100000.0,
        "EBIT": 84300000.0,
        "Net Interest Income": -21000000.0,
        "Interest Expense": NaN,
        "Normalized Income": 25462365.591398,
        "Net Income From Continuing And Discontinued Operation": 25000000.0,
        "Total Expenses": 369500000.0,
        "Total Operating Income As Reported": 84500000.0,
        "Diluted Average Shares": 128400000.0,
        "Basic Average Shares": 127600000.0,
        "Diluted EPS": 0.2,
        "Basic EPS": 0.2,
        "Diluted NI Availto Com Stockholders": 25000000.0,
        "Net Income Common Stockholders": 25000000.0,
        "Net Income": 25000000.0,
        "Net Income Including Noncontrolling Interests": 25000000.0,
        "Net Income Discontinuous Operations": -600000.0,
        "Net Income Continuous Operations": 25600000.0,
        "Tax Provision": 11600000.0,
        "Pretax Income": 37200000.0,
        "Other Income Expense": -26100000.0,
        "Other Non Operating Income Expenses": -26300000.0,
        "Special Income Charges": 200000.0,
        "Restructuring And Mergern Acquisition": -200000.0,
        "Net Non Operating Interest Income Expense": -21000000.0,
        "Total Other Finance Cost": 21000000.0,
        "Interest Expense Non Operating": NaN,
        "Operating Income": 84300000.0,
        "Operating Expense": 93200000.0,
        "Other Operating Expenses": -2100000.0,
        "Selling General And Administration": 95300000.0,
        "General And Administrative Expense": NaN,
        "Other Gand A": NaN,
        "Salaries And Wages": NaN,
        "Gross Profit": 177500000.0,
        "Cost Of Revenue": 276300000.0,
        "Total Revenue": 453800000.0,
        "Operating Revenue": 453800000.0
    }
}