{
    "2023-03-31": {
        "Tax Effect Of Unusual Items": NaN,
        "Tax Rate For Calcs": NaN,
        "Normalized EBITDA": NaN,
        "Total Unusual Items": NaN,
        "Total Unusual Items Excluding Goodwill": NaN,
        "Net Income From Continuing Operation Net Minority Interest": NaN,
        "Reconciled Depreciation": NaN,
        "Reconciled Cost Of Revenue": NaN,
        "EBITDA": NaN,
        "EBIT": NaN,
        "Net Interest Income": NaN,
        "Interest Expense": NaN,
        "Interest Income": NaN,
        "Normalized Income": NaN,
        "Net Income From Continuing And Discontinued Operation": NaN,
        "Total Expenses": NaN,
        "Total Operating Income As Reported": NaN,
        "Diluted Average Shares": NaN,
        "Basic Average Shares": NaN,
        "Diluted EPS": NaN,
        "Basic EPS": NaN,
        "Diluted NI Availto Com Stockholders": NaN,
        "Net Income Common Stockholders": NaN,
        "Net Income": NaN,
        "Net Income Including Noncontrolling Interests": NaN,
        "Net Income Continuous Operations": NaN,
        "Tax Provision": NaN,
        "Pretax Income": NaN,
        "Other Income Expense": NaN,
        "Other Non Operating Income Expenses": NaN,
        "Special Income Charges": NaN,
        "Other Special Charges": 22052000.0,
        "Net Non Operating Interest Income Expense": NaN,
        "Interest Expense Non Operating": NaN,
        "Interest Income Non Operating": NaN,
        "Operating Income": NaN,
        "Operating Expense": NaN,
        "Selling General And Administration": NaN,
        "Gross Profit": NaN,
        "Cost Of Revenue": NaN,
        "Total Revenue": NaN,
        "Operating Revenue": NaN
    },
    "2022-12-31": {
        "Tax Effect Of Unusual Items": 0.0,
        "Tax Rate For Calcs": 0.21,
        "Normalized EBITDA": 55981000.0,
        "Total Unusual Items": NaN,
        "Total Unusual Items Excluding Goodwill": NaN,
        "Net Income From Continuing Operation Net Minority Interest": -10619000.0,
        "Reconciled Depreciation": 24855000.0,
        "Reconciled Cost Of Revenue": 862194000.0,
        "EBITDA": 55981000.0,
        "EBIT": 31126000.0,
        "Net Interest Income": -30971000.0,
        "Interest Expense": 31070000.0,
        "Interest Income": 99000.0,
        "Normalized Income": -10619000.0,
        "Net Income From Continuing And Discontinued Operation": -10619000.0,
        "Total Expenses": 947140000.0,
        "Total Operating Income As Reported": 31027000.0,
        "Diluted Average Shares": NaN,
        "Basic Average Shares": NaN,
        "Diluted EPS": NaN,
        "Basic EPS": NaN,
        "Diluted NI Availto Com Stockholders": -10619000.0,
        "Net Income Common Stockholders": -10619000.0,
        "Net Income": -10619000.0,
        "Net Income Including Noncontrolling Interests": -10619000.0,
        "Net Income Continuous Operations": -10619000.0,
        "Tax Provision": 10675000.0,
        "Pretax Income": 56000.0,
        "Other Income Expense": NaN,
        "Other Non Operating Income Expenses": NaN,
        "Special Income Charges": NaN,
        "Other Special Charges": NaN,
        "Net Non Operating Interest Income Expense": -30971000.0,
        "Interest Expense Non Operating": 31070000.0,
        "Interest Income Non Operating": 99000.0,
        "Operating Income": 31027000.0,
        "Operating Expense": 84946000.0,
        "Selling General And Administration": 84946000.0,
        "Gross Profit": 115973000.0,
        "Cost Of Revenue": 862194000.0,
        "Total Revenue": 978167000.0,
        "Operating Revenue": 978167000.0
    },
    "2022-09-30": {
        "Tax Effect Of Unusual Items": NaN,
        "Tax Rate For Calcs": NaN,
        "Normalized EBITDA": NaN,
        "Total Unusual Items": NaN,
        "Total Unusual Items Excluding Goodwill": NaN,
        "Net Income From Continuing Operation Net Minority Interest": NaN,
        "Reconciled Depreciation": NaN,
        "Reconciled Cost Of Revenue": NaN,
        "EBITDA": NaN,
        "EBIT": NaN,
        "Net Interest Income": NaN,
        "Interest Expense": NaN,
        "Interest Income": NaN,
        "Normalized Income": NaN,
        "Net Income From Continuing And Discontinued Operation": NaN,
        "Total Expenses": NaN,
        "Total Operating Income As Reported": NaN,
        "Diluted Average Shares": 29830000.0,
        "Basic Average Shares": 29830000.0,
        "Diluted EPS": -0.57,
        "Basic EPS": -0.57,
        "Diluted NI Availto Com Stockholders": NaN,
        "Net Income Common Stockholders": NaN,
        "Net Income": NaN,
        "Net Income Including Noncontrolling Interests": NaN,
        "Net Income Continuous Operations": NaN,
        "Tax Provision": NaN,
        "Pretax Income": NaN,
        "Other Income Expense": NaN,
        "Other Non Operating Income Expenses": NaN,
        "Special Income Charges": NaN,
        "Other Special Charges": NaN,
        "Net Non Operating Interest Income Expense": NaN,
        "Interest Expense Non Operating": NaN,
        "Interest Income Non Operating": NaN,
        "Operating Income": NaN,
        "Operating Expense": NaN,
        "Selling General And Administration": NaN,
        "Gross Profit": NaN,
        "Cost Of Revenue": NaN,
        "Total Revenue": NaN,
        "Operating Revenue": NaN
    },
    "2022-06-30": {
        "Tax Effect Of Unusual Items": 0.0,
        "Tax Rate For Calcs": 0.198,
        "Normalized EBITDA": 18796000.0,
        "Total Unusual Items": NaN,
        "Total Unusual Items Excluding Goodwill": NaN,
        "Net Income From Continuing Operation Net Minority Interest": 10472000.0,
        "Reconciled Depreciation": 3769000.0,
        "Reconciled Cost Of Revenue": 453305000.0,
        "EBITDA": 18796000.0,
        "EBIT": 15027000.0,
        "Net Interest Income": -1963000.0,
        "Interest Expense": 1969000.0,
        "Interest Income": 6000.0,
        "Normalized Income": 10472000.0,
        "Net Income From Continuing And Discontinued Operation": 10472000.0,
        "Total Expenses": 483045000.0,
        "Total Operating Income As Reported": 15021000.0,
        "Diluted Average Shares": 11954000.0,
        "Basic Average Shares": 11826000.0,
        "Diluted EPS": 0.88,
        "Basic EPS": 0.89,
        "Diluted NI Availto Com Stockholders": 10472000.0,
        "Net Income Common Stockholders": 10472000.0,
        "Net Income": 10472000.0,
        "Net Income Including Noncontrolling Interests": 10472000.0,
        "Net Income Continuous Operations": 10472000.0,
        "Tax Provision": 2586000.0,
        "Pretax Income": 13058000.0,
        "Other Income Expense": NaN,
        "Other Non Operating Income Expenses": NaN,
        "Special Income Charges": NaN,
        "Other Special Charges": NaN,
        "Net Non Operating Interest Income Expense": -1963000.0,
        "Interest Expense Non Operating": 1969000.0,
        "Interest Income Non Operating": 6000.0,
        "Operating Income": 15021000.0,
        "Operating Expense": 29740000.0,
        "Selling General And Administration": 29740000.0,
        "Gross Profit": 44761000.0,
        "Cost Of Revenue": 453305000.0,
        "Total Revenue": 498066000.0,
        "Operating Revenue": 498066000.0
    },
    "2022-03-31": {
        "Diluted EPS": 0.24,
        "Total Revenue": 456,
        "Gross Profit": 37,
        "Operating Income": 5,
        "EBIT": 9,
        "Net Income": 3
    },
    "2021-12-31": {
        "Diluted EPS": 0.62,
        "Total Revenue": 419,
        "Gross Profit": 31,
        "Operating Income": 10,
        "EBIT": 14,
        "Net Income": 7
    },
    "2021-09-30": {
        "Diluted EPS": 0.87,
        "Total Revenue": 459,
        "Gross Profit": 41,
        "Operating Income": 13,
        "EBIT": 17,
        "Net Income": 10
    },
    "2021-06-30": {
        "Diluted EPS": 1.35,
        "Total Revenue": 471,
        "Gross Profit": 48,
        "Operating Income": 23,
        "EBIT": 27,
        "Net Income": 16
    },
    "2021-03-31": {
        "Diluted EPS": 1.02,
        "Total Revenue": 434,
        "Gross Profit": 40,
        "Operating Income": 17,
        "EBIT": 21,
        "Net Income": 12
    },
    "2020-12-31": {
        "Diluted EPS": 1.43,
        "Total Revenue": 355,
        "Gross Profit": 36,
        "Operating Income": 14,
        "EBIT": 16,
        "Net Income": 17
    },
    "2020-09-30": {
        "Diluted EPS": 0.88,
        "Total Revenue": 352,
        "Gross Profit": 32,
        "Operating Income": 15,
        "EBIT": 17,
        "Net Income": 10
    },
    "2020-06-30": {
        "Diluted EPS": 0.09,
        "Total Revenue": 336,
        "Gross Profit": 24,
        "Operating Income": 2,
        "EBIT": 5,
        "Net Income": 1
    },
    "2020-03-31": {
        "Diluted EPS": 0.74,
        "Total Revenue": 352,
        "Gross Profit": 32,
        "Operating Income": 12,
        "EBIT": 15,
        "Net Income": 9
    },
    "2019-12-31": {
        "Diluted EPS": 0.91,
        "Total Revenue": 365,
        "Gross Profit": 34,
        "Operating Income": 16,
        "EBIT": 18,
        "Net Income": 11
    },
    "2019-09-30": {
        "Diluted EPS": 0.67,
        "Total Revenue": 360,
        "Gross Profit": 32,
        "Operating Income": 12,
        "EBIT": 14,
        "Net Income": 8
    },
    "2019-06-30": {
        "Diluted EPS": 0.66,
        "Total Revenue": 332,
        "Gross Profit": 31,
        "Operating Income": 11,
        "EBIT": 13,
        "Net Income": 8
    },
    "2019-03-31": {
        "Diluted EPS": 0.62,
        "Total Revenue": 326,
        "Gross Profit": 30,
        "Operating Income": 10,
        "EBIT": 12,
        "Net Income": 7
    },
    "2018-12-31": {
        "Diluted EPS": 0.87,
        "Total Revenue": 329,
        "Gross Profit": 30,
        "Operating Income": 12,
        "EBIT": 14,
        "Net Income": 10
    },
    "2018-09-30": {
        "Diluted EPS": 0.86,
        "Total Revenue": 308,
        "Gross Profit": 29,
        "Operating Income": 14,
        "EBIT": 15,
        "Net Income": 10
    },
    "2018-06-30": {
        "Diluted EPS": 0.81,
        "Total Revenue": 321,
        "Gross Profit": 29,
        "Operating Income": 13,
        "EBIT": 14,
        "Net Income": 9
    },
    "2018-03-31": {
        "Diluted EPS": 0.54,
        "Total Revenue": 321,
        "Gross Profit": 26,
        "Operating Income": 9,
        "EBIT": 10,
        "Net Income": 6
    },
    "2017-12-31": {
        "Diluted EPS": 3.71,
        "Total Revenue": 296,
        "Gross Profit": 26,
        "Operating Income": 10,
        "EBIT": 12,
        "Net Income": 42
    },
    "2017-09-30": {
        "Diluted EPS": 0.51,
        "Total Revenue": 270,
        "Gross Profit": 24,
        "Operating Income": 10,
        "EBIT": 11,
        "Net Income": 6
    },
    "2017-06-30": {
        "Diluted EPS": 0.49,
        "Total Revenue": 259,
        "Gross Profit": 26,
        "Operating Income": 9,
        "EBIT": 10,
        "Net Income": 5
    },
    "2017-03-31": {
        "Diluted EPS": 0.6,
        "Total Revenue": 290,
        "Gross Profit": 25,
        "Operating Income": 12,
        "EBIT": 12,
        "Net Income": 7
    },
    "2016-12-31": {
        "Diluted EPS": 0.4,
        "Total Revenue": 288,
        "Gross Profit": 27,
        "Operating Income": 9,
        "EBIT": 9,
        "Net Income": 4
    },
    "2016-09-30": {
        "Diluted EPS": 0.6,
        "Total Revenue": 284,
        "Gross Profit": 26,
        "Operating Income": 11,
        "EBIT": 12,
        "Net Income": 7
    },
    "2016-06-30": {
        "Diluted EPS": 0.55,
        "Total Revenue": 308,
        "Gross Profit": 27,
        "Operating Income": 11,
        "EBIT": 12,
        "Net Income": 6
    },
    "2016-03-31": {
        "Diluted EPS": 0.61,
        "Total Revenue": 311,
        "Gross Profit": 27,
        "Operating Income": 12,
        "EBIT": 13,
        "Net Income": 7
    },
    "2015-12-31": {
        "Diluted EPS": 0.55,
        "Total Revenue": 311,
        "Gross Profit": 27,
        "Operating Income": 11,
        "EBIT": 13,
        "Net Income": 6
    },
    "2015-09-30": {
        "Diluted EPS": 1.29,
        "Total Revenue": 299,
        "Gross Profit": 27,
        "Operating Income": 8,
        "EBIT": 9,
        "Net Income": 14
    },
    "2015-06-30": {
        "Diluted EPS": 0.56,
        "Total Revenue": 310,
        "Gross Profit": 27,
        "Operating Income": 11,
        "EBIT": 12,
        "Net Income": 6
    },
    "2015-03-31": {
        "Diluted EPS": 0.46,
        "Total Revenue": 261,
        "Gross Profit": 25,
        "Operating Income": 9,
        "EBIT": 10,
        "Net Income": 5
    },
    "2014-12-31": {
        "Diluted EPS": 0.27,
        "Total Revenue": 286,
        "Gross Profit": 27,
        "Operating Income": 8,
        "EBIT": 8,
        "Net Income": 3
    },
    "2014-09-30": {
        "Diluted EPS": 0.2,
        "Total Revenue": 301,
        "Gross Profit": 27,
        "Operating Income": 3,
        "EBIT": 4,
        "Net Income": 2
    },
    "2014-06-30": {
        "Diluted EPS": 0.59,
        "Total Revenue": 313,
        "Gross Profit": 29,
        "Operating Income": 9,
        "EBIT": 10,
        "Net Income": 6
    },
    "2014-03-31": {
        "Diluted EPS": 1.07,
        "Total Revenue": 304,
        "Gross Profit": 36,
        "Operating Income": 18,
        "EBIT": 18,
        "Net Income": 11
    },
    "2013-12-31": {
        "Diluted EPS": 0.0,
        "Total Revenue": NaN,
        "Gross Profit": NaN,
        "Operating Income": NaN,
        "EBIT": NaN,
        "Net Income": NaN
    },
    "2013-09-30": {
        "Diluted EPS": 0.0,
        "Total Revenue": 349,
        "Gross Profit": 48,
        "Operating Income": 29,
        "EBIT": 29,
        "Net Income": 19
    },
    "2012-12-31": {
        "Diluted EPS": 0.0,
        "Total Revenue": NaN,
        "Gross Profit": NaN,
        "Operating Income": NaN,
        "EBIT": NaN,
        "Net Income": NaN
    },
    "2011-12-31": {
        "Diluted EPS": 0.0,
        "Total Revenue": NaN,
        "Gross Profit": NaN,
        "Operating Income": NaN,
        "EBIT": NaN,
        "Net Income": NaN
    },
    "2023-06-30": {
        "Tax Effect Of Unusual Items": NaN,
        "Tax Rate For Calcs": NaN,
        "Normalized EBITDA": NaN,
        "Total Unusual Items": NaN,
        "Total Unusual Items Excluding Goodwill": NaN,
        "Net Income From Continuing Operation Net Minority Interest": NaN,
        "Reconciled Depreciation": NaN,
        "Reconciled Cost Of Revenue": NaN,
        "EBITDA": NaN,
        "EBIT": NaN,
        "Net Interest Income": NaN,
        "Interest Expense": NaN,
        "Interest Income": NaN,
        "Normalized Income": NaN,
        "Net Income From Continuing And Discontinued Operation": NaN,
        "Total Expenses": NaN,
        "Total Operating Income As Reported": NaN,
        "Diluted Average Shares": 31605000.0,
        "Basic Average Shares": 31033000.0,
        "Diluted EPS": 0.06,
        "Basic EPS": 0.06,
        "Diluted NI Availto Com Stockholders": NaN,
        "Net Income Common Stockholders": NaN,
        "Net Income": NaN,
        "Net Income Including Noncontrolling Interests": NaN,
        "Net Income Continuous Operations": NaN,
        "Tax Provision": NaN,
        "Pretax Income": NaN,
        "Other Income Expense": NaN,
        "Other Non Operating Income Expenses": NaN,
        "Special Income Charges": NaN,
        "Other Special Charges": NaN,
        "Net Non Operating Interest Income Expense": NaN,
        "Interest Expense Non Operating": NaN,
        "Interest Income Non Operating": NaN,
        "Operating Income": NaN,
        "Operating Expense": NaN,
        "Selling General And Administration": NaN,
        "Gross Profit": NaN,
        "Cost Of Revenue": NaN,
        "Total Revenue": NaN,
        "Operating Revenue": NaN
    },
    "2023-09-30": {
        "Tax Effect Of Unusual Items": NaN,
        "Tax Rate For Calcs": NaN,
        "Normalized EBITDA": NaN,
        "Total Unusual Items": NaN,
        "Total Unusual Items Excluding Goodwill": NaN,
        "Net Income From Continuing Operation Net Minority Interest": NaN,
        "Reconciled Depreciation": NaN,
        "Reconciled Cost Of Revenue": NaN,
        "EBITDA": NaN,
        "EBIT": NaN,
        "Net Interest Income": NaN,
        "Interest Expense": NaN,
        "Interest Income": NaN,
        "Normalized Income": NaN,
        "Net Income From Continuing And Discontinued Operation": NaN,
        "Total Expenses": NaN,
        "Total Operating Income As Reported": NaN,
        "Diluted Average Shares": 31179000.0,
        "Basic Average Shares": 31179000.0,
        "Diluted EPS": -0.21,
        "Basic EPS": -0.21,
        "Diluted NI Availto Com Stockholders": NaN,
        "Net Income Common Stockholders": NaN,
        "Net Income": NaN,
        "Net Income Including Noncontrolling Interests": NaN,
        "Net Income Continuous Operations": NaN,
        "Tax Provision": NaN,
        "Pretax Income": NaN,
        "Other Income Expense": NaN,
        "Other Non Operating Income Expenses": NaN,
        "Special Income Charges": NaN,
        "Other Special Charges": NaN,
        "Net Non Operating Interest Income Expense": NaN,
        "Interest Expense Non Operating": NaN,
        "Interest Income Non Operating": NaN,
        "Operating Income": NaN,
        "Operating Expense": NaN,
        "Selling General And Administration": NaN,
        "Gross Profit": NaN,
        "Cost Of Revenue": NaN,
        "Total Revenue": NaN,
        "Operating Revenue": NaN
    },
    "2023-12-31": {
        "Tax Effect Of Unusual Items": NaN,
        "Tax Rate For Calcs": NaN,
        "Normalized EBITDA": NaN,
        "Total Unusual Items": NaN,
        "Total Unusual Items Excluding Goodwill": NaN,
        "Net Income From Continuing Operation Net Minority Interest": NaN,
        "Reconciled Depreciation": NaN,
        "Reconciled Cost Of Revenue": NaN,
        "EBITDA": NaN,
        "EBIT": NaN,
        "Net Interest Income": NaN,
        "Interest Expense": NaN,
        "Interest Income": NaN,
        "Normalized Income": NaN,
        "Net Income From Continuing And Discontinued Operation": NaN,
        "Total Expenses": NaN,
        "Total Operating Income As Reported": NaN,
        "Diluted Average Shares": NaN,
        "Basic Average Shares": NaN,
        "Diluted EPS": NaN,
        "Basic EPS": NaN,
        "Diluted NI Availto Com Stockholders": NaN,
        "Net Income Common Stockholders": NaN,
        "Net Income": NaN,
        "Net Income Including Noncontrolling Interests": NaN,
        "Net Income Continuous Operations": NaN,
        "Tax Provision": NaN,
        "Pretax Income": NaN,
        "Other Income Expense": NaN,
        "Other Non Operating Income Expenses": NaN,
        "Special Income Charges": NaN,
        "Other Special Charges": 246000.0,
        "Net Non Operating Interest Income Expense": NaN,
        "Interest Expense Non Operating": NaN,
        "Interest Income Non Operating": NaN,
        "Operating Income": NaN,
        "Operating Expense": NaN,
        "Selling General And Administration": NaN,
        "Gross Profit": NaN,
        "Cost Of Revenue": NaN,
        "Total Revenue": NaN,
        "Operating Revenue": NaN
    },
    "2024-03-31": {
        "Tax Effect Of Unusual Items": 0.0,
        "Tax Rate For Calcs": 0.21,
        "Normalized EBITDA": 57841000.0,
        "Total Unusual Items": 0.0,
        "Total Unusual Items Excluding Goodwill": 0.0,
        "Net Income From Continuing Operation Net Minority Interest": 1144000.0,
        "Reconciled Depreciation": 28853000.0,
        "Reconciled Cost Of Revenue": 940290000.0,
        "EBITDA": 57841000.0,
        "EBIT": 28988000.0,
        "Net Interest Income": -27574000.0,
        "Interest Expense": 27864000.0,
        "Interest Income": 290000.0,
        "Normalized Income": 1144000.0,
        "Net Income From Continuing And Discontinued Operation": 1144000.0,
        "Total Expenses": 980233000.0,
        "Total Operating Income As Reported": 30331000.0,
        "Diluted Average Shares": 31794000.0,
        "Basic Average Shares": 31351000.0,
        "Diluted EPS": 0.04,
        "Basic EPS": 0.04,
        "Diluted NI Availto Com Stockholders": 1144000.0,
        "Net Income Common Stockholders": 1144000.0,
        "Net Income": 1144000.0,
        "Net Income Including Noncontrolling Interests": 1144000.0,
        "Net Income Continuous Operations": 1144000.0,
        "Tax Provision": -20000.0,
        "Pretax Income": 1124000.0,
        "Other Income Expense": -1633000.0,
        "Other Non Operating Income Expenses": -1633000.0,
        "Special Income Charges": 0.0,
        "Other Special Charges": NaN,
        "Net Non Operating Interest Income Expense": -27574000.0,
        "Interest Expense Non Operating": 27864000.0,
        "Interest Income Non Operating": 290000.0,
        "Operating Income": 30331000.0,
        "Operating Expense": 39943000.0,
        "Selling General And Administration": 39943000.0,
        "Gross Profit": 70274000.0,
        "Cost Of Revenue": 940290000.0,
        "Total Revenue": 1010564000.0,
        "Operating Revenue": 1010564000.0
    },
    "2024-06-30": {
        "Tax Effect Of Unusual Items": -385614.0,
        "Tax Rate For Calcs": 0.193,
        "Normalized EBITDA": 52417000.0,
        "Total Unusual Items": -1998000.0,
        "Total Unusual Items Excluding Goodwill": -1998000.0,
        "Net Income From Continuing Operation Net Minority Interest": -6544000.0,
        "Reconciled Depreciation": 29428000.0,
        "Reconciled Cost Of Revenue": 998348000.0,
        "EBITDA": 50419000.0,
        "EBIT": 20991000.0,
        "Net Interest Income": -28807000.0,
        "Interest Expense": 29105000.0,
        "Interest Income": 298000.0,
        "Normalized Income": -4931614.0,
        "Net Income From Continuing And Discontinued Operation": -6544000.0,
        "Total Expenses": 1044757000.0,
        "Total Operating Income As Reported": 27426000.0,
        "Diluted Average Shares": 31470000.0,
        "Basic Average Shares": 31470000.0,
        "Diluted EPS": -0.21,
        "Basic EPS": -0.21,
        "Diluted NI Availto Com Stockholders": -6544000.0,
        "Net Income Common Stockholders": -6544000.0,
        "Net Income": -6544000.0,
        "Net Income Including Noncontrolling Interests": -6544000.0,
        "Net Income Continuous Operations": -6544000.0,
        "Tax Provision": -1570000.0,
        "Pretax Income": -8114000.0,
        "Other Income Expense": -6733000.0,
        "Other Non Operating Income Expenses": -4735000.0,
        "Special Income Charges": -1998000.0,
        "Other Special Charges": 1998000.0,
        "Net Non Operating Interest Income Expense": -28807000.0,
        "Interest Expense Non Operating": 29105000.0,
        "Interest Income Non Operating": 298000.0,
        "Operating Income": 27426000.0,
        "Operating Expense": 46409000.0,
        "Selling General And Administration": 46409000.0,
        "Gross Profit": 73835000.0,
        "Cost Of Revenue": 998348000.0,
        "Total Revenue": 1072183000.0,
        "Operating Revenue": 1072183000.0
    },
    "2024-09-30": {
        "Tax Effect Of Unusual Items": 0.0,
        "Tax Rate For Calcs": 0.23,
        "Normalized EBITDA": 75362000.0,
        "Total Unusual Items": 0.0,
        "Total Unusual Items Excluding Goodwill": 0.0,
        "Net Income From Continuing Operation Net Minority Interest": 15051000.0,
        "Reconciled Depreciation": 28486000.0,
        "Reconciled Cost Of Revenue": 990220000.0,
        "EBITDA": 75362000.0,
        "EBIT": 46876000.0,
        "Net Interest Income": -27152000.0,
        "Interest Expense": 27339000.0,
        "Interest Income": 187000.0,
        "Normalized Income": 15051000.0,
        "Net Income From Continuing And Discontinued Operation": 15051000.0,
        "Total Expenses": 1031769000.0,
        "Total Operating Income As Reported": 49887000.0,
        "Diluted Average Shares": 31973000.0,
        "Basic Average Shares": 31550000.0,
        "Diluted EPS": 0.47,
        "Basic EPS": 0.48,
        "Diluted NI Availto Com Stockholders": 15051000.0,
        "Net Income Common Stockholders": 15051000.0,
        "Net Income": 15051000.0,
        "Net Income Including Noncontrolling Interests": 15051000.0,
        "Net Income Continuous Operations": 15051000.0,
        "Tax Provision": 4486000.0,
        "Pretax Income": 19537000.0,
        "Other Income Expense": -3198000.0,
        "Other Non Operating Income Expenses": -3198000.0,
        "Special Income Charges": 0.0,
        "Other Special Charges": NaN,
        "Net Non Operating Interest Income Expense": -27152000.0,
        "Interest Expense Non Operating": 27339000.0,
        "Interest Income Non Operating": 187000.0,
        "Operating Income": 49887000.0,
        "Operating Expense": 41549000.0,
        "Selling General And Administration": 41549000.0,
        "Gross Profit": 91436000.0,
        "Cost Of Revenue": 990220000.0,
        "Total Revenue": 1081656000.0,
        "Operating Revenue": 1081656000.0
    },
    "2024-12-31": {
        "Tax Effect Of Unusual Items": 0.0,
        "Tax Rate For Calcs": 0.047958,
        "Normalized EBITDA": 79260000.0,
        "Total Unusual Items": 0.0,
        "Total Unusual Items Excluding Goodwill": 0.0,
        "Net Income From Continuing Operation Net Minority Interest": 25033000.0,
        "Reconciled Depreciation": 28115000.0,
        "Reconciled Cost Of Revenue": 1050335000.0,
        "EBITDA": 79260000.0,
        "EBIT": 51145000.0,
        "Net Interest Income": -24367000.0,
        "Interest Expense": 24851000.0,
        "Interest Income": 484000.0,
        "Normalized Income": 25033000.0,
        "Net Income From Continuing And Discontinued Operation": 25033000.0,
        "Total Expenses": 1106192000.0,
        "Total Operating Income As Reported": 51560000.0,
        "Diluted Average Shares": NaN,
        "Basic Average Shares": NaN,
        "Diluted EPS": NaN,
        "Basic EPS": NaN,
        "Diluted NI Availto Com Stockholders": 25033000.0,
        "Net Income Common Stockholders": 25033000.0,
        "Net Income": 25033000.0,
        "Net Income Including Noncontrolling Interests": 25033000.0,
        "Net Income Continuous Operations": 25033000.0,
        "Tax Provision": 1261000.0,
        "Pretax Income": 26294000.0,
        "Other Income Expense": -899000.0,
        "Other Non Operating Income Expenses": -899000.0,
        "Special Income Charges": 0.0,
        "Other Special Charges": 0.0,
        "Net Non Operating Interest Income Expense": -24367000.0,
        "Interest Expense Non Operating": 24851000.0,
        "Interest Income Non Operating": 484000.0,
        "Operating Income": 51560000.0,
        "Operating Expense": 55857000.0,
        "Selling General And Administration": 55857000.0,
        "Gross Profit": 107417000.0,
        "Cost Of Revenue": 1050335000.0,
        "Total Revenue": 1157752000.0,
        "Operating Revenue": 1157752000.0
    },
    "2025-03-31": {
        "Tax Effect Of Unusual Items": -431587.090367,
        "Tax Rate For Calcs": 0.194935,
        "Normalized EBITDA": 60278000.0,
        "Total Unusual Items": -2214000.0,
        "Total Unusual Items Excluding Goodwill": -2214000.0,
        "Net Income From Continuing Operation Net Minority Interest": 8107000.0,
        "Reconciled Depreciation": 28038000.0,
        "Reconciled Cost Of Revenue": 937820000.0,
        "EBITDA": 58064000.0,
        "EBIT": 30026000.0,
        "Net Interest Income": -19719000.0,
        "Interest Expense": 19956000.0,
        "Interest Income": 237000.0,
        "Normalized Income": 9889412.909633,
        "Net Income From Continuing And Discontinued Operation": 8107000.0,
        "Total Expenses": 981625000.0,
        "Total Operating Income As Reported": 34298000.0,
        "Diluted Average Shares": 32021000.0,
        "Basic Average Shares": 31590000.0,
        "Diluted EPS": 0.25,
        "Basic EPS": 0.26,
        "Diluted NI Availto Com Stockholders": 8107000.0,
        "Net Income Common Stockholders": 8107000.0,
        "Net Income": 8107000.0,
        "Net Income Including Noncontrolling Interests": 8107000.0,
        "Net Income Continuous Operations": 8107000.0,
        "Tax Provision": 1963000.0,
        "Pretax Income": 10070000.0,
        "Other Income Expense": -4509000.0,
        "Other Non Operating Income Expenses": -2295000.0,
        "Special Income Charges": -2214000.0,
        "Other Special Charges": 2214000.0,
        "Net Non Operating Interest Income Expense": -19719000.0,
        "Interest Expense Non Operating": 19956000.0,
        "Interest Income Non Operating": 237000.0,
        "Operating Income": 34298000.0,
        "Operating Expense": 43805000.0,
        "Selling General And Administration": 43805000.0,
        "Gross Profit": 78103000.0,
        "Cost Of Revenue": 937820000.0,
        "Total Revenue": 1015923000.0,
        "Operating Revenue": 1015923000.0
    }
}