{
    "2023-03-31": {
        "Tax Effect Of Unusual Items": 396393.222428,
        "Tax Rate For Calcs": 0.166482,
        "Normalized EBITDA": -8497000.0,
        "Total Unusual Items": 2381000.0,
        "Total Unusual Items Excluding Goodwill": 2381000.0,
        "Net Income From Continuing Operation Net Minority Interest": -13514000.0,
        "Reconciled Depreciation": 5823000.0,
        "Reconciled Cost Of Revenue": 47365000.0,
        "EBITDA": -6116000.0,
        "EBIT": -11939000.0,
        "Net Interest Income": -4291000.0,
        "Interest Expense": 4291000.0,
        "Normalized Income": -15498606.777572,
        "Net Income From Continuing And Discontinued Operation": -13514000.0,
        "Total Expenses": 78810000.0,
        "Total Operating Income As Reported": -8182000.0,
        "Diluted Average Shares": 59289659.0,
        "Basic Average Shares": 59289659.0,
        "Diluted EPS": -0.23,
        "Basic EPS": -0.23,
        "Diluted NI Availto Com Stockholders": -13514000.0,
        "Net Income Common Stockholders": -13514000.0,
        "Net Income": -13514000.0,
        "Minority Interests": 14000.0,
        "Net Income Including Noncontrolling Interests": -13528000.0,
        "Net Income Continuous Operations": -13528000.0,
        "Tax Provision": -2702000.0,
        "Pretax Income": -16230000.0,
        "Other Income Expense": 2220000.0,
        "Other Non Operating Income Expenses": -161000.0,
        "Special Income Charges": 5977000.0,
        "Gain On Sale Of Ppe": 5977000.0,
        "Other Special Charges": -884000.0,
        "Impairment Of Capital Assets": 0.0,
        "Restructuring And Mergern Acquisition": 0.0,
        "Gain On Sale Of Security": -3596000.0,
        "Net Non Operating Interest Income Expense": -4291000.0,
        "Interest Expense Non Operating": 4291000.0,
        "Operating Income": -14159000.0,
        "Operating Expense": 27435000.0,
        "Depreciation Amortization Depletion Income Statement": 1813000.0,
        "Depreciation And Amortization In Income Statement": 1813000.0,
        "Amortization": 1813000.0,
        "Amortization Of Intangibles Income Statement": 1813000.0,
        "Selling General And Administration": 25622000.0,
        "General And Administrative Expense": 25622000.0,
        "Other Gand A": 26506000.0,
        "Insurance And Claims": -884000.0,
        "Gross Profit": 13276000.0,
        "Cost Of Revenue": 51375000.0,
        "Total Revenue": 64651000.0,
        "Operating Revenue": 64651000.0
    },
    "2022-12-31": {
        "Tax Effect Of Unusual Items": NaN,
        "Tax Rate For Calcs": NaN,
        "Normalized EBITDA": NaN,
        "Total Unusual Items": NaN,
        "Total Unusual Items Excluding Goodwill": NaN,
        "Net Income From Continuing Operation Net Minority Interest": NaN,
        "Reconciled Depreciation": NaN,
        "Reconciled Cost Of Revenue": NaN,
        "EBITDA": NaN,
        "EBIT": NaN,
        "Net Interest Income": NaN,
        "Interest Expense": NaN,
        "Normalized Income": NaN,
        "Net Income From Continuing And Discontinued Operation": NaN,
        "Total Expenses": NaN,
        "Total Operating Income As Reported": NaN,
        "Diluted Average Shares": 58941899.0,
        "Basic Average Shares": 58941899.0,
        "Diluted EPS": -2.19,
        "Basic EPS": -2.19,
        "Diluted NI Availto Com Stockholders": NaN,
        "Net Income Common Stockholders": NaN,
        "Net Income": NaN,
        "Minority Interests": NaN,
        "Net Income Including Noncontrolling Interests": NaN,
        "Net Income Continuous Operations": NaN,
        "Tax Provision": NaN,
        "Pretax Income": NaN,
        "Other Income Expense": NaN,
        "Other Non Operating Income Expenses": NaN,
        "Special Income Charges": NaN,
        "Gain On Sale Of Ppe": NaN,
        "Other Special Charges": 479000.0,
        "Impairment Of Capital Assets": 137928000.0,
        "Restructuring And Mergern Acquisition": NaN,
        "Gain On Sale Of Security": NaN,
        "Net Non Operating Interest Income Expense": NaN,
        "Interest Expense Non Operating": NaN,
        "Operating Income": NaN,
        "Operating Expense": NaN,
        "Depreciation Amortization Depletion Income Statement": NaN,
        "Depreciation And Amortization In Income Statement": NaN,
        "Amortization": NaN,
        "Amortization Of Intangibles Income Statement": NaN,
        "Selling General And Administration": NaN,
        "General And Administrative Expense": 32139000.0,
        "Other Gand A": 32139000.0,
        "Insurance And Claims": 0.0,
        "Gross Profit": NaN,
        "Cost Of Revenue": NaN,
        "Total Revenue": NaN,
        "Operating Revenue": NaN
    },
    "2022-09-30": {
        "Tax Effect Of Unusual Items": NaN,
        "Tax Rate For Calcs": NaN,
        "Normalized EBITDA": NaN,
        "Total Unusual Items": NaN,
        "Total Unusual Items Excluding Goodwill": NaN,
        "Net Income From Continuing Operation Net Minority Interest": NaN,
        "Reconciled Depreciation": NaN,
        "Reconciled Cost Of Revenue": NaN,
        "EBITDA": NaN,
        "EBIT": NaN,
        "Net Interest Income": NaN,
        "Interest Expense": NaN,
        "Normalized Income": NaN,
        "Net Income From Continuing And Discontinued Operation": NaN,
        "Total Expenses": NaN,
        "Total Operating Income As Reported": NaN,
        "Diluted Average Shares": NaN,
        "Basic Average Shares": NaN,
        "Diluted EPS": NaN,
        "Basic EPS": NaN,
        "Diluted NI Availto Com Stockholders": NaN,
        "Net Income Common Stockholders": NaN,
        "Otherunder Preferred Stock Dividend": 0.0,
        "Net Income": NaN,
        "Minority Interests": NaN,
        "Net Income Including Noncontrolling Interests": NaN,
        "Net Income Continuous Operations": NaN,
        "Tax Provision": NaN,
        "Pretax Income": NaN,
        "Other Income Expense": NaN,
        "Other Non Operating Income Expenses": NaN,
        "Special Income Charges": NaN,
        "Gain On Sale Of Ppe": NaN,
        "Other Special Charges": -530000.0,
        "Impairment Of Capital Assets": NaN,
        "Restructuring And Mergern Acquisition": NaN,
        "Gain On Sale Of Security": NaN,
        "Net Non Operating Interest Income Expense": NaN,
        "Interest Expense Non Operating": NaN,
        "Operating Income": NaN,
        "Operating Expense": NaN,
        "Depreciation Amortization Depletion Income Statement": NaN,
        "Depreciation And Amortization In Income Statement": NaN,
        "Amortization": NaN,
        "Amortization Of Intangibles Income Statement": NaN,
        "Selling General And Administration": NaN,
        "General And Administrative Expense": NaN,
        "Other Gand A": NaN,
        "Insurance And Claims": NaN,
        "Gross Profit": NaN,
        "Cost Of Revenue": NaN,
        "Total Revenue": NaN,
        "Operating Revenue": NaN
    },
    "2022-06-30": {
        "Tax Effect Of Unusual Items": 4858936.123348,
        "Tax Rate For Calcs": 0.228183,
        "Normalized EBITDA": -37277000.0,
        "Total Unusual Items": 21294000.0,
        "Total Unusual Items Excluding Goodwill": 21294000.0,
        "Net Income From Continuing Operation Net Minority Interest": -14747000.0,
        "Reconciled Depreciation": 6565000.0,
        "Reconciled Cost Of Revenue": 75501000.0,
        "EBITDA": -15983000.0,
        "EBIT": -15983000.0,
        "Net Interest Income": -3085000.0,
        "Interest Expense": 3085000.0,
        "Normalized Income": -31182063.876652,
        "Net Income From Continuing And Discontinued Operation": -14747000.0,
        "Total Expenses": 110135000.0,
        "Total Operating Income As Reported": -27670000.0,
        "Diluted Average Shares": 60375382.0,
        "Basic Average Shares": 60375382.0,
        "Diluted EPS": -0.24,
        "Basic EPS": -0.24,
        "Diluted NI Availto Com Stockholders": -14747000.0,
        "Average Dilution Earnings": 0.0,
        "Net Income Common Stockholders": -14747000.0,
        "Otherunder Preferred Stock Dividend": 0.0,
        "Net Income": -14747000.0,
        "Minority Interests": -30000.0,
        "Net Income Including Noncontrolling Interests": -14717000.0,
        "Net Income Continuous Operations": -14717000.0,
        "Tax Provision": -4351000.0,
        "Pretax Income": -19068000.0,
        "Other Income Expense": 18613000.0,
        "Other Non Operating Income Expenses": -2681000.0,
        "Special Income Charges": 6926000.0,
        "Gain On Sale Of Ppe": 356000.0,
        "Other Special Charges": -3000000.0,
        "Impairment Of Capital Assets": 0.0,
        "Restructuring And Mergern Acquisition": -3570000.0,
        "Gain On Sale Of Security": 14368000.0,
        "Net Non Operating Interest Income Expense": -3085000.0,
        "Interest Expense Non Operating": 3085000.0,
        "Operating Income": -34596000.0,
        "Operating Expense": 34634000.0,
        "Depreciation Amortization Depletion Income Statement": NaN,
        "Depreciation And Amortization In Income Statement": NaN,
        "Amortization": NaN,
        "Amortization Of Intangibles Income Statement": NaN,
        "Selling General And Administration": 34634000.0,
        "Gross Profit": 38000.0,
        "Cost Of Revenue": 75501000.0,
        "Total Revenue": 75539000.0,
        "Operating Revenue": 75539000.0
    },
    "2022-03-31": {
        "Diluted EPS": 0.05,
        "Total Revenue": 79,
        "Gross Profit": 28,
        "Operating Income": 1,
        "EBIT": 9,
        "Net Income": 3
    },
    "2021-12-31": {
        "Diluted EPS": 0.14,
        "Total Revenue": 84,
        "Gross Profit": 38,
        "Operating Income": 13,
        "EBIT": 19,
        "Net Income": 9
    },
    "2021-09-30": {
        "Diluted EPS": 0.05,
        "Total Revenue": 56,
        "Gross Profit": 23,
        "Operating Income": 6,
        "EBIT": 10,
        "Net Income": 3
    },
    "2021-06-30": {
        "Diluted EPS": -0.18,
        "Total Revenue": 57,
        "Gross Profit": 11,
        "Operating Income": -11,
        "EBIT": -6,
        "Net Income": -5
    },
    "2021-03-31": {
        "Diluted EPS": -0.04,
        "Total Revenue": 47,
        "Gross Profit": 18,
        "Operating Income": 0,
        "EBIT": 3,
        "Net Income": -1
    },
    "2020-12-31": {
        "Diluted EPS": 0.27,
        "Total Revenue": 63,
        "Gross Profit": 23,
        "Operating Income": 11,
        "EBIT": 14,
        "Net Income": 8
    },
    "2020-09-30": {
        "Diluted EPS": 0.12,
        "Total Revenue": 54,
        "Gross Profit": 23,
        "Operating Income": 9,
        "EBIT": 11,
        "Net Income": 3
    },
    "2020-06-30": {
        "Diluted EPS": 0.0,
        "Total Revenue": NaN,
        "Gross Profit": NaN,
        "Operating Income": NaN,
        "EBIT": NaN,
        "Net Income": NaN
    },
    "2019-12-31": {
        "Diluted EPS": 0.0,
        "Total Revenue": NaN,
        "Gross Profit": NaN,
        "Operating Income": NaN,
        "EBIT": NaN,
        "Net Income": NaN
    },
    "2023-06-30": {
        "Tax Effect Of Unusual Items": -4841856.182387,
        "Tax Rate For Calcs": 0.127474,
        "Normalized EBITDA": -5834000.0,
        "Total Unusual Items": -37983000.0,
        "Total Unusual Items Excluding Goodwill": -37983000.0,
        "Net Income From Continuing Operation Net Minority Interest": -48937000.0,
        "Reconciled Depreciation": 7023000.0,
        "Reconciled Cost Of Revenue": 37834000.0,
        "EBITDA": -43817000.0,
        "EBIT": -50840000.0,
        "Net Interest Income": -5085000.0,
        "Interest Expense": 5085000.0,
        "Normalized Income": -15795856.182387,
        "Net Income From Continuing And Discontinued Operation": -48937000.0,
        "Total Expenses": 70830000.0,
        "Total Operating Income As Reported": -51736000.0,
        "Diluted Average Shares": NaN,
        "Basic Average Shares": NaN,
        "Diluted EPS": NaN,
        "Basic EPS": NaN,
        "Diluted NI Availto Com Stockholders": -48937000.0,
        "Net Income Common Stockholders": -48937000.0,
        "Net Income": -48937000.0,
        "Minority Interests": -141000.0,
        "Net Income Including Noncontrolling Interests": -48796000.0,
        "Net Income Continuous Operations": -48796000.0,
        "Tax Provision": -7129000.0,
        "Pretax Income": -55925000.0,
        "Other Income Expense": -38538000.0,
        "Other Non Operating Income Expenses": -555000.0,
        "Special Income Charges": -39434000.0,
        "Gain On Sale Of Ppe": -14475000.0,
        "Other Special Charges": -876000.0,
        "Impairment Of Capital Assets": 23046000.0,
        "Restructuring And Mergern Acquisition": 2789000.0,
        "Gain On Sale Of Security": 1451000.0,
        "Net Non Operating Interest Income Expense": -5085000.0,
        "Interest Expense Non Operating": 5085000.0,
        "Operating Income": -12302000.0,
        "Operating Expense": 27801000.0,
        "Depreciation Amortization Depletion Income Statement": 1828000.0,
        "Depreciation And Amortization In Income Statement": 1828000.0,
        "Amortization": 1828000.0,
        "Amortization Of Intangibles Income Statement": 1828000.0,
        "Selling General And Administration": 25973000.0,
        "General And Administrative Expense": NaN,
        "Other Gand A": NaN,
        "Insurance And Claims": NaN,
        "Gross Profit": 15499000.0,
        "Cost Of Revenue": 43029000.0,
        "Total Revenue": 58528000.0,
        "Operating Revenue": 58528000.0
    },
    "2023-09-30": {
        "Tax Effect Of Unusual Items": -896910.0,
        "Tax Rate For Calcs": 0.21,
        "Normalized EBITDA": 187000.0,
        "Total Unusual Items": -4271000.0,
        "Total Unusual Items Excluding Goodwill": -4271000.0,
        "Net Income From Continuing Operation Net Minority Interest": -15058000.0,
        "Reconciled Depreciation": 5845000.0,
        "Reconciled Cost Of Revenue": 44365000.0,
        "EBITDA": -4084000.0,
        "EBIT": -9929000.0,
        "Net Interest Income": -4925000.0,
        "Interest Expense": 4925000.0,
        "Normalized Income": -11683910.0,
        "Net Income From Continuing And Discontinued Operation": -15058000.0,
        "Total Expenses": 78959000.0,
        "Total Operating Income As Reported": -9861000.0,
        "Diluted Average Shares": 59413048.0,
        "Basic Average Shares": 59413048.0,
        "Diluted EPS": -0.25,
        "Basic EPS": -0.25,
        "Diluted NI Availto Com Stockholders": -15058000.0,
        "Net Income Common Stockholders": -15058000.0,
        "Net Income": -15058000.0,
        "Minority Interests": 40000.0,
        "Net Income Including Noncontrolling Interests": -15098000.0,
        "Net Income Continuous Operations": -15098000.0,
        "Tax Provision": 244000.0,
        "Pretax Income": -14854000.0,
        "Other Income Expense": -4244000.0,
        "Other Non Operating Income Expenses": 27000.0,
        "Special Income Charges": -4176000.0,
        "Gain On Sale Of Ppe": 797000.0,
        "Other Special Charges": NaN,
        "Impairment Of Capital Assets": NaN,
        "Restructuring And Mergern Acquisition": 4973000.0,
        "Gain On Sale Of Security": -95000.0,
        "Net Non Operating Interest Income Expense": -4925000.0,
        "Interest Expense Non Operating": 4925000.0,
        "Operating Income": -5685000.0,
        "Operating Expense": 30385000.0,
        "Depreciation Amortization Depletion Income Statement": 1636000.0,
        "Depreciation And Amortization In Income Statement": 1636000.0,
        "Amortization": 1636000.0,
        "Amortization Of Intangibles Income Statement": 1636000.0,
        "Selling General And Administration": 28749000.0,
        "General And Administrative Expense": NaN,
        "Other Gand A": NaN,
        "Insurance And Claims": NaN,
        "Gross Profit": 24700000.0,
        "Cost Of Revenue": 48574000.0,
        "Total Revenue": 73274000.0,
        "Operating Revenue": 73274000.0
    },
    "2023-12-31": {
        "Tax Effect Of Unusual Items": -4531.301682,
        "Tax Rate For Calcs": 0.004014,
        "Normalized EBITDA": -36373000.0,
        "Total Unusual Items": -1129000.0,
        "Total Unusual Items Excluding Goodwill": -1129000.0,
        "Net Income From Continuing Operation Net Minority Interest": -49351000.0,
        "Reconciled Depreciation": 5961000.0,
        "Reconciled Cost Of Revenue": 78899000.0,
        "EBITDA": -37502000.0,
        "EBIT": -43463000.0,
        "Net Interest Income": -6119000.0,
        "Interest Expense": 6119000.0,
        "Normalized Income": -48226531.301682,
        "Net Income From Continuing And Discontinued Operation": -49351000.0,
        "Total Expenses": 110270000.0,
        "Total Operating Income As Reported": -40684000.0,
        "Diluted Average Shares": 59721395.0,
        "Basic Average Shares": 59721395.0,
        "Diluted EPS": -0.83,
        "Basic EPS": -0.83,
        "Diluted NI Availto Com Stockholders": -49351000.0,
        "Net Income Common Stockholders": -49351000.0,
        "Net Income": -49351000.0,
        "Minority Interests": 32000.0,
        "Net Income Including Noncontrolling Interests": -49383000.0,
        "Net Income Continuous Operations": -49383000.0,
        "Tax Provision": -199000.0,
        "Pretax Income": -49582000.0,
        "Other Income Expense": -1182000.0,
        "Other Non Operating Income Expenses": -53000.0,
        "Special Income Charges": 1597000.0,
        "Gain On Sale Of Ppe": 2000.0,
        "Other Special Charges": NaN,
        "Impairment Of Capital Assets": 4742000.0,
        "Restructuring And Mergern Acquisition": -6337000.0,
        "Gain On Sale Of Security": -2726000.0,
        "Net Non Operating Interest Income Expense": -6119000.0,
        "Interest Expense Non Operating": 6119000.0,
        "Operating Income": -42281000.0,
        "Operating Expense": 27298000.0,
        "Depreciation Amortization Depletion Income Statement": 1888000.0,
        "Depreciation And Amortization In Income Statement": 1888000.0,
        "Amortization": 1888000.0,
        "Amortization Of Intangibles Income Statement": 1888000.0,
        "Selling General And Administration": 25410000.0,
        "General And Administrative Expense": 25410000.0,
        "Other Gand A": 25262000.0,
        "Insurance And Claims": 148000.0,
        "Gross Profit": -14983000.0,
        "Cost Of Revenue": 82972000.0,
        "Total Revenue": 67989000.0,
        "Operating Revenue": 67989000.0
    },
    "2024-03-31": {
        "Tax Effect Of Unusual Items": -47170.92561,
        "Tax Rate For Calcs": 0.008631,
        "Normalized EBITDA": -9886000.0,
        "Total Unusual Items": -5465000.0,
        "Total Unusual Items Excluding Goodwill": -5465000.0,
        "Net Income From Continuing Operation Net Minority Interest": -26154000.0,
        "Reconciled Depreciation": 4956000.0,
        "Reconciled Cost Of Revenue": 31264000.0,
        "EBITDA": -15351000.0,
        "EBIT": -20307000.0,
        "Net Interest Income": -6108000.0,
        "Interest Expense": 6108000.0,
        "Normalized Income": -20736170.92561,
        "Net Income From Continuing And Discontinued Operation": -26154000.0,
        "Total Expenses": 60378000.0,
        "Total Operating Income As Reported": -20535000.0,
        "Diluted Average Shares": 59902030.0,
        "Basic Average Shares": 59902030.0,
        "Diluted EPS": -0.44,
        "Basic EPS": -0.44,
        "Diluted NI Availto Com Stockholders": -26154000.0,
        "Net Income Common Stockholders": -26154000.0,
        "Net Income": -26154000.0,
        "Minority Interests": 33000.0,
        "Net Income Including Noncontrolling Interests": -26187000.0,
        "Net Income Continuous Operations": -26187000.0,
        "Tax Provision": -228000.0,
        "Pretax Income": -26415000.0,
        "Other Income Expense": -5594000.0,
        "Other Non Operating Income Expenses": -129000.0,
        "Special Income Charges": -5822000.0,
        "Gain On Sale Of Ppe": -5241000.0,
        "Other Special Charges": NaN,
        "Impairment Of Capital Assets": 360000.0,
        "Restructuring And Mergern Acquisition": 221000.0,
        "Gain On Sale Of Security": 357000.0,
        "Net Non Operating Interest Income Expense": -6108000.0,
        "Interest Expense Non Operating": 6108000.0,
        "Operating Income": -14713000.0,
        "Operating Expense": 25213000.0,
        "Depreciation Amortization Depletion Income Statement": 1055000.0,
        "Depreciation And Amortization In Income Statement": 1055000.0,
        "Amortization": 1055000.0,
        "Amortization Of Intangibles Income Statement": 1055000.0,
        "Selling General And Administration": 24158000.0,
        "General And Administrative Expense": 24158000.0,
        "Other Gand A": 24158000.0,
        "Insurance And Claims": 0.0,
        "Gross Profit": 10500000.0,
        "Cost Of Revenue": 35165000.0,
        "Total Revenue": 45665000.0,
        "Operating Revenue": 45665000.0
    }
}