{
    "2023-06-30": {
        "Tax Effect Of Unusual Items": NaN,
        "Tax Rate For Calcs": NaN,
        "Normalized EBITDA": NaN,
        "Total Unusual Items": NaN,
        "Total Unusual Items Excluding Goodwill": NaN,
        "Net Income From Continuing Operation Net Minority Interest": NaN,
        "Reconciled Depreciation": NaN,
        "Reconciled Cost Of Revenue": NaN,
        "EBITDA": NaN,
        "EBIT": NaN,
        "Net Interest Income": NaN,
        "Interest Expense": NaN,
        "Normalized Income": NaN,
        "Net Income From Continuing And Discontinued Operation": NaN,
        "Total Expenses": NaN,
        "Total Operating Income As Reported": NaN,
        "Diluted Average Shares": NaN,
        "Basic Average Shares": NaN,
        "Diluted EPS": NaN,
        "Basic EPS": NaN,
        "Diluted NI Availto Com Stockholders": NaN,
        "Net Income Common Stockholders": NaN,
        "Net Income": NaN,
        "Minority Interests": NaN,
        "Net Income Including Noncontrolling Interests": NaN,
        "Net Income Continuous Operations": NaN,
        "Tax Provision": NaN,
        "Pretax Income": NaN,
        "Other Income Expense": NaN,
        "Other Non Operating Income Expenses": NaN,
        "Earnings From Equity Interest": NaN,
        "Gain On Sale Of Security": NaN,
        "Net Non Operating Interest Income Expense": NaN,
        "Interest Expense Non Operating": NaN,
        "Operating Income": NaN,
        "Operating Expense": NaN,
        "Depreciation Amortization Depletion Income Statement": NaN,
        "Depreciation And Amortization In Income Statement": NaN,
        "Amortization": NaN,
        "Amortization Of Intangibles Income Statement": NaN,
        "Research And Development": NaN,
        "Selling General And Administration": NaN,
        "General And Administrative Expense": 284000000.0,
        "Other Gand A": 285000000.0,
        "Salaries And Wages": -1000000.0,
        "Gross Profit": NaN,
        "Cost Of Revenue": NaN,
        "Total Revenue": NaN,
        "Operating Revenue": NaN
    },
    "2023-03-31": {
        "Tax Effect Of Unusual Items": 510000.0,
        "Tax Rate For Calcs": 0.255,
        "Normalized EBITDA": 390000000.0,
        "Total Unusual Items": 2000000.0,
        "Total Unusual Items Excluding Goodwill": 2000000.0,
        "Net Income From Continuing Operation Net Minority Interest": 169000000.0,
        "Reconciled Depreciation": 111000000.0,
        "Reconciled Cost Of Revenue": 1493000000.0,
        "EBITDA": 392000000.0,
        "EBIT": 281000000.0,
        "Net Interest Income": -48000000.0,
        "Interest Expense": 48000000.0,
        "Normalized Income": 167510000.0,
        "Net Income From Continuing And Discontinued Operation": 169000000.0,
        "Total Expenses": 1918000000.0,
        "Total Operating Income As Reported": 276000000.0,
        "Diluted Average Shares": 180600000.0,
        "Basic Average Shares": 179900000.0,
        "Diluted EPS": 0.93,
        "Basic EPS": 0.94,
        "Diluted NI Availto Com Stockholders": 169000000.0,
        "Net Income Common Stockholders": 169000000.0,
        "Net Income": 169000000.0,
        "Minority Interests": -4000000.0,
        "Net Income Including Noncontrolling Interests": 173000000.0,
        "Net Income Continuous Operations": 173000000.0,
        "Tax Provision": 60000000.0,
        "Pretax Income": 233000000.0,
        "Other Income Expense": 5000000.0,
        "Other Non Operating Income Expenses": 2000000.0,
        "Earnings From Equity Interest": 1000000.0,
        "Gain On Sale Of Security": 2000000.0,
        "Net Non Operating Interest Income Expense": -48000000.0,
        "Interest Expense Non Operating": 48000000.0,
        "Operating Income": 276000000.0,
        "Operating Expense": 389000000.0,
        "Depreciation Amortization Depletion Income Statement": 75000000.0,
        "Depreciation And Amortization In Income Statement": 75000000.0,
        "Amortization": 75000000.0,
        "Amortization Of Intangibles Income Statement": 75000000.0,
        "Research And Development": 51000000.0,
        "Selling General And Administration": 263000000.0,
        "Gross Profit": 665000000.0,
        "Cost Of Revenue": 1529000000.0,
        "Total Revenue": 2194000000.0,
        "Operating Revenue": 2194000000.0
    },
    "2022-12-31": {
        "Tax Effect Of Unusual Items": NaN,
        "Tax Rate For Calcs": NaN,
        "Normalized EBITDA": NaN,
        "Total Unusual Items": NaN,
        "Total Unusual Items Excluding Goodwill": NaN,
        "Net Income From Continuing Operation Net Minority Interest": NaN,
        "Reconciled Depreciation": NaN,
        "Reconciled Cost Of Revenue": NaN,
        "EBITDA": NaN,
        "EBIT": NaN,
        "Net Interest Income": NaN,
        "Interest Expense": NaN,
        "Normalized Income": NaN,
        "Net Income From Continuing And Discontinued Operation": NaN,
        "Total Expenses": NaN,
        "Total Operating Income As Reported": NaN,
        "Diluted Average Shares": NaN,
        "Basic Average Shares": NaN,
        "Diluted EPS": NaN,
        "Basic EPS": NaN,
        "Diluted NI Availto Com Stockholders": NaN,
        "Net Income Common Stockholders": NaN,
        "Net Income": NaN,
        "Minority Interests": NaN,
        "Net Income Including Noncontrolling Interests": NaN,
        "Net Income Continuous Operations": NaN,
        "Tax Provision": NaN,
        "Pretax Income": NaN,
        "Other Income Expense": NaN,
        "Other Non Operating Income Expenses": -1000000.0,
        "Earnings From Equity Interest": NaN,
        "Gain On Sale Of Security": NaN,
        "Net Non Operating Interest Income Expense": NaN,
        "Interest Expense Non Operating": NaN,
        "Operating Income": NaN,
        "Operating Expense": NaN,
        "Depreciation Amortization Depletion Income Statement": NaN,
        "Depreciation And Amortization In Income Statement": NaN,
        "Amortization": NaN,
        "Amortization Of Intangibles Income Statement": NaN,
        "Research And Development": NaN,
        "Selling General And Administration": NaN,
        "Gross Profit": NaN,
        "Cost Of Revenue": NaN,
        "Total Revenue": NaN,
        "Operating Revenue": NaN
    },
    "2022-09-30": {
        "Tax Effect Of Unusual Items": -1482000.0,
        "Tax Rate For Calcs": 0.247,
        "Normalized EBITDA": 376000000.0,
        "Total Unusual Items": -6000000.0,
        "Total Unusual Items Excluding Goodwill": -6000000.0,
        "Net Income From Continuing Operation Net Minority Interest": 160000000.0,
        "Reconciled Depreciation": 105000000.0,
        "Reconciled Cost Of Revenue": 1401000000.0,
        "EBITDA": 370000000.0,
        "EBIT": 265000000.0,
        "Net Interest Income": -48000000.0,
        "Interest Expense": 48000000.0,
        "Normalized Income": 164518000.0,
        "Net Income From Continuing And Discontinued Operation": 160000000.0,
        "Total Expenses": 1820000000.0,
        "Total Operating Income As Reported": 261000000.0,
        "Diluted Average Shares": 181900000.0,
        "Basic Average Shares": 181300000.0,
        "Diluted EPS": 0.88,
        "Basic EPS": 0.88,
        "Diluted NI Availto Com Stockholders": 160000000.0,
        "Net Income Common Stockholders": 160000000.0,
        "Net Income": 160000000.0,
        "Minority Interests": -3000000.0,
        "Net Income Including Noncontrolling Interests": 163000000.0,
        "Net Income Continuous Operations": 163000000.0,
        "Tax Provision": 54000000.0,
        "Pretax Income": 217000000.0,
        "Other Income Expense": 4000000.0,
        "Other Non Operating Income Expenses": 4000000.0,
        "Earnings From Equity Interest": 6000000.0,
        "Gain On Sale Of Security": -6000000.0,
        "Net Non Operating Interest Income Expense": -48000000.0,
        "Interest Expense Non Operating": 48000000.0,
        "Operating Income": 261000000.0,
        "Operating Expense": 387000000.0,
        "Other Operating Expenses": NaN,
        "Depreciation Amortization Depletion Income Statement": 73000000.0,
        "Depreciation And Amortization In Income Statement": 73000000.0,
        "Amortization": 73000000.0,
        "Amortization Of Intangibles Income Statement": 73000000.0,
        "Research And Development": 54000000.0,
        "Selling General And Administration": 260000000.0,
        "Gross Profit": 648000000.0,
        "Cost Of Revenue": 1433000000.0,
        "Total Revenue": 2081000000.0,
        "Operating Revenue": 2081000000.0
    },
    "2022-06-30": {
        "Tax Effect Of Unusual Items": -510000.0,
        "Tax Rate For Calcs": 0.255,
        "Normalized EBITDA": 378000000.0,
        "Total Unusual Items": -2000000.0,
        "Total Unusual Items Excluding Goodwill": -2000000.0,
        "Net Income From Continuing Operation Net Minority Interest": 166000000.0,
        "Reconciled Depreciation": 105000000.0,
        "Reconciled Cost Of Revenue": 1370000000.0,
        "EBITDA": 376000000.0,
        "EBIT": 271000000.0,
        "Net Interest Income": -44000000.0,
        "Interest Expense": 44000000.0,
        "Normalized Income": 167490000.0,
        "Net Income From Continuing And Discontinued Operation": 166000000.0,
        "Total Expenses": 1784000000.0,
        "Total Operating Income As Reported": 264000000.0,
        "Diluted Average Shares": 182400000.0,
        "Basic Average Shares": 181900000.0,
        "Diluted EPS": 0.91,
        "Basic EPS": 0.91,
        "Diluted NI Availto Com Stockholders": 166000000.0,
        "Net Income Common Stockholders": 166000000.0,
        "Net Income": 166000000.0,
        "Minority Interests": -3000000.0,
        "Net Income Including Noncontrolling Interests": 169000000.0,
        "Net Income Continuous Operations": 169000000.0,
        "Tax Provision": 58000000.0,
        "Pretax Income": 227000000.0,
        "Other Income Expense": 7000000.0,
        "Other Non Operating Income Expenses": 2000000.0,
        "Earnings From Equity Interest": 7000000.0,
        "Gain On Sale Of Security": -2000000.0,
        "Net Non Operating Interest Income Expense": -44000000.0,
        "Interest Expense Non Operating": 44000000.0,
        "Operating Income": 264000000.0,
        "Operating Expense": 381000000.0,
        "Other Operating Expenses": NaN,
        "Depreciation Amortization Depletion Income Statement": 72000000.0,
        "Depreciation And Amortization In Income Statement": 72000000.0,
        "Amortization": 72000000.0,
        "Amortization Of Intangibles Income Statement": 72000000.0,
        "Research And Development": 50000000.0,
        "Selling General And Administration": 259000000.0,
        "Gross Profit": 645000000.0,
        "Cost Of Revenue": 1403000000.0,
        "Total Revenue": 2048000000.0,
        "Operating Revenue": 2048000000.0
    },
    "2022-03-31": {
        "Diluted EPS": 0.8,
        "Total Revenue": NaN,
        "Gross Profit": 595,
        "Operating Income": 239,
        "EBIT": 349,
        "Net Income": 149
    },
    "2021-12-31": {
        "Diluted EPS": 1.02,
        "Total Revenue": NaN,
        "Gross Profit": 652,
        "Operating Income": 264,
        "EBIT": 373,
        "Net Income": 190
    },
    "2021-09-30": {
        "Diluted EPS": 0.69,
        "Total Revenue": NaN,
        "Gross Profit": 603,
        "Operating Income": 217,
        "EBIT": 323,
        "Net Income": 131
    },
    "2021-06-30": {
        "Diluted EPS": 0.66,
        "Total Revenue": NaN,
        "Gross Profit": 580,
        "Operating Income": 203,
        "EBIT": 322,
        "Net Income": 125
    },
    "2021-03-31": {
        "Diluted EPS": 0.59,
        "Total Revenue": NaN,
        "Gross Profit": 534,
        "Operating Income": 192,
        "EBIT": 299,
        "Net Income": 112
    },
    "2020-12-31": {
        "Diluted EPS": 0.46,
        "Total Revenue": NaN,
        "Gross Profit": 505,
        "Operating Income": 162,
        "EBIT": 261,
        "Net Income": 88
    },
    "2020-09-30": {
        "Diluted EPS": 0.67,
        "Total Revenue": NaN,
        "Gross Profit": 566,
        "Operating Income": 207,
        "EBIT": 314,
        "Net Income": 128
    },
    "2020-06-30": {
        "Diluted EPS": 0.46,
        "Total Revenue": NaN,
        "Gross Profit": 487,
        "Operating Income": 159,
        "EBIT": 260,
        "Net Income": 87
    },
    "2020-03-31": {
        "Diluted EPS": 0.58,
        "Total Revenue": NaN,
        "Gross Profit": 579,
        "Operating Income": 217,
        "EBIT": 296,
        "Net Income": 112
    },
    "2019-12-31": {
        "Diluted EPS": 0.86,
        "Total Revenue": NaN,
        "Gross Profit": 675,
        "Operating Income": 226,
        "EBIT": 286,
        "Net Income": 136
    },
    "2019-09-30": {
        "Diluted EPS": 0.48,
        "Total Revenue": NaN,
        "Gross Profit": 599,
        "Operating Income": 169,
        "EBIT": 273,
        "Net Income": 91
    },
    "2019-06-30": {
        "Diluted EPS": 0.54,
        "Total Revenue": NaN,
        "Gross Profit": 615,
        "Operating Income": 201,
        "EBIT": 300,
        "Net Income": 104
    },
    "2019-03-31": {
        "Diluted EPS": -0.04,
        "Total Revenue": NaN,
        "Gross Profit": 389,
        "Operating Income": 67,
        "EBIT": 123,
        "Net Income": -5
    },
    "2018-12-31": {
        "Diluted EPS": 0.35,
        "Total Revenue": NaN,
        "Gross Profit": 297,
        "Operating Income": 93,
        "EBIT": 120,
        "Net Income": 34
    },
    "2018-09-30": {
        "Diluted EPS": 0.91,
        "Total Revenue": NaN,
        "Gross Profit": 302,
        "Operating Income": 125,
        "EBIT": 155,
        "Net Income": 88
    },
    "2018-06-30": {
        "Diluted EPS": 0.87,
        "Total Revenue": NaN,
        "Gross Profit": 324,
        "Operating Income": 124,
        "EBIT": 149,
        "Net Income": 84
    },
    "2018-03-31": {
        "Diluted EPS": 0.92,
        "Total Revenue": NaN,
        "Gross Profit": 311,
        "Operating Income": 131,
        "EBIT": 159,
        "Net Income": 88
    },
    "2017-12-31": {
        "Diluted EPS": 0.5,
        "Total Revenue": NaN,
        "Gross Profit": 268,
        "Operating Income": 92,
        "EBIT": 118,
        "Net Income": 49
    },
    "2017-09-30": {
        "Diluted EPS": 0.7,
        "Total Revenue": 958,
        "Gross Profit": 253,
        "Operating Income": 102,
        "EBIT": 128,
        "Net Income": 67
    },
    "2017-06-30": {
        "Diluted EPS": 0.75,
        "Total Revenue": 932,
        "Gross Profit": 274,
        "Operating Income": 113,
        "EBIT": 139,
        "Net Income": 72
    },
    "2017-03-31": {
        "Diluted EPS": 0.77,
        "Total Revenue": 916,
        "Gross Profit": 270,
        "Operating Income": 115,
        "EBIT": 140,
        "Net Income": 74
    },
    "2016-12-31": {
        "Diluted EPS": 0.41,
        "Total Revenue": 760,
        "Gross Profit": 219,
        "Operating Income": 61,
        "EBIT": 81,
        "Net Income": 38
    },
    "2016-09-30": {
        "Diluted EPS": 0.91,
        "Total Revenue": 676,
        "Gross Profit": 212,
        "Operating Income": 120,
        "EBIT": 136,
        "Net Income": 82
    },
    "2016-06-30": {
        "Diluted EPS": 1.0,
        "Total Revenue": 724,
        "Gross Profit": 237,
        "Operating Income": 133,
        "EBIT": 150,
        "Net Income": 90
    },
    "2016-03-31": {
        "Diluted EPS": 1.02,
        "Total Revenue": 772,
        "Gross Profit": 255,
        "Operating Income": 142,
        "EBIT": 158,
        "Net Income": 94
    },
    "2015-12-31": {
        "Diluted EPS": 1.05,
        "Total Revenue": 833,
        "Gross Profit": 268,
        "Operating Income": 151,
        "EBIT": 168,
        "Net Income": 102
    },
    "2015-09-30": {
        "Diluted EPS": 1.02,
        "Total Revenue": 810,
        "Gross Profit": 257,
        "Operating Income": 152,
        "EBIT": 169,
        "Net Income": 99
    },
    "2015-06-30": {
        "Diluted EPS": 1.04,
        "Total Revenue": 847,
        "Gross Profit": 268,
        "Operating Income": 156,
        "EBIT": 172,
        "Net Income": 102
    },
    "2015-03-31": {
        "Diluted EPS": 0.99,
        "Total Revenue": 819,
        "Gross Profit": 255,
        "Operating Income": 148,
        "EBIT": 164,
        "Net Income": 96
    },
    "2014-12-31": {
        "Diluted EPS": 0.95,
        "Total Revenue": 821,
        "Gross Profit": 254,
        "Operating Income": 137,
        "EBIT": 153,
        "Net Income": 94
    },
    "2014-09-30": {
        "Diluted EPS": 0.93,
        "Total Revenue": 797,
        "Gross Profit": 247,
        "Operating Income": 136,
        "EBIT": 153,
        "Net Income": 90
    },
    "2014-06-30": {
        "Diluted EPS": 0.91,
        "Total Revenue": 731,
        "Gross Profit": 225,
        "Operating Income": 132,
        "EBIT": 147,
        "Net Income": 88
    },
    "2014-03-31": {
        "Diluted EPS": 0.83,
        "Total Revenue": 695,
        "Gross Profit": 210,
        "Operating Income": 122,
        "EBIT": 135,
        "Net Income": 80
    },
    "2013-12-31": {
        "Diluted EPS": 0.76,
        "Total Revenue": 681,
        "Gross Profit": 200,
        "Operating Income": 111,
        "EBIT": 125,
        "Net Income": 75
    },
    "2013-09-30": {
        "Diluted EPS": 0.76,
        "Total Revenue": 631,
        "Gross Profit": 188,
        "Operating Income": 110,
        "EBIT": 122,
        "Net Income": 74
    },
    "2013-06-30": {
        "Diluted EPS": 0.77,
        "Total Revenue": 638,
        "Gross Profit": 193,
        "Operating Income": 113,
        "EBIT": 126,
        "Net Income": 74
    },
    "2013-03-31": {
        "Diluted EPS": 0.72,
        "Total Revenue": 616,
        "Gross Profit": 183,
        "Operating Income": 104,
        "EBIT": 115,
        "Net Income": 69
    },
    "2012-12-31": {
        "Diluted EPS": 0.67,
        "Total Revenue": 610,
        "Gross Profit": 180,
        "Operating Income": 100,
        "EBIT": 113,
        "Net Income": 65
    },
    "2012-09-30": {
        "Diluted EPS": 0.65,
        "Total Revenue": 588,
        "Gross Profit": 171,
        "Operating Income": 97,
        "EBIT": 108,
        "Net Income": 63
    },
    "2012-06-30": {
        "Diluted EPS": 0.67,
        "Total Revenue": 610,
        "Gross Profit": 173,
        "Operating Income": 101,
        "EBIT": 111,
        "Net Income": 64
    },
    "2012-03-31": {
        "Diluted EPS": 0.61,
        "Total Revenue": 583,
        "Gross Profit": 169,
        "Operating Income": 94,
        "EBIT": 104,
        "Net Income": 59
    },
    "2011-12-31": {
        "Diluted EPS": 0.48,
        "Total Revenue": 535,
        "Gross Profit": 147,
        "Operating Income": 73,
        "EBIT": 84,
        "Net Income": 45
    },
    "2011-09-30": {
        "Diluted EPS": 0.48,
        "Total Revenue": 499,
        "Gross Profit": 147,
        "Operating Income": 75,
        "EBIT": 88,
        "Net Income": 47
    },
    "2011-06-30": {
        "Diluted EPS": 0.38,
        "Total Revenue": 479,
        "Gross Profit": 143,
        "Operating Income": 56,
        "EBIT": 66,
        "Net Income": 36
    },
    "2011-03-31": {
        "Diluted EPS": 0.43,
        "Total Revenue": 455,
        "Gross Profit": 133,
        "Operating Income": 66,
        "EBIT": 77,
        "Net Income": 41
    },
    "2010-12-31": {
        "Diluted EPS": 0.33,
        "Total Revenue": 393,
        "Gross Profit": 118,
        "Operating Income": 51,
        "EBIT": 63,
        "Net Income": 30
    },
    "2010-09-30": {
        "Diluted EPS": 0.32,
        "Total Revenue": 376,
        "Gross Profit": 109,
        "Operating Income": 51,
        "EBIT": 60,
        "Net Income": 31
    },
    "2010-06-30": {
        "Diluted EPS": 0.33,
        "Total Revenue": 374,
        "Gross Profit": 113,
        "Operating Income": 50,
        "EBIT": 58,
        "Net Income": 31
    },
    "2010-03-31": {
        "Diluted EPS": 0.32,
        "Total Revenue": 364,
        "Gross Profit": 108,
        "Operating Income": 51,
        "EBIT": 60,
        "Net Income": 30
    },
    "2009-12-31": {
        "Diluted EPS": 0.25,
        "Total Revenue": 359,
        "Gross Profit": 100,
        "Operating Income": 42,
        "EBIT": 52,
        "Net Income": 24
    },
    "2009-09-30": {
        "Diluted EPS": 0.29,
        "Total Revenue": 330,
        "Gross Profit": 95,
        "Operating Income": 46,
        "EBIT": 53,
        "Net Income": 27
    },
    "2009-06-30": {
        "Diluted EPS": 0.32,
        "Total Revenue": 334,
        "Gross Profit": 92,
        "Operating Income": 37,
        "EBIT": 46,
        "Net Income": 31
    },
    "2009-03-31": {
        "Diluted EPS": 0.34,
        "Total Revenue": 378,
        "Gross Profit": 107,
        "Operating Income": 56,
        "EBIT": 65,
        "Net Income": 33
    },
    "2023-09-30": {
        "Tax Effect Of Unusual Items": NaN,
        "Tax Rate For Calcs": NaN,
        "Normalized EBITDA": NaN,
        "Total Unusual Items": NaN,
        "Total Unusual Items Excluding Goodwill": NaN,
        "Net Income From Continuing Operation Net Minority Interest": NaN,
        "Reconciled Depreciation": NaN,
        "Reconciled Cost Of Revenue": NaN,
        "EBITDA": NaN,
        "EBIT": NaN,
        "Net Interest Income": NaN,
        "Interest Expense": NaN,
        "Normalized Income": NaN,
        "Net Income From Continuing And Discontinued Operation": NaN,
        "Total Expenses": NaN,
        "Total Operating Income As Reported": NaN,
        "Diluted Average Shares": 179200000.0,
        "Basic Average Shares": 178600000.0,
        "Diluted EPS": 1.33,
        "Basic EPS": 1.34,
        "Diluted NI Availto Com Stockholders": NaN,
        "Net Income Common Stockholders": NaN,
        "Net Income": NaN,
        "Minority Interests": NaN,
        "Net Income Including Noncontrolling Interests": NaN,
        "Net Income Continuous Operations": NaN,
        "Tax Provision": NaN,
        "Pretax Income": NaN,
        "Other Income Expense": NaN,
        "Other Non Operating Income Expenses": NaN,
        "Earnings From Equity Interest": NaN,
        "Gain On Sale Of Security": NaN,
        "Net Non Operating Interest Income Expense": NaN,
        "Interest Expense Non Operating": NaN,
        "Operating Income": NaN,
        "Operating Expense": NaN,
        "Depreciation Amortization Depletion Income Statement": NaN,
        "Depreciation And Amortization In Income Statement": NaN,
        "Amortization": NaN,
        "Amortization Of Intangibles Income Statement": NaN,
        "Research And Development": NaN,
        "Selling General And Administration": NaN,
        "General And Administrative Expense": NaN,
        "Other Gand A": NaN,
        "Salaries And Wages": NaN,
        "Gross Profit": NaN,
        "Cost Of Revenue": NaN,
        "Total Revenue": NaN,
        "Operating Revenue": NaN
    },
    "2023-12-31": {
        "Tax Effect Of Unusual Items": -2475000.0,
        "Tax Rate For Calcs": 0.225,
        "Normalized EBITDA": 491000000.0,
        "Total Unusual Items": -11000000.0,
        "Total Unusual Items Excluding Goodwill": -11000000.0,
        "Net Income From Continuing Operation Net Minority Interest": 215000000.0,
        "Reconciled Depreciation": 145000000.0,
        "Reconciled Cost Of Revenue": 1716000000.0,
        "EBITDA": 480000000.0,
        "EBIT": 335000000.0,
        "Net Interest Income": -55000000.0,
        "Interest Expense": 55000000.0,
        "Normalized Income": 223525000.0,
        "Net Income From Continuing And Discontinued Operation": 215000000.0,
        "Total Expenses": 2218000000.0,
        "Total Operating Income As Reported": 308000000.0,
        "Diluted Average Shares": 178800000.0,
        "Basic Average Shares": 178000000.0,
        "Diluted EPS": 1.2,
        "Basic EPS": 1.2,
        "Diluted NI Availto Com Stockholders": 215000000.0,
        "Net Income Common Stockholders": 215000000.0,
        "Net Income": 215000000.0,
        "Minority Interests": -2000000.0,
        "Net Income Including Noncontrolling Interests": 217000000.0,
        "Net Income Continuous Operations": 217000000.0,
        "Tax Provision": 63000000.0,
        "Pretax Income": 280000000.0,
        "Other Income Expense": 27000000.0,
        "Other Non Operating Income Expenses": 36000000.0,
        "Earnings From Equity Interest": 2000000.0,
        "Gain On Sale Of Security": -11000000.0,
        "Net Non Operating Interest Income Expense": -55000000.0,
        "Interest Expense Non Operating": 55000000.0,
        "Operating Income": 308000000.0,
        "Operating Expense": 456000000.0,
        "Depreciation Amortization Depletion Income Statement": 99000000.0,
        "Depreciation And Amortization In Income Statement": 99000000.0,
        "Amortization": 99000000.0,
        "Amortization Of Intangibles Income Statement": 99000000.0,
        "Research And Development": 61000000.0,
        "Selling General And Administration": 296000000.0,
        "General And Administrative Expense": NaN,
        "Other Gand A": NaN,
        "Salaries And Wages": NaN,
        "Gross Profit": 764000000.0,
        "Cost Of Revenue": 1762000000.0,
        "Total Revenue": 2526000000.0,
        "Operating Revenue": 2526000000.0
    },
    "2024-03-31": {
        "Tax Effect Of Unusual Items": -944000.0,
        "Tax Rate For Calcs": 0.236,
        "Normalized EBITDA": 526000000.0,
        "Total Unusual Items": -4000000.0,
        "Total Unusual Items Excluding Goodwill": -4000000.0,
        "Net Income From Continuing Operation Net Minority Interest": 272000000.0,
        "Reconciled Depreciation": 112000000.0,
        "Reconciled Cost Of Revenue": 1644000000.0,
        "EBITDA": 522000000.0,
        "EBIT": 410000000.0,
        "Net Interest Income": -47000000.0,
        "Interest Expense": 47000000.0,
        "Normalized Income": 275056000.0,
        "Net Income From Continuing And Discontinued Operation": 272000000.0,
        "Total Expenses": 2085000000.0,
        "Total Operating Income As Reported": 412000000.0,
        "Diluted Average Shares": 177200000.0,
        "Basic Average Shares": 176500000.0,
        "Diluted EPS": 1.53,
        "Basic EPS": 1.54,
        "Diluted NI Availto Com Stockholders": 272000000.0,
        "Net Income Common Stockholders": 272000000.0,
        "Net Income": 272000000.0,
        "Minority Interests": -5000000.0,
        "Net Income Including Noncontrolling Interests": 277000000.0,
        "Net Income Continuous Operations": 277000000.0,
        "Tax Provision": 86000000.0,
        "Pretax Income": 363000000.0,
        "Other Income Expense": -2000000.0,
        "Other Non Operating Income Expenses": 1000000.0,
        "Earnings From Equity Interest": 1000000.0,
        "Gain On Sale Of Security": -4000000.0,
        "Net Non Operating Interest Income Expense": -47000000.0,
        "Interest Expense Non Operating": 47000000.0,
        "Operating Income": 412000000.0,
        "Operating Expense": 403000000.0,
        "Depreciation Amortization Depletion Income Statement": 74000000.0,
        "Depreciation And Amortization In Income Statement": 74000000.0,
        "Amortization": 74000000.0,
        "Amortization Of Intangibles Income Statement": 74000000.0,
        "Research And Development": 48000000.0,
        "Selling General And Administration": 281000000.0,
        "General And Administrative Expense": NaN,
        "Other Gand A": NaN,
        "Salaries And Wages": NaN,
        "Gross Profit": 815000000.0,
        "Cost Of Revenue": 1682000000.0,
        "Total Revenue": 2497000000.0,
        "Operating Revenue": 2497000000.0
    },
    "2024-06-30": {
        "Tax Effect Of Unusual Items": -245000.0,
        "Tax Rate For Calcs": 0.245,
        "Normalized EBITDA": 541000000.0,
        "Total Unusual Items": -1000000.0,
        "Total Unusual Items Excluding Goodwill": -1000000.0,
        "Net Income From Continuing Operation Net Minority Interest": 289000000.0,
        "Reconciled Depreciation": 106000000.0,
        "Reconciled Cost Of Revenue": 1735000000.0,
        "EBITDA": 540000000.0,
        "EBIT": 434000000.0,
        "Net Interest Income": -49000000.0,
        "Interest Expense": 49000000.0,
        "Normalized Income": 289755000.0,
        "Net Income From Continuing And Discontinued Operation": 289000000.0,
        "Total Expenses": 2212000000.0,
        "Total Operating Income As Reported": 430000000.0,
        "Diluted Average Shares": 176000000.0,
        "Basic Average Shares": 175400000.0,
        "Diluted EPS": 1.64,
        "Basic EPS": 1.64,
        "Diluted NI Availto Com Stockholders": 289000000.0,
        "Net Income Common Stockholders": 289000000.0,
        "Net Income": 289000000.0,
        "Minority Interests": -2000000.0,
        "Net Income Including Noncontrolling Interests": 291000000.0,
        "Net Income Continuous Operations": 291000000.0,
        "Tax Provision": 94000000.0,
        "Pretax Income": 385000000.0,
        "Other Income Expense": 2000000.0,
        "Other Non Operating Income Expenses": 2000000.0,
        "Earnings From Equity Interest": 1000000.0,
        "Gain On Sale Of Security": -1000000.0,
        "Net Non Operating Interest Income Expense": -49000000.0,
        "Interest Expense Non Operating": 49000000.0,
        "Operating Income": 432000000.0,
        "Operating Expense": 442000000.0,
        "Depreciation Amortization Depletion Income Statement": 71000000.0,
        "Depreciation And Amortization In Income Statement": 71000000.0,
        "Amortization": 71000000.0,
        "Amortization Of Intangibles Income Statement": 71000000.0,
        "Research And Development": 57000000.0,
        "Selling General And Administration": 314000000.0,
        "General And Administrative Expense": 314000000.0,
        "Other Gand A": 316000000.0,
        "Salaries And Wages": -2000000.0,
        "Gross Profit": 874000000.0,
        "Cost Of Revenue": 1770000000.0,
        "Total Revenue": 2644000000.0,
        "Operating Revenue": 2644000000.0
    },
    "2024-09-30": {
        "Tax Effect Of Unusual Items": -1452000.0,
        "Tax Rate For Calcs": 0.242,
        "Normalized EBITDA": 559000000.0,
        "Total Unusual Items": -6000000.0,
        "Total Unusual Items Excluding Goodwill": -6000000.0,
        "Net Income From Continuing Operation Net Minority Interest": 283000000.0,
        "Reconciled Depreciation": 123000000.0,
        "Reconciled Cost Of Revenue": 1739000000.0,
        "EBITDA": 553000000.0,
        "EBIT": 430000000.0,
        "Net Interest Income": -52000000.0,
        "Interest Expense": 52000000.0,
        "Normalized Income": 287548000.0,
        "Net Income From Continuing And Discontinued Operation": 283000000.0,
        "Total Expenses": 2230000000.0,
        "Total Operating Income As Reported": 433000000.0,
        "Diluted Average Shares": 174100000.0,
        "Basic Average Shares": 173400000.0,
        "Diluted EPS": 1.63,
        "Basic EPS": 1.63,
        "Diluted NI Availto Com Stockholders": 283000000.0,
        "Net Income Common Stockholders": 283000000.0,
        "Net Income": 283000000.0,
        "Minority Interests": -3000000.0,
        "Net Income Including Noncontrolling Interests": 286000000.0,
        "Net Income Continuous Operations": 286000000.0,
        "Tax Provision": 92000000.0,
        "Pretax Income": 378000000.0,
        "Other Income Expense": -3000000.0,
        "Other Non Operating Income Expenses": 2000000.0,
        "Earnings From Equity Interest": 1000000.0,
        "Gain On Sale Of Security": -6000000.0,
        "Net Non Operating Interest Income Expense": -52000000.0,
        "Interest Expense Non Operating": 52000000.0,
        "Operating Income": 433000000.0,
        "Operating Expense": 447000000.0,
        "Depreciation Amortization Depletion Income Statement": 79000000.0,
        "Depreciation And Amortization In Income Statement": 79000000.0,
        "Amortization": 79000000.0,
        "Amortization Of Intangibles Income Statement": 79000000.0,
        "Research And Development": 50000000.0,
        "Selling General And Administration": 318000000.0,
        "General And Administrative Expense": NaN,
        "Other Gand A": NaN,
        "Salaries And Wages": NaN,
        "Gross Profit": 880000000.0,
        "Cost Of Revenue": 1783000000.0,
        "Total Revenue": 2663000000.0,
        "Operating Revenue": 2663000000.0
    },
    "2024-12-31": {
        "Tax Effect Of Unusual Items": -2000000.0,
        "Tax Rate For Calcs": 0.25,
        "Normalized EBITDA": 463000000.0,
        "Total Unusual Items": -8000000.0,
        "Total Unusual Items Excluding Goodwill": -8000000.0,
        "Net Income From Continuing Operation Net Minority Interest": 212000000.0,
        "Reconciled Depreciation": 118000000.0,
        "Reconciled Cost Of Revenue": 1747000000.0,
        "EBITDA": 455000000.0,
        "EBIT": 337000000.0,
        "Net Interest Income": -53000000.0,
        "Interest Expense": 53000000.0,
        "Normalized Income": 218000000.0,
        "Net Income From Continuing And Discontinued Operation": 212000000.0,
        "Total Expenses": 2249000000.0,
        "Total Operating Income As Reported": 334000000.0,
        "Diluted Average Shares": 172000000.0,
        "Basic Average Shares": 171200000.0,
        "Diluted EPS": 1.23,
        "Basic EPS": 1.23,
        "Diluted NI Availto Com Stockholders": 212000000.0,
        "Net Income Common Stockholders": 212000000.0,
        "Net Income": 212000000.0,
        "Minority Interests": -1000000.0,
        "Net Income Including Noncontrolling Interests": 213000000.0,
        "Net Income Continuous Operations": 213000000.0,
        "Tax Provision": 71000000.0,
        "Pretax Income": 284000000.0,
        "Other Income Expense": 3000000.0,
        "Other Non Operating Income Expenses": 6000000.0,
        "Earnings From Equity Interest": 5000000.0,
        "Gain On Sale Of Security": -8000000.0,
        "Net Non Operating Interest Income Expense": -53000000.0,
        "Interest Expense Non Operating": 53000000.0,
        "Operating Income": 334000000.0,
        "Operating Expense": 463000000.0,
        "Depreciation Amortization Depletion Income Statement": 79000000.0,
        "Depreciation And Amortization In Income Statement": 79000000.0,
        "Amortization": 79000000.0,
        "Amortization Of Intangibles Income Statement": 79000000.0,
        "Research And Development": 51000000.0,
        "Selling General And Administration": 333000000.0,
        "General And Administrative Expense": NaN,
        "Other Gand A": NaN,
        "Salaries And Wages": NaN,
        "Gross Profit": 797000000.0,
        "Cost Of Revenue": 1786000000.0,
        "Total Revenue": 2583000000.0,
        "Operating Revenue": 2583000000.0
    },
    "2025-03-31": {
        "Tax Effect Of Unusual Items": -1856000.0,
        "Tax Rate For Calcs": 0.232,
        "Normalized EBITDA": 590000000.0,
        "Total Unusual Items": -8000000.0,
        "Total Unusual Items Excluding Goodwill": -8000000.0,
        "Net Income From Continuing Operation Net Minority Interest": 322000000.0,
        "Reconciled Depreciation": 110000000.0,
        "Reconciled Cost Of Revenue": 1673000000.0,
        "EBITDA": 582000000.0,
        "EBIT": 472000000.0,
        "Net Interest Income": -46000000.0,
        "Interest Expense": 46000000.0,
        "Normalized Income": 328144000.0,
        "Net Income From Continuing And Discontinued Operation": 322000000.0,
        "Total Expenses": 2136000000.0,
        "Total Operating Income As Reported": 474000000.0,
        "Diluted Average Shares": 171300000.0,
        "Basic Average Shares": 170500000.0,
        "Diluted EPS": 1.88,
        "Basic EPS": 1.88,
        "Diluted NI Availto Com Stockholders": 322000000.0,
        "Net Income Common Stockholders": 322000000.0,
        "Net Income": 322000000.0,
        "Minority Interests": -5000000.0,
        "Net Income Including Noncontrolling Interests": 327000000.0,
        "Net Income Continuous Operations": 327000000.0,
        "Tax Provision": 99000000.0,
        "Pretax Income": 426000000.0,
        "Other Income Expense": -2000000.0,
        "Other Non Operating Income Expenses": 3000000.0,
        "Earnings From Equity Interest": 3000000.0,
        "Gain On Sale Of Security": -8000000.0,
        "Net Non Operating Interest Income Expense": -46000000.0,
        "Interest Expense Non Operating": 46000000.0,
        "Operating Income": 474000000.0,
        "Operating Expense": 426000000.0,
        "Depreciation Amortization Depletion Income Statement": 73000000.0,
        "Depreciation And Amortization In Income Statement": 73000000.0,
        "Amortization": 73000000.0,
        "Amortization Of Intangibles Income Statement": 73000000.0,
        "Research And Development": 46000000.0,
        "Selling General And Administration": 307000000.0,
        "General And Administrative Expense": NaN,
        "Other Gand A": NaN,
        "Salaries And Wages": NaN,
        "Gross Profit": 900000000.0,
        "Cost Of Revenue": 1710000000.0,
        "Total Revenue": 2610000000.0,
        "Operating Revenue": 2610000000.0
    }
}