{
    "2023-06-30": {
        "Tax Effect Of Unusual Items": NaN,
        "Tax Rate For Calcs": NaN,
        "Net Income From Continuing Operation Net Minority Interest": NaN,
        "Reconciled Depreciation": NaN,
        "Net Interest Income": NaN,
        "Interest Expense": NaN,
        "Interest Income": NaN,
        "Normalized Income": NaN,
        "Net Income From Continuing And Discontinued Operation": NaN,
        "Diluted Average Shares": NaN,
        "Basic Average Shares": NaN,
        "Diluted EPS": NaN,
        "Basic EPS": NaN,
        "Diluted NI Availto Com Stockholders": NaN,
        "Net Income Common Stockholders": NaN,
        "Net Income": NaN,
        "Net Income Including Noncontrolling Interests": NaN,
        "Net Income Continuous Operations": NaN,
        "Tax Provision": NaN,
        "Pretax Income": NaN,
        "Gain On Sale Of Security": -125000.0,
        "Selling General And Administration": NaN,
        "General And Administrative Expense": NaN,
        "Salaries And Wages": NaN,
        "Total Revenue": NaN,
        "Operating Revenue": NaN,
        "Occupancy And Equipment": NaN,
        "Professional Expense And Contract Services Expense": NaN,
        "Other Non Interest Expense": NaN
    },
    "2023-03-31": {
        "Tax Effect Of Unusual Items": 0.0,
        "Tax Rate For Calcs": 0.271,
        "Net Income From Continuing Operation Net Minority Interest": 40451000.0,
        "Reconciled Depreciation": 3044000.0,
        "Net Interest Income": 69153000.0,
        "Interest Expense": 471000.0,
        "Interest Income": 69624000.0,
        "Normalized Income": 40451000.0,
        "Net Income From Continuing And Discontinued Operation": 40451000.0,
        "Diluted Average Shares": 26866000.0,
        "Basic Average Shares": 26859000.0,
        "Diluted EPS": 1.51,
        "Basic EPS": 1.51,
        "Diluted NI Availto Com Stockholders": 40451000.0,
        "Net Income Common Stockholders": 40451000.0,
        "Net Income": 40451000.0,
        "Net Income Including Noncontrolling Interests": 40451000.0,
        "Net Income Continuous Operations": 40451000.0,
        "Tax Provision": 14591000.0,
        "Pretax Income": 55042000.0,
        "Gain On Sale Of Security": NaN,
        "Selling General And Administration": 12067000.0,
        "General And Administrative Expense": 12067000.0,
        "Salaries And Wages": 12067000.0,
        "Total Revenue": 79702000.0,
        "Operating Revenue": 79702000.0,
        "Occupancy And Equipment": 5485000.0,
        "Professional Expense And Contract Services Expense": 476000.0,
        "Other Non Interest Expense": 8182000.0
    },
    "2022-12-31": {
        "Tax Effect Of Unusual Items": NaN,
        "Tax Rate For Calcs": NaN,
        "Net Income From Continuing Operation Net Minority Interest": NaN,
        "Reconciled Depreciation": NaN,
        "Net Interest Income": NaN,
        "Interest Expense": NaN,
        "Interest Income": NaN,
        "Normalized Income": NaN,
        "Net Income From Continuing And Discontinued Operation": NaN,
        "Diluted Average Shares": NaN,
        "Basic Average Shares": NaN,
        "Diluted EPS": NaN,
        "Basic EPS": NaN,
        "Diluted NI Availto Com Stockholders": NaN,
        "Net Income Common Stockholders": NaN,
        "Net Income": NaN,
        "Net Income Including Noncontrolling Interests": NaN,
        "Net Income Continuous Operations": NaN,
        "Tax Provision": NaN,
        "Pretax Income": NaN,
        "Gain On Sale Of Security": 0.0,
        "Selling General And Administration": NaN,
        "General And Administrative Expense": NaN,
        "Salaries And Wages": NaN,
        "Total Revenue": NaN,
        "Operating Revenue": NaN,
        "Occupancy And Equipment": NaN,
        "Professional Expense And Contract Services Expense": NaN,
        "Other Non Interest Expense": NaN
    },
    "2022-09-30": {
        "Tax Effect Of Unusual Items": NaN,
        "Tax Rate For Calcs": NaN,
        "Net Income From Continuing Operation Net Minority Interest": NaN,
        "Reconciled Depreciation": NaN,
        "Net Interest Income": NaN,
        "Interest Expense": NaN,
        "Interest Income": NaN,
        "Normalized Income": NaN,
        "Net Income From Continuing And Discontinued Operation": NaN,
        "Diluted Average Shares": NaN,
        "Basic Average Shares": NaN,
        "Diluted EPS": NaN,
        "Basic EPS": NaN,
        "Diluted NI Availto Com Stockholders": NaN,
        "Net Income Common Stockholders": NaN,
        "Net Income": NaN,
        "Net Income Including Noncontrolling Interests": NaN,
        "Net Income Continuous Operations": NaN,
        "Tax Provision": NaN,
        "Pretax Income": NaN,
        "Gain On Sale Of Security": 0.0,
        "Selling General And Administration": NaN,
        "General And Administrative Expense": NaN,
        "Salaries And Wages": NaN,
        "Total Revenue": NaN,
        "Operating Revenue": NaN
    },
    "2022-06-30": {
        "Tax Effect Of Unusual Items": 0.0,
        "Tax Rate For Calcs": 0.27,
        "Net Income From Continuing Operation Net Minority Interest": 25314000.0,
        "Reconciled Depreciation": 64000.0,
        "Net Interest Income": 47514000.0,
        "Interest Expense": 483000.0,
        "Interest Income": 47997000.0,
        "Normalized Income": 25314000.0,
        "Net Income From Continuing And Discontinued Operation": 25314000.0,
        "Diluted Average Shares": 26901000.0,
        "Basic Average Shares": 26889000.0,
        "Diluted EPS": 0.94,
        "Basic EPS": 0.94,
        "Diluted NI Availto Com Stockholders": 25314000.0,
        "Net Income Common Stockholders": 25314000.0,
        "Net Income": 25314000.0,
        "Net Income Including Noncontrolling Interests": 25314000.0,
        "Net Income Continuous Operations": 25314000.0,
        "Tax Provision": 8835000.0,
        "Pretax Income": 34149000.0,
        "Gain On Sale Of Security": 0.0,
        "Depreciation Amortization Depletion Income Statement": 64000.0,
        "Depreciation And Amortization In Income Statement": 64000.0,
        "Amortization": 64000.0,
        "Amortization Of Intangibles Income Statement": 64000.0,
        "Selling General And Administration": 13835000.0,
        "General And Administrative Expense": 13835000.0,
        "Other Gand A": 2423000.0,
        "Salaries And Wages": 11412000.0,
        "Total Revenue": 58778000.0,
        "Operating Revenue": 58778000.0
    },
    "2022-03-31": {
        "Diluted EPS": 0.84,
        "Total Revenue": 55,
        "Gross Profit": 55,
        "Operating Income": 30,
        "EBIT": NaN,
        "Net Income": 23
    },
    "2021-12-31": {
        "Diluted EPS": 0.81,
        "Total Revenue": 54,
        "Gross Profit": 53,
        "Operating Income": 29,
        "EBIT": NaN,
        "Net Income": 22
    },
    "2021-09-30": {
        "Diluted EPS": 0.82,
        "Total Revenue": 55,
        "Gross Profit": 55,
        "Operating Income": 30,
        "EBIT": NaN,
        "Net Income": 22
    },
    "2021-06-30": {
        "Diluted EPS": 0.84,
        "Total Revenue": 55,
        "Gross Profit": 55,
        "Operating Income": 31,
        "EBIT": NaN,
        "Net Income": 23
    },
    "2021-03-31": {
        "Diluted EPS": 0.75,
        "Total Revenue": 53,
        "Gross Profit": 52,
        "Operating Income": 27,
        "EBIT": NaN,
        "Net Income": 20
    },
    "2020-12-31": {
        "Diluted EPS": 0.89,
        "Total Revenue": 57,
        "Gross Profit": 56,
        "Operating Income": 32,
        "EBIT": NaN,
        "Net Income": 24
    },
    "2020-09-30": {
        "Diluted EPS": 0.74,
        "Total Revenue": 52,
        "Gross Profit": 51,
        "Operating Income": 27,
        "EBIT": NaN,
        "Net Income": 20
    },
    "2020-06-30": {
        "Diluted EPS": 0.72,
        "Total Revenue": 51,
        "Gross Profit": 51,
        "Operating Income": 26,
        "EBIT": NaN,
        "Net Income": 20
    },
    "2020-03-31": {
        "Diluted EPS": 0.63,
        "Total Revenue": 52,
        "Gross Profit": 51,
        "Operating Income": 22,
        "EBIT": NaN,
        "Net Income": 17
    },
    "2019-12-31": {
        "Diluted EPS": 0.77,
        "Total Revenue": 52,
        "Gross Profit": 51,
        "Operating Income": 27,
        "EBIT": NaN,
        "Net Income": 21
    },
    "2019-09-30": {
        "Diluted EPS": 0.75,
        "Total Revenue": 52,
        "Gross Profit": 51,
        "Operating Income": 27,
        "EBIT": NaN,
        "Net Income": 20
    },
    "2019-06-30": {
        "Diluted EPS": 0.73,
        "Total Revenue": 52,
        "Gross Profit": 51,
        "Operating Income": 26,
        "EBIT": NaN,
        "Net Income": 20
    },
    "2019-03-31": {
        "Diluted EPS": 0.73,
        "Total Revenue": 51,
        "Gross Profit": 51,
        "Operating Income": 25,
        "EBIT": NaN,
        "Net Income": 20
    },
    "2018-12-31": {
        "Diluted EPS": 0.71,
        "Total Revenue": 51,
        "Gross Profit": 51,
        "Operating Income": 25,
        "EBIT": NaN,
        "Net Income": 19
    },
    "2018-09-30": {
        "Diluted EPS": 0.63,
        "Total Revenue": 51,
        "Gross Profit": 51,
        "Operating Income": 21,
        "EBIT": NaN,
        "Net Income": 17
    },
    "2018-06-30": {
        "Diluted EPS": 0.67,
        "Total Revenue": 49,
        "Gross Profit": 49,
        "Operating Income": 23,
        "EBIT": NaN,
        "Net Income": 18
    },
    "2018-03-31": {
        "Diluted EPS": 0.66,
        "Total Revenue": 48,
        "Gross Profit": 48,
        "Operating Income": 22,
        "EBIT": NaN,
        "Net Income": 18
    },
    "2017-12-31": {
        "Diluted EPS": 0.15,
        "Total Revenue": 59,
        "Gross Profit": 59,
        "Operating Income": 24,
        "EBIT": NaN,
        "Net Income": 4
    },
    "2017-09-30": {
        "Diluted EPS": 0.57,
        "Total Revenue": 46,
        "Gross Profit": 45,
        "Operating Income": 21,
        "EBIT": NaN,
        "Net Income": 15
    },
    "2017-06-30": {
        "Diluted EPS": 0.6,
        "Total Revenue": 45,
        "Gross Profit": 45,
        "Operating Income": 22,
        "EBIT": NaN,
        "Net Income": 16
    },
    "2017-03-31": {
        "Diluted EPS": 0.57,
        "Total Revenue": 45,
        "Gross Profit": 45,
        "Operating Income": 20,
        "EBIT": NaN,
        "Net Income": 15
    },
    "2016-12-31": {
        "Diluted EPS": 0.55,
        "Total Revenue": 47,
        "Gross Profit": 46,
        "Operating Income": 20,
        "EBIT": NaN,
        "Net Income": 14
    },
    "2016-09-30": {
        "Diluted EPS": 0.61,
        "Total Revenue": 45,
        "Gross Profit": 45,
        "Operating Income": 22,
        "EBIT": NaN,
        "Net Income": 16
    },
    "2016-06-30": {
        "Diluted EPS": 0.57,
        "Total Revenue": 45,
        "Gross Profit": 45,
        "Operating Income": 20,
        "EBIT": NaN,
        "Net Income": 15
    },
    "2016-03-31": {
        "Diluted EPS": 0.56,
        "Total Revenue": 45,
        "Gross Profit": 45,
        "Operating Income": 19,
        "EBIT": NaN,
        "Net Income": 14
    },
    "2015-12-31": {
        "Diluted EPS": 0.57,
        "Total Revenue": 45,
        "Gross Profit": 45,
        "Operating Income": 19,
        "EBIT": NaN,
        "Net Income": 15
    },
    "2015-09-30": {
        "Diluted EPS": 0.58,
        "Total Revenue": 46,
        "Gross Profit": 46,
        "Operating Income": 20,
        "EBIT": NaN,
        "Net Income": 15
    },
    "2015-06-30": {
        "Diluted EPS": 0.58,
        "Total Revenue": 47,
        "Gross Profit": 46,
        "Operating Income": 19,
        "EBIT": NaN,
        "Net Income": 15
    },
    "2015-03-31": {
        "Diluted EPS": 0.57,
        "Total Revenue": 46,
        "Gross Profit": 46,
        "Operating Income": 19,
        "EBIT": NaN,
        "Net Income": 15
    },
    "2014-12-31": {
        "Diluted EPS": 0.58,
        "Total Revenue": 47,
        "Gross Profit": 46,
        "Operating Income": 20,
        "EBIT": NaN,
        "Net Income": 15
    },
    "2014-09-30": {
        "Diluted EPS": 0.58,
        "Total Revenue": 48,
        "Gross Profit": 47,
        "Operating Income": 20,
        "EBIT": NaN,
        "Net Income": 15
    },
    "2014-06-30": {
        "Diluted EPS": 0.58,
        "Total Revenue": 49,
        "Gross Profit": 48,
        "Operating Income": 20,
        "EBIT": NaN,
        "Net Income": 15
    },
    "2014-03-31": {
        "Diluted EPS": 0.58,
        "Total Revenue": 49,
        "Gross Profit": 48,
        "Operating Income": 20,
        "EBIT": NaN,
        "Net Income": 15
    },
    "2013-12-31": {
        "Diluted EPS": 0.59,
        "Total Revenue": 51,
        "Gross Profit": 50,
        "Operating Income": 20,
        "EBIT": NaN,
        "Net Income": 16
    },
    "2013-09-30": {
        "Diluted EPS": 0.63,
        "Total Revenue": 52,
        "Gross Profit": 51,
        "Operating Income": 22,
        "EBIT": NaN,
        "Net Income": 17
    },
    "2013-06-30": {
        "Diluted EPS": 0.64,
        "Total Revenue": 54,
        "Gross Profit": 52,
        "Operating Income": 22,
        "EBIT": NaN,
        "Net Income": 17
    },
    "2013-03-31": {
        "Diluted EPS": 0.64,
        "Total Revenue": 55,
        "Gross Profit": 53,
        "Operating Income": 22,
        "EBIT": NaN,
        "Net Income": 17
    },
    "2012-12-31": {
        "Diluted EPS": 0.7,
        "Total Revenue": 57,
        "Gross Profit": 56,
        "Operating Income": 25,
        "EBIT": NaN,
        "Net Income": 19
    },
    "2012-09-30": {
        "Diluted EPS": 0.73,
        "Total Revenue": 60,
        "Gross Profit": 59,
        "Operating Income": 26,
        "EBIT": NaN,
        "Net Income": 20
    },
    "2012-06-30": {
        "Diluted EPS": 0.75,
        "Total Revenue": 60,
        "Gross Profit": 59,
        "Operating Income": 27,
        "EBIT": NaN,
        "Net Income": 21
    },
    "2012-03-31": {
        "Diluted EPS": 0.75,
        "Total Revenue": 63,
        "Gross Profit": 61,
        "Operating Income": 29,
        "EBIT": NaN,
        "Net Income": 21
    },
    "2011-12-31": {
        "Diluted EPS": 0.76,
        "Total Revenue": 65,
        "Gross Profit": 63,
        "Operating Income": 28,
        "EBIT": NaN,
        "Net Income": 22
    },
    "2011-09-30": {
        "Diluted EPS": 0.79,
        "Total Revenue": 67,
        "Gross Profit": 65,
        "Operating Income": 31,
        "EBIT": NaN,
        "Net Income": 22
    },
    "2011-06-30": {
        "Diluted EPS": 0.74,
        "Total Revenue": 68,
        "Gross Profit": 66,
        "Operating Income": 29,
        "EBIT": NaN,
        "Net Income": 21
    },
    "2011-03-31": {
        "Diluted EPS": 0.77,
        "Total Revenue": 67,
        "Gross Profit": 65,
        "Operating Income": 31,
        "EBIT": NaN,
        "Net Income": 22
    },
    "2010-12-31": {
        "Diluted EPS": 0.8,
        "Total Revenue": 70,
        "Gross Profit": 67,
        "Operating Income": 29,
        "EBIT": NaN,
        "Net Income": 24
    },
    "2010-09-30": {
        "Diluted EPS": 0.81,
        "Total Revenue": 70,
        "Gross Profit": 67,
        "Operating Income": 33,
        "EBIT": NaN,
        "Net Income": 24
    },
    "2010-06-30": {
        "Diluted EPS": 0.8,
        "Total Revenue": 71,
        "Gross Profit": 68,
        "Operating Income": 33,
        "EBIT": NaN,
        "Net Income": 24
    },
    "2010-03-31": {
        "Diluted EPS": 0.8,
        "Total Revenue": 71,
        "Gross Profit": 68,
        "Operating Income": 33,
        "EBIT": NaN,
        "Net Income": 24
    },
    "2009-12-31": {
        "Diluted EPS": 0.78,
        "Total Revenue": 74,
        "Gross Profit": 70,
        "Operating Income": 34,
        "EBIT": NaN,
        "Net Income": 23
    },
    "2009-09-30": {
        "Diluted EPS": 0.81,
        "Total Revenue": 77,
        "Gross Profit": 73,
        "Operating Income": 35,
        "EBIT": NaN,
        "Net Income": 24
    },
    "2009-06-30": {
        "Diluted EPS": 0.75,
        "Total Revenue": 79,
        "Gross Profit": 74,
        "Operating Income": 32,
        "EBIT": NaN,
        "Net Income": 22
    },
    "2009-03-31": {
        "Diluted EPS": 1.8,
        "Total Revenue": 123,
        "Gross Profit": 118,
        "Operating Income": 82,
        "EBIT": NaN,
        "Net Income": 52
    },
    "2023-09-30": {
        "Tax Effect Of Unusual Items": NaN,
        "Tax Rate For Calcs": NaN,
        "Net Income From Continuing Operation Net Minority Interest": NaN,
        "Reconciled Depreciation": NaN,
        "Net Interest Income": NaN,
        "Interest Expense": NaN,
        "Interest Income": NaN,
        "Normalized Income": NaN,
        "Net Income From Continuing And Discontinued Operation": NaN,
        "Diluted Average Shares": NaN,
        "Basic Average Shares": NaN,
        "Diluted EPS": NaN,
        "Basic EPS": NaN,
        "Diluted NI Availto Com Stockholders": NaN,
        "Net Income Common Stockholders": NaN,
        "Net Income": NaN,
        "Net Income Including Noncontrolling Interests": NaN,
        "Net Income Continuous Operations": NaN,
        "Tax Provision": NaN,
        "Pretax Income": NaN,
        "Gain On Sale Of Security": 0.0,
        "Selling General And Administration": NaN,
        "General And Administrative Expense": NaN,
        "Salaries And Wages": NaN,
        "Total Revenue": NaN,
        "Operating Revenue": NaN,
        "Occupancy And Equipment": NaN,
        "Professional Expense And Contract Services Expense": NaN,
        "Other Non Interest Expense": NaN
    },
    "2023-12-31": {
        "Tax Effect Of Unusual Items": NaN,
        "Tax Rate For Calcs": NaN,
        "Net Income From Continuing Operation Net Minority Interest": NaN,
        "Reconciled Depreciation": NaN,
        "Net Interest Income": NaN,
        "Interest Expense": NaN,
        "Interest Income": NaN,
        "Normalized Income": NaN,
        "Net Income From Continuing And Discontinued Operation": NaN,
        "Diluted Average Shares": NaN,
        "Basic Average Shares": NaN,
        "Diluted EPS": NaN,
        "Basic EPS": NaN,
        "Diluted NI Availto Com Stockholders": NaN,
        "Net Income Common Stockholders": NaN,
        "Net Income": NaN,
        "Net Income Including Noncontrolling Interests": NaN,
        "Net Income Continuous Operations": NaN,
        "Tax Provision": NaN,
        "Pretax Income": NaN,
        "Gain On Sale Of Security": 0.0,
        "Selling General And Administration": NaN,
        "General And Administrative Expense": NaN,
        "Salaries And Wages": NaN,
        "Total Revenue": NaN,
        "Operating Revenue": NaN,
        "Occupancy And Equipment": NaN,
        "Professional Expense And Contract Services Expense": NaN,
        "Other Non Interest Expense": NaN
    },
    "2024-03-31": {
        "Tax Effect Of Unusual Items": 0.0,
        "Tax Rate For Calcs": 0.263455,
        "Net Income From Continuing Operation Net Minority Interest": 36417000.0,
        "Reconciled Depreciation": 2962000.0,
        "Net Interest Income": 65745000.0,
        "Interest Expense": 3001000.0,
        "Interest Income": 68746000.0,
        "Normalized Income": 36417000.0,
        "Net Income From Continuing And Discontinued Operation": 36417000.0,
        "Diluted Average Shares": 26675000.0,
        "Basic Average Shares": 26674000.0,
        "Diluted EPS": 1.37,
        "Basic EPS": 1.37,
        "Diluted NI Availto Com Stockholders": 36417000.0,
        "Net Income Common Stockholders": 36417000.0,
        "Net Income": 36417000.0,
        "Net Income Including Noncontrolling Interests": 36417000.0,
        "Net Income Continuous Operations": 36417000.0,
        "Tax Provision": 13026000.0,
        "Pretax Income": 49443000.0,
        "Gain On Sale Of Security": NaN,
        "Selling General And Administration": 12586000.0,
        "General And Administrative Expense": 12586000.0,
        "Salaries And Wages": 12586000.0,
        "Total Revenue": 75842000.0,
        "Operating Revenue": 75842000.0,
        "Occupancy And Equipment": 5040000.0,
        "Professional Expense And Contract Services Expense": 402000.0,
        "Other Non Interest Expense": 6631000.0
    },
    "2024-06-30": {
        "Tax Effect Of Unusual Items": 0.0,
        "Tax Rate For Calcs": 0.26328,
        "Net Income From Continuing Operation Net Minority Interest": 35462000.0,
        "Reconciled Depreciation": 2854000.0,
        "Net Interest Income": 63765000.0,
        "Interest Expense": 5307000.0,
        "Interest Income": 69072000.0,
        "Normalized Income": 35462000.0,
        "Net Income From Continuing And Discontinued Operation": 35462000.0,
        "Diluted Average Shares": 26681000.0,
        "Basic Average Shares": 26680000.0,
        "Diluted EPS": 1.33,
        "Basic EPS": 1.33,
        "Diluted NI Availto Com Stockholders": 35462000.0,
        "Net Income Common Stockholders": 35462000.0,
        "Net Income": 35462000.0,
        "Net Income Including Noncontrolling Interests": 35462000.0,
        "Net Income Continuous Operations": 35462000.0,
        "Tax Provision": 12673000.0,
        "Pretax Income": 48135000.0,
        "Gain On Sale Of Security": 0.0,
        "Selling General And Administration": 12483000.0,
        "General And Administrative Expense": 12483000.0,
        "Salaries And Wages": 12483000.0,
        "Total Revenue": 74265000.0,
        "Operating Revenue": 74265000.0,
        "Occupancy And Equipment": 5158000.0,
        "Professional Expense And Contract Services Expense": 362000.0,
        "Other Non Interest Expense": 6687000.0
    },
    "2024-09-30": {
        "Tax Effect Of Unusual Items": 0.0,
        "Tax Rate For Calcs": 0.271,
        "Net Income From Continuing Operation Net Minority Interest": 35057000.0,
        "Reconciled Depreciation": 2421000.0,
        "Net Interest Income": 62149000.0,
        "Interest Expense": 5645000.0,
        "Interest Income": 67794000.0,
        "Normalized Income": 35057000.0,
        "Net Income From Continuing And Discontinued Operation": 35057000.0,
        "Diluted Average Shares": 26686000.0,
        "Basic Average Shares": 26685000.0,
        "Diluted EPS": 1.31,
        "Basic EPS": 1.31,
        "Diluted NI Availto Com Stockholders": 35057000.0,
        "Net Income Common Stockholders": 35057000.0,
        "Net Income": 35057000.0,
        "Net Income Including Noncontrolling Interests": 35057000.0,
        "Net Income Continuous Operations": 35057000.0,
        "Tax Provision": 12708000.0,
        "Pretax Income": 47765000.0,
        "Gain On Sale Of Security": 0.0,
        "Selling General And Administration": 12762000.0,
        "General And Administrative Expense": 12762000.0,
        "Salaries And Wages": 12762000.0,
        "Total Revenue": 74074000.0,
        "Operating Revenue": 74074000.0,
        "Occupancy And Equipment": 5256000.0,
        "Professional Expense And Contract Services Expense": 337000.0,
        "Other Non Interest Expense": 6744000.0
    },
    "2024-12-31": {
        "Tax Effect Of Unusual Items": 0.0,
        "Tax Rate For Calcs": 0.274865,
        "Net Income From Continuing Operation Net Minority Interest": 31700000.0,
        "Reconciled Depreciation": 2167000.0,
        "Net Interest Income": 58936000.0,
        "Interest Expense": 3466000.0,
        "Interest Income": 62402000.0,
        "Normalized Income": 31700000.0,
        "Net Income From Continuing And Discontinued Operation": 31700000.0,
        "Diluted Average Shares": 26701000.0,
        "Basic Average Shares": 26699000.0,
        "Diluted EPS": 1.19,
        "Basic EPS": 1.19,
        "Diluted NI Availto Com Stockholders": 31700000.0,
        "Net Income Common Stockholders": 31700000.0,
        "Net Income": 31700000.0,
        "Net Income Including Noncontrolling Interests": 31700000.0,
        "Net Income Continuous Operations": 31700000.0,
        "Tax Provision": 12016000.0,
        "Pretax Income": 43716000.0,
        "Gain On Sale Of Security": 0.0,
        "Selling General And Administration": 12461000.0,
        "General And Administrative Expense": 12461000.0,
        "Salaries And Wages": 12461000.0,
        "Total Revenue": 69569000.0,
        "Operating Revenue": 69569000.0,
        "Occupancy And Equipment": 5219000.0,
        "Professional Expense And Contract Services Expense": 369000.0,
        "Other Non Interest Expense": 6709000.0
    },
    "2025-03-31": {
        "Tax Effect Of Unusual Items": 0.0,
        "Tax Rate For Calcs": 0.263,
        "Net Income From Continuing Operation Net Minority Interest": 31037000.0,
        "Reconciled Depreciation": 2009000.0,
        "Net Interest Income": 56095000.0,
        "Interest Expense": 3396000.0,
        "Interest Income": 59491000.0,
        "Normalized Income": 31037000.0,
        "Net Income From Continuing And Discontinued Operation": 31037000.0,
        "Diluted Average Shares": 26642000.0,
        "Basic Average Shares": 26642000.0,
        "Diluted EPS": 1.16,
        "Basic EPS": 1.16,
        "Diluted NI Availto Com Stockholders": 31037000.0,
        "Net Income Common Stockholders": 31037000.0,
        "Net Income": 31037000.0,
        "Net Income Including Noncontrolling Interests": 31037000.0,
        "Net Income Continuous Operations": 31037000.0,
        "Tax Provision": 10802000.0,
        "Pretax Income": 41839000.0,
        "Gain On Sale Of Security": NaN,
        "Selling General And Administration": 12126000.0,
        "General And Administrative Expense": 12126000.0,
        "Salaries And Wages": 12126000.0,
        "Total Revenue": 66416000.0,
        "Operating Revenue": 66416000.0,
        "Occupancy And Equipment": 5038000.0,
        "Professional Expense And Contract Services Expense": 395000.0,
        "Other Non Interest Expense": 6653000.0
    },
    "2025-06-30": {
        "Tax Effect Of Unusual Items": 0.0,
        "Tax Rate For Calcs": 0.255939,
        "Net Income From Continuing Operation Net Minority Interest": 29066000.0,
        "Reconciled Depreciation": 2212000.0,
        "Net Interest Income": 54278000.0,
        "Interest Expense": 3189000.0,
        "Interest Income": 57467000.0,
        "Normalized Income": 29066000.0,
        "Net Income From Continuing And Discontinued Operation": 29066000.0,
        "Diluted Average Shares": 25889000.0,
        "Basic Average Shares": 25889000.0,
        "Diluted EPS": 1.12,
        "Basic EPS": 1.12,
        "Diluted NI Availto Com Stockholders": 29066000.0,
        "Net Income Common Stockholders": 29066000.0,
        "Net Income": 29066000.0,
        "Net Income Including Noncontrolling Interests": 29066000.0,
        "Net Income Continuous Operations": 29066000.0,
        "Tax Provision": 9998000.0,
        "Pretax Income": 39064000.0,
        "Gain On Sale Of Security": NaN,
        "Selling General And Administration": 12303000.0,
        "General And Administrative Expense": 12303000.0,
        "Salaries And Wages": 12303000.0,
        "Total Revenue": 64593000.0,
        "Operating Revenue": 64593000.0,
        "Occupancy And Equipment": 5154000.0,
        "Professional Expense And Contract Services Expense": 386000.0,
        "Other Non Interest Expense": 6771000.0
    }
}