{
    "2023-06-30": {
        "Tax Effect Of Unusual Items": NaN,
        "Tax Rate For Calcs": NaN,
        "Total Unusual Items": NaN,
        "Total Unusual Items Excluding Goodwill": NaN,
        "Net Income From Continuing Operation Net Minority Interest": NaN,
        "Reconciled Depreciation": NaN,
        "Net Interest Income": NaN,
        "Interest Expense": NaN,
        "Interest Income": NaN,
        "Normalized Income": NaN,
        "Net Income From Continuing And Discontinued Operation": NaN,
        "Diluted Average Shares": 65212846.0,
        "Basic Average Shares": 65194880.0,
        "Diluted EPS": 0.89,
        "Basic EPS": 0.89,
        "Diluted NI Availto Com Stockholders": NaN,
        "Net Income Common Stockholders": NaN,
        "Preferred Stock Dividends": NaN,
        "Net Income": NaN,
        "Net Income Including Noncontrolling Interests": NaN,
        "Net Income Continuous Operations": NaN,
        "Tax Provision": NaN,
        "Pretax Income": NaN,
        "Gain On Sale Of Security": NaN,
        "Selling General And Administration": NaN,
        "General And Administrative Expense": NaN,
        "Insurance And Claims": NaN,
        "Salaries And Wages": NaN,
        "Total Revenue": NaN,
        "Operating Revenue": NaN,
        "Occupancy And Equipment": NaN,
        "Other Non Interest Expense": NaN
    },
    "2023-03-31": {
        "Tax Effect Of Unusual Items": NaN,
        "Tax Rate For Calcs": NaN,
        "Total Unusual Items": NaN,
        "Total Unusual Items Excluding Goodwill": NaN,
        "Net Income From Continuing Operation Net Minority Interest": NaN,
        "Reconciled Depreciation": NaN,
        "Net Interest Income": NaN,
        "Interest Expense": NaN,
        "Interest Income": NaN,
        "Normalized Income": NaN,
        "Net Income From Continuing And Discontinued Operation": NaN,
        "Diluted Average Shares": 65551185.0,
        "Basic Average Shares": 65511131.0,
        "Diluted EPS": 0.95,
        "Basic EPS": 0.95,
        "Diluted NI Availto Com Stockholders": NaN,
        "Net Income Common Stockholders": NaN,
        "Preferred Stock Dividends": NaN,
        "Net Income": NaN,
        "Net Income Including Noncontrolling Interests": NaN,
        "Net Income Continuous Operations": NaN,
        "Tax Provision": NaN,
        "Pretax Income": NaN,
        "Gain On Sale Of Security": NaN,
        "Selling General And Administration": NaN,
        "General And Administrative Expense": NaN,
        "Insurance And Claims": NaN,
        "Salaries And Wages": NaN,
        "Total Revenue": NaN,
        "Operating Revenue": NaN,
        "Occupancy And Equipment": NaN,
        "Other Non Interest Expense": NaN
    },
    "2022-12-31": {
        "Tax Effect Of Unusual Items": -24640.0,
        "Tax Rate For Calcs": 0.22,
        "Total Unusual Items": -112000.0,
        "Total Unusual Items Excluding Goodwill": -112000.0,
        "Net Income From Continuing Operation Net Minority Interest": 79509000.0,
        "Reconciled Depreciation": 1613000.0,
        "Net Interest Income": 182799000.0,
        "Interest Expense": 50620000.0,
        "Interest Income": 233419000.0,
        "Normalized Income": 79596360.0,
        "Net Income From Continuing And Discontinued Operation": 79509000.0,
        "Diluted Average Shares": 65430690.0,
        "Basic Average Shares": 65341974.0,
        "Diluted EPS": 1.16,
        "Basic EPS": 1.16,
        "Diluted NI Availto Com Stockholders": 75853000.0,
        "Net Income Common Stockholders": 75853000.0,
        "Preferred Stock Dividends": 3656000.0,
        "Net Income": 79509000.0,
        "Net Income Including Noncontrolling Interests": 79509000.0,
        "Net Income Continuous Operations": 79509000.0,
        "Tax Provision": 22424000.0,
        "Pretax Income": 101933000.0,
        "Gain On Sale Of Security": 0.0,
        "Selling General And Administration": 52745000.0,
        "General And Administrative Expense": 52745000.0,
        "Insurance And Claims": 3675000.0,
        "Salaries And Wages": 49070000.0,
        "Total Revenue": 196711000.0,
        "Operating Revenue": 196711000.0
    },
    "2022-09-30": {
        "Tax Effect Of Unusual Items": NaN,
        "Tax Rate For Calcs": NaN,
        "Total Unusual Items": NaN,
        "Total Unusual Items Excluding Goodwill": NaN,
        "Net Income From Continuing Operation Net Minority Interest": NaN,
        "Reconciled Depreciation": NaN,
        "Net Interest Income": NaN,
        "Interest Expense": NaN,
        "Interest Income": NaN,
        "Normalized Income": NaN,
        "Net Income From Continuing And Discontinued Operation": NaN,
        "Diluted Average Shares": NaN,
        "Basic Average Shares": NaN,
        "Diluted EPS": NaN,
        "Basic EPS": NaN,
        "Diluted NI Availto Com Stockholders": NaN,
        "Net Income Common Stockholders": NaN,
        "Preferred Stock Dividends": NaN,
        "Net Income": NaN,
        "Net Income Including Noncontrolling Interests": NaN,
        "Net Income Continuous Operations": NaN,
        "Tax Provision": NaN,
        "Pretax Income": NaN,
        "Special Income Charges": 0.0,
        "Gain On Sale Of Security": NaN,
        "Selling General And Administration": NaN,
        "General And Administrative Expense": NaN,
        "Insurance And Claims": NaN,
        "Salaries And Wages": NaN,
        "Total Revenue": NaN,
        "Operating Revenue": NaN
    },
    "2022-06-30": {
        "Tax Effect Of Unusual Items": 97216.0,
        "Tax Rate For Calcs": 0.217,
        "Total Unusual Items": 448000.0,
        "Total Unusual Items Excluding Goodwill": 448000.0,
        "Net Income From Continuing Operation Net Minority Interest": 63295000.0,
        "Reconciled Depreciation": 16288000.0,
        "Net Interest Income": 151746000.0,
        "Interest Expense": 15402000.0,
        "Interest Income": 167148000.0,
        "Normalized Income": 62944216.0,
        "Net Income From Continuing And Discontinued Operation": 63295000.0,
        "Diluted Average Shares": 65395666.0,
        "Basic Average Shares": 65315481.0,
        "Diluted EPS": 0.91,
        "Basic EPS": 0.91,
        "Diluted NI Availto Com Stockholders": 59639000.0,
        "Net Income Common Stockholders": 59639000.0,
        "Preferred Stock Dividends": 3656000.0,
        "Net Income": 63295000.0,
        "Net Income Including Noncontrolling Interests": 63295000.0,
        "Net Income Continuous Operations": 63295000.0,
        "Tax Provision": 17546000.0,
        "Pretax Income": 80841000.0,
        "Special Income Charges": 0.0,
        "Gain On Sale Of Security": 0.0,
        "Selling General And Administration": 50173000.0,
        "General And Administrative Expense": 50173000.0,
        "Other Gand A": 16498000.0,
        "Insurance And Claims": 2100000.0,
        "Salaries And Wages": 48073000.0,
        "Total Revenue": 169744000.0,
        "Operating Revenue": 169744000.0
    },
    "2022-03-31": {
        "Diluted EPS": 0.7,
        "Total Revenue": 166,
        "Gross Profit": 151,
        "Operating Income": 63,
        "EBIT": NaN,
        "Net Income": 46
    },
    "2021-12-31": {
        "Diluted EPS": 0.71,
        "Total Revenue": 169,
        "Gross Profit": 153,
        "Operating Income": 63,
        "EBIT": NaN,
        "Net Income": 47
    },
    "2021-09-30": {
        "Diluted EPS": 0.71,
        "Total Revenue": 169,
        "Gross Profit": 151,
        "Operating Income": 67,
        "EBIT": NaN,
        "Net Income": 49
    },
    "2021-06-30": {
        "Diluted EPS": 0.61,
        "Total Revenue": 161,
        "Gross Profit": 142,
        "Operating Income": 60,
        "EBIT": NaN,
        "Net Income": 44
    },
    "2021-03-31": {
        "Diluted EPS": 0.56,
        "Total Revenue": 161,
        "Gross Profit": 139,
        "Operating Income": 57,
        "EBIT": NaN,
        "Net Income": 42
    },
    "2020-12-31": {
        "Diluted EPS": 0.51,
        "Total Revenue": 162,
        "Gross Profit": 134,
        "Operating Income": 50,
        "EBIT": NaN,
        "Net Income": 39
    },
    "2020-09-30": {
        "Diluted EPS": 0.47,
        "Total Revenue": 158,
        "Gross Profit": 126,
        "Operating Income": 42,
        "EBIT": NaN,
        "Net Income": 34
    },
    "2020-06-30": {
        "Diluted EPS": 0.46,
        "Total Revenue": 163,
        "Gross Profit": 131,
        "Operating Income": 44,
        "EBIT": NaN,
        "Net Income": 35
    },
    "2020-03-31": {
        "Diluted EPS": 0.47,
        "Total Revenue": 176,
        "Gross Profit": 134,
        "Operating Income": 46,
        "EBIT": NaN,
        "Net Income": 36
    },
    "2019-12-31": {
        "Diluted EPS": 0.86,
        "Total Revenue": 211,
        "Gross Profit": 166,
        "Operating Income": 86,
        "EBIT": NaN,
        "Net Income": 68
    },
    "2019-09-30": {
        "Diluted EPS": 0.66,
        "Total Revenue": 186,
        "Gross Profit": 137,
        "Operating Income": 65,
        "EBIT": NaN,
        "Net Income": 52
    },
    "2019-06-30": {
        "Diluted EPS": 0.67,
        "Total Revenue": 186,
        "Gross Profit": 136,
        "Operating Income": 65,
        "EBIT": NaN,
        "Net Income": 54
    },
    "2019-03-31": {
        "Diluted EPS": 0.63,
        "Total Revenue": 180,
        "Gross Profit": 133,
        "Operating Income": 65,
        "EBIT": NaN,
        "Net Income": 51
    },
    "2018-12-31": {
        "Diluted EPS": 0.65,
        "Total Revenue": 182,
        "Gross Profit": 138,
        "Operating Income": 67,
        "EBIT": NaN,
        "Net Income": 53
    },
    "2018-09-30": {
        "Diluted EPS": 0.63,
        "Total Revenue": 169,
        "Gross Profit": 131,
        "Operating Income": 67,
        "EBIT": NaN,
        "Net Income": 52
    },
    "2018-06-30": {
        "Diluted EPS": 0.61,
        "Total Revenue": 168,
        "Gross Profit": 132,
        "Operating Income": 64,
        "EBIT": NaN,
        "Net Income": 51
    },
    "2018-03-31": {
        "Diluted EPS": 0.57,
        "Total Revenue": 162,
        "Gross Profit": 130,
        "Operating Income": 65,
        "EBIT": NaN,
        "Net Income": 49
    },
    "2017-12-31": {
        "Diluted EPS": 0.59,
        "Total Revenue": 153,
        "Gross Profit": 123,
        "Operating Income": 61,
        "EBIT": NaN,
        "Net Income": 52
    },
    "2017-09-30": {
        "Diluted EPS": 0.52,
        "Total Revenue": 159,
        "Gross Profit": 129,
        "Operating Income": 67,
        "EBIT": NaN,
        "Net Income": 46
    },
    "2017-06-30": {
        "Diluted EPS": 0.49,
        "Total Revenue": 152,
        "Gross Profit": 123,
        "Operating Income": 65,
        "EBIT": NaN,
        "Net Income": 44
    },
    "2017-03-31": {
        "Diluted EPS": 0.47,
        "Total Revenue": 146,
        "Gross Profit": 118,
        "Operating Income": 63,
        "EBIT": NaN,
        "Net Income": 42
    },
    "2016-12-31": {
        "Diluted EPS": 0.46,
        "Total Revenue": 145,
        "Gross Profit": 115,
        "Operating Income": 61,
        "EBIT": NaN,
        "Net Income": 41
    },
    "2016-09-30": {
        "Diluted EPS": 0.48,
        "Total Revenue": 148,
        "Gross Profit": 118,
        "Operating Income": 65,
        "EBIT": NaN,
        "Net Income": 44
    },
    "2016-06-30": {
        "Diluted EPS": 0.47,
        "Total Revenue": 144,
        "Gross Profit": 115,
        "Operating Income": 65,
        "EBIT": NaN,
        "Net Income": 43
    },
    "2016-03-31": {
        "Diluted EPS": 0.45,
        "Total Revenue": 146,
        "Gross Profit": 117,
        "Operating Income": 63,
        "EBIT": NaN,
        "Net Income": 42
    },
    "2015-12-31": {
        "Diluted EPS": 0.38,
        "Total Revenue": 146,
        "Gross Profit": 118,
        "Operating Income": 54,
        "EBIT": NaN,
        "Net Income": 35
    },
    "2015-09-30": {
        "Diluted EPS": 0.45,
        "Total Revenue": 148,
        "Gross Profit": 119,
        "Operating Income": 66,
        "EBIT": NaN,
        "Net Income": 42
    },
    "2015-06-30": {
        "Diluted EPS": 0.41,
        "Total Revenue": 141,
        "Gross Profit": 112,
        "Operating Income": 61,
        "EBIT": NaN,
        "Net Income": 39
    },
    "2015-03-31": {
        "Diluted EPS": 0.42,
        "Total Revenue": 143,
        "Gross Profit": 115,
        "Operating Income": 63,
        "EBIT": NaN,
        "Net Income": 40
    },
    "2014-12-31": {
        "Diluted EPS": 0.39,
        "Total Revenue": 138,
        "Gross Profit": 108,
        "Operating Income": 60,
        "EBIT": NaN,
        "Net Income": 38
    },
    "2014-09-30": {
        "Diluted EPS": 0.41,
        "Total Revenue": 145,
        "Gross Profit": 113,
        "Operating Income": 63,
        "EBIT": NaN,
        "Net Income": 41
    },
    "2014-06-30": {
        "Diluted EPS": 0.37,
        "Total Revenue": 143,
        "Gross Profit": 111,
        "Operating Income": 59,
        "EBIT": NaN,
        "Net Income": 38
    },
    "2014-03-31": {
        "Diluted EPS": 0.38,
        "Total Revenue": 139,
        "Gross Profit": 107,
        "Operating Income": 60,
        "EBIT": NaN,
        "Net Income": 39
    },
    "2013-12-31": {
        "Diluted EPS": 0.39,
        "Total Revenue": 137,
        "Gross Profit": 104,
        "Operating Income": 63,
        "EBIT": NaN,
        "Net Income": 40
    },
    "2013-09-30": {
        "Diluted EPS": 0.42,
        "Total Revenue": 136,
        "Gross Profit": 103,
        "Operating Income": 66,
        "EBIT": NaN,
        "Net Income": 43
    },
    "2013-06-30": {
        "Diluted EPS": 0.36,
        "Total Revenue": 133,
        "Gross Profit": 100,
        "Operating Income": 58,
        "EBIT": NaN,
        "Net Income": 37
    },
    "2013-03-31": {
        "Diluted EPS": 0.34,
        "Total Revenue": 133,
        "Gross Profit": 99,
        "Operating Income": 54,
        "EBIT": NaN,
        "Net Income": 36
    },
    "2012-12-31": {
        "Diluted EPS": 0.33,
        "Total Revenue": 136,
        "Gross Profit": 100,
        "Operating Income": 55,
        "EBIT": NaN,
        "Net Income": 35
    },
    "2012-09-30": {
        "Diluted EPS": 0.33,
        "Total Revenue": 138,
        "Gross Profit": 95,
        "Operating Income": 56,
        "EBIT": NaN,
        "Net Income": 36
    },
    "2012-06-30": {
        "Diluted EPS": 0.33,
        "Total Revenue": 149,
        "Gross Profit": 100,
        "Operating Income": 55,
        "EBIT": NaN,
        "Net Income": 35
    },
    "2012-03-31": {
        "Diluted EPS": 0.32,
        "Total Revenue": 160,
        "Gross Profit": 110,
        "Operating Income": 53,
        "EBIT": NaN,
        "Net Income": 34
    },
    "2011-12-31": {
        "Diluted EPS": 0.31,
        "Total Revenue": 161,
        "Gross Profit": 108,
        "Operating Income": 52,
        "EBIT": NaN,
        "Net Income": 33
    },
    "2011-09-30": {
        "Diluted EPS": 0.28,
        "Total Revenue": 164,
        "Gross Profit": 109,
        "Operating Income": 49,
        "EBIT": NaN,
        "Net Income": 31
    },
    "2011-06-30": {
        "Diluted EPS": 0.27,
        "Total Revenue": 166,
        "Gross Profit": 110,
        "Operating Income": 47,
        "EBIT": NaN,
        "Net Income": 30
    },
    "2011-03-31": {
        "Diluted EPS": 0.23,
        "Total Revenue": 171,
        "Gross Profit": 114,
        "Operating Income": 40,
        "EBIT": NaN,
        "Net Income": 26
    },
    "2010-12-31": {
        "Diluted EPS": 0.22,
        "Total Revenue": 170,
        "Gross Profit": 109,
        "Operating Income": 38,
        "EBIT": NaN,
        "Net Income": 25
    },
    "2010-09-30": {
        "Diluted EPS": 0.14,
        "Total Revenue": 165,
        "Gross Profit": 100,
        "Operating Income": 25,
        "EBIT": NaN,
        "Net Income": 16
    },
    "2010-06-30": {
        "Diluted EPS": 0.11,
        "Total Revenue": 173,
        "Gross Profit": 104,
        "Operating Income": 20,
        "EBIT": NaN,
        "Net Income": 13
    },
    "2010-03-31": {
        "Diluted EPS": 0.73,
        "Total Revenue": 256,
        "Gross Profit": 188,
        "Operating Income": 68,
        "EBIT": NaN,
        "Net Income": 82
    },
    "2009-12-31": {
        "Diluted EPS": 0.07,
        "Total Revenue": 190,
        "Gross Profit": 122,
        "Operating Income": 13,
        "EBIT": NaN,
        "Net Income": 8
    },
    "2009-09-30": {
        "Diluted EPS": 0.1,
        "Total Revenue": 172,
        "Gross Profit": 101,
        "Operating Income": 17,
        "EBIT": NaN,
        "Net Income": 10
    },
    "2009-06-30": {
        "Diluted EPS": 0.03,
        "Total Revenue": 175,
        "Gross Profit": 100,
        "Operating Income": 12,
        "EBIT": NaN,
        "Net Income": 3
    },
    "2009-03-31": {
        "Diluted EPS": 0.1,
        "Total Revenue": 181,
        "Gross Profit": 98,
        "Operating Income": 17,
        "EBIT": NaN,
        "Net Income": 8
    },
    "2023-09-30": {
        "Tax Effect Of Unusual Items": NaN,
        "Tax Rate For Calcs": NaN,
        "Total Unusual Items": NaN,
        "Total Unusual Items Excluding Goodwill": NaN,
        "Net Income From Continuing Operation Net Minority Interest": NaN,
        "Reconciled Depreciation": NaN,
        "Net Interest Income": NaN,
        "Interest Expense": NaN,
        "Interest Income": NaN,
        "Normalized Income": NaN,
        "Net Income From Continuing And Discontinued Operation": NaN,
        "Diluted Average Shares": 64736864.0,
        "Basic Average Shares": 64729006.0,
        "Diluted EPS": 0.72,
        "Basic EPS": 0.72,
        "Diluted NI Availto Com Stockholders": NaN,
        "Net Income Common Stockholders": NaN,
        "Preferred Stock Dividends": NaN,
        "Net Income": NaN,
        "Net Income Including Noncontrolling Interests": NaN,
        "Net Income Continuous Operations": NaN,
        "Tax Provision": NaN,
        "Pretax Income": NaN,
        "Gain On Sale Of Security": NaN,
        "Selling General And Administration": NaN,
        "General And Administrative Expense": NaN,
        "Insurance And Claims": NaN,
        "Salaries And Wages": NaN,
        "Total Revenue": NaN,
        "Operating Revenue": NaN,
        "Occupancy And Equipment": NaN,
        "Other Non Interest Expense": NaN
    },
    "2023-12-31": {
        "Tax Effect Of Unusual Items": NaN,
        "Tax Rate For Calcs": NaN,
        "Total Unusual Items": 1826000.0,
        "Total Unusual Items Excluding Goodwill": 1826000.0,
        "Net Income From Continuing Operation Net Minority Interest": 58453000.0,
        "Reconciled Depreciation": -22095000.0,
        "Net Interest Income": 152237000.0,
        "Interest Expense": 134609000.0,
        "Interest Income": 286846000.0,
        "Normalized Income": NaN,
        "Net Income From Continuing And Discontinued Operation": 58453000.0,
        "Diluted Average Shares": 64312110.0,
        "Basic Average Shares": 64297499.0,
        "Diluted EPS": 0.85,
        "Basic EPS": 0.85,
        "Diluted NI Availto Com Stockholders": 54797000.0,
        "Net Income Common Stockholders": 54797000.0,
        "Preferred Stock Dividends": 3656000.0,
        "Net Income": 58453000.0,
        "Net Income Including Noncontrolling Interests": 58453000.0,
        "Net Income Continuous Operations": 58453000.0,
        "Tax Provision": 13237000.0,
        "Pretax Income": 71690000.0,
        "Gain On Sale Of Security": 190000.0,
        "Selling General And Administration": 56411000.0,
        "General And Administrative Expense": 56411000.0,
        "Insurance And Claims": 6570000.0,
        "Salaries And Wages": 49841000.0,
        "Total Revenue": 168230000.0,
        "Operating Revenue": 168230000.0,
        "Occupancy And Equipment": 9371000.0,
        "Other Non Interest Expense": 30758000.0
    },
    "2024-03-31": {
        "Tax Effect Of Unusual Items": -318305.028146,
        "Tax Rate For Calcs": 0.242057,
        "Total Unusual Items": -1315000.0,
        "Total Unusual Items Excluding Goodwill": -1315000.0,
        "Net Income From Continuing Operation Net Minority Interest": 15888000.0,
        "Reconciled Depreciation": 227816000.0,
        "Net Interest Income": 158597000.0,
        "Interest Expense": 160229000.0,
        "Interest Income": 318826000.0,
        "Normalized Income": 16884694.971854,
        "Net Income From Continuing And Discontinued Operation": 15888000.0,
        "Diluted Average Shares": 70164558.0,
        "Basic Average Shares": 70129072.0,
        "Diluted EPS": 0.17,
        "Basic EPS": 0.17,
        "Diluted NI Availto Com Stockholders": 12232000.0,
        "Net Income Common Stockholders": 12232000.0,
        "Preferred Stock Dividends": 3656000.0,
        "Net Income": 15888000.0,
        "Net Income Including Noncontrolling Interests": 15888000.0,
        "Net Income Continuous Operations": 15888000.0,
        "Tax Provision": 5074000.0,
        "Pretax Income": 20962000.0,
        "Gain On Sale Of Security": 96000.0,
        "Selling General And Administration": 81055000.0,
        "General And Administrative Expense": 81055000.0,
        "Insurance And Claims": 7900000.0,
        "Salaries And Wages": 73155000.0,
        "Total Revenue": 170674000.0,
        "Operating Revenue": 170674000.0,
        "Occupancy And Equipment": 10918000.0,
        "Other Non Interest Expense": 41739000.0
    },
    "2024-06-30": {
        "Tax Effect Of Unusual Items": -27242.8,
        "Tax Rate For Calcs": 0.2197,
        "Total Unusual Items": -124000.0,
        "Total Unusual Items Excluding Goodwill": -124000.0,
        "Net Income From Continuing Operation Net Minority Interest": 64560000.0,
        "Reconciled Depreciation": -11571000.0,
        "Net Interest Income": 177186000.0,
        "Interest Expense": 214755000.0,
        "Interest Income": 391941000.0,
        "Normalized Income": 64656757.2,
        "Net Income From Continuing And Discontinued Operation": 64560000.0,
        "Diluted Average Shares": NaN,
        "Basic Average Shares": NaN,
        "Diluted EPS": NaN,
        "Basic EPS": NaN,
        "Diluted NI Availto Com Stockholders": 60904000.0,
        "Net Income Common Stockholders": 60904000.0,
        "Preferred Stock Dividends": 3656000.0,
        "Net Income": 64560000.0,
        "Net Income Including Noncontrolling Interests": 64560000.0,
        "Net Income Continuous Operations": 64560000.0,
        "Tax Provision": 18178000.0,
        "Pretax Income": 82738000.0,
        "Gain On Sale Of Security": 134000.0,
        "Selling General And Administration": 64769000.0,
        "General And Administrative Expense": 64769000.0,
        "Insurance And Claims": 7600000.0,
        "Salaries And Wages": 57169000.0,
        "Total Revenue": 194317000.0,
        "Operating Revenue": 194317000.0,
        "Occupancy And Equipment": 10904000.0,
        "Other Non Interest Expense": 34406000.0
    },
    "2024-09-30": {
        "Tax Effect Of Unusual Items": -20090.967694,
        "Tax Rate For Calcs": 0.24206,
        "Total Unusual Items": -83000.0,
        "Total Unusual Items Excluding Goodwill": -83000.0,
        "Net Income From Continuing Operation Net Minority Interest": 61140000.0,
        "Reconciled Depreciation": -60047000.0,
        "Net Interest Income": 172812000.0,
        "Interest Expense": 201285000.0,
        "Interest Income": 374097000.0,
        "Normalized Income": 61202909.032306,
        "Net Income From Continuing And Discontinued Operation": 61140000.0,
        "Diluted Average Shares": 81353644.0,
        "Basic Average Shares": 81208683.0,
        "Diluted EPS": 0.71,
        "Basic EPS": 0.71,
        "Diluted NI Availto Com Stockholders": 57484000.0,
        "Net Income Common Stockholders": 57484000.0,
        "Preferred Stock Dividends": 3656000.0,
        "Net Income": 61140000.0,
        "Net Income Including Noncontrolling Interests": 61140000.0,
        "Net Income Continuous Operations": 61140000.0,
        "Tax Provision": 19526000.0,
        "Pretax Income": 80666000.0,
        "Gain On Sale Of Security": 163000.0,
        "Selling General And Administration": 60783000.0,
        "General And Administrative Expense": 60783000.0,
        "Insurance And Claims": 6800000.0,
        "Salaries And Wages": 53983000.0,
        "Total Revenue": 188607000.0,
        "Operating Revenue": 188607000.0,
        "Occupancy And Equipment": 10843000.0,
        "Other Non Interest Expense": 36315000.0
    },
    "2024-12-31": {
        "Tax Effect Of Unusual Items": 92449.5,
        "Tax Rate For Calcs": 0.2155,
        "Total Unusual Items": 429000.0,
        "Total Unusual Items Excluding Goodwill": 429000.0,
        "Net Income From Continuing Operation Net Minority Interest": 47267000.0,
        "Reconciled Depreciation": 44350000.0,
        "Net Interest Income": 155431000.0,
        "Interest Expense": 189686000.0,
        "Interest Income": 345117000.0,
        "Normalized Income": 46930449.5,
        "Net Income From Continuing And Discontinued Operation": 47267000.0,
        "Diluted Average Shares": 81401599.0,
        "Basic Average Shares": 81294227.0,
        "Diluted EPS": 0.54,
        "Basic EPS": 0.54,
        "Diluted NI Availto Com Stockholders": 43611000.0,
        "Net Income Common Stockholders": 43611000.0,
        "Preferred Stock Dividends": 3656000.0,
        "Net Income": 47267000.0,
        "Net Income Including Noncontrolling Interests": 47267000.0,
        "Net Income Continuous Operations": 47267000.0,
        "Tax Provision": 12984000.0,
        "Pretax Income": 60251000.0,
        "Gain On Sale Of Security": 25000.0,
        "Selling General And Administration": 64777000.0,
        "General And Administrative Expense": 64777000.0,
        "Insurance And Claims": 4850000.0,
        "Salaries And Wages": 59927000.0,
        "Total Revenue": 171562000.0,
        "Operating Revenue": 171562000.0,
        "Occupancy And Equipment": 10788000.0,
        "Other Non Interest Expense": 35746000.0
    },
    "2025-03-31": {
        "Tax Effect Of Unusual Items": -43541.2,
        "Tax Rate For Calcs": 0.2188,
        "Total Unusual Items": -199000.0,
        "Total Unusual Items Excluding Goodwill": -199000.0,
        "Net Income From Continuing Operation Net Minority Interest": 56252000.0,
        "Reconciled Depreciation": -19871000.0,
        "Net Interest Income": 160910000.0,
        "Interest Expense": 175174000.0,
        "Interest Income": 336084000.0,
        "Normalized Income": 56407458.8,
        "Net Income From Continuing And Discontinued Operation": 56252000.0,
        "Diluted Average Shares": 81105536.0,
        "Basic Average Shares": 81061206.0,
        "Diluted EPS": 0.65,
        "Basic EPS": 0.65,
        "Diluted NI Availto Com Stockholders": 52596000.0,
        "Net Income Common Stockholders": 52596000.0,
        "Preferred Stock Dividends": 3656000.0,
        "Net Income": 56252000.0,
        "Net Income Including Noncontrolling Interests": 56252000.0,
        "Net Income Continuous Operations": 56252000.0,
        "Tax Provision": 15758000.0,
        "Pretax Income": 72010000.0,
        "Gain On Sale Of Security": 65000.0,
        "Selling General And Administration": 58510000.0,
        "General And Administrative Expense": 58510000.0,
        "Insurance And Claims": 5800000.0,
        "Salaries And Wages": 52710000.0,
        "Total Revenue": 179592000.0,
        "Operating Revenue": 179592000.0,
        "Occupancy And Equipment": 11499000.0,
        "Other Non Interest Expense": 34823000.0
    },
    "2025-06-30": {
        "Tax Effect Of Unusual Items": -39300.8,
        "Tax Rate For Calcs": 0.2233,
        "Total Unusual Items": -176000.0,
        "Total Unusual Items Excluding Goodwill": -176000.0,
        "Net Income From Continuing Operation Net Minority Interest": 61952000.0,
        "Reconciled Depreciation": -13516000.0,
        "Net Interest Income": 167988000.0,
        "Interest Expense": 163726000.0,
        "Interest Income": 331714000.0,
        "Normalized Income": 62088699.2,
        "Net Income From Continuing And Discontinued Operation": 61952000.0,
        "Diluted Average Shares": 79907672.0,
        "Basic Average Shares": 79888520.0,
        "Diluted EPS": 0.73,
        "Basic EPS": 0.73,
        "Diluted NI Availto Com Stockholders": 58296000.0,
        "Net Income Common Stockholders": 58296000.0,
        "Preferred Stock Dividends": 3656000.0,
        "Net Income": 61952000.0,
        "Net Income Including Noncontrolling Interests": 61952000.0,
        "Net Income Continuous Operations": 61952000.0,
        "Tax Provision": 17806000.0,
        "Pretax Income": 79758000.0,
        "Gain On Sale Of Security": 56000.0,
        "Selling General And Administration": 58631000.0,
        "General And Administrative Expense": 58631000.0,
        "Insurance And Claims": 5150000.0,
        "Salaries And Wages": 53481000.0,
        "Total Revenue": 186085000.0,
        "Operating Revenue": 186085000.0,
        "Occupancy And Equipment": 11755000.0,
        "Other Non Interest Expense": 33941000.0
    },
    "2025-09-30": {
        "Tax Effect Of Unusual Items": NaN,
        "Tax Rate For Calcs": NaN,
        "Total Unusual Items": NaN,
        "Total Unusual Items Excluding Goodwill": NaN,
        "Net Income From Continuing Operation Net Minority Interest": NaN,
        "Reconciled Depreciation": NaN,
        "Net Interest Income": NaN,
        "Interest Expense": NaN,
        "Interest Income": NaN,
        "Normalized Income": NaN,
        "Net Income From Continuing And Discontinued Operation": NaN,
        "Diluted Average Shares": 78573457.0,
        "Basic Average Shares": 78509472.0,
        "Diluted EPS": 0.72,
        "Basic EPS": 0.73,
        "Diluted NI Availto Com Stockholders": NaN,
        "Net Income Common Stockholders": NaN,
        "Preferred Stock Dividends": NaN,
        "Net Income": NaN,
        "Net Income Including Noncontrolling Interests": NaN,
        "Net Income Continuous Operations": NaN,
        "Tax Provision": NaN,
        "Pretax Income": NaN,
        "Gain On Sale Of Security": NaN,
        "Selling General And Administration": NaN,
        "General And Administrative Expense": NaN,
        "Insurance And Claims": NaN,
        "Salaries And Wages": NaN,
        "Total Revenue": NaN,
        "Operating Revenue": NaN,
        "Occupancy And Equipment": NaN,
        "Other Non Interest Expense": NaN
    }
}