{
    "2023-06-30": {
        "Tax Effect Of Unusual Items": 0.0,
        "Tax Rate For Calcs": 0.202,
        "Net Income From Continuing Operation Net Minority Interest": 11256000.0,
        "Reconciled Depreciation": 1216000.0,
        "Net Interest Income": 32642000.0,
        "Interest Expense": 41730000.0,
        "Interest Income": 74372000.0,
        "Normalized Income": 11256000.0,
        "Net Income From Continuing And Discontinued Operation": 11256000.0,
        "Diluted Average Shares": 17030000.0,
        "Basic Average Shares": 17011000.0,
        "Diluted EPS": 0.66,
        "Basic EPS": 0.66,
        "Diluted NI Availto Com Stockholders": 11237000.0,
        "Net Income Common Stockholders": 11237000.0,
        "Otherunder Preferred Stock Dividend": 19000.0,
        "Net Income": 11256000.0,
        "Net Income Including Noncontrolling Interests": 11256000.0,
        "Net Income Continuous Operations": 11256000.0,
        "Tax Provision": 2853000.0,
        "Pretax Income": 14109000.0,
        "Gain On Sale Of Security": 247000.0,
        "Depreciation Amortization Depletion Income Statement": 212000.0,
        "Depreciation And Amortization In Income Statement": 212000.0,
        "Amortization": 212000.0,
        "Amortization Of Intangibles Income Statement": 212000.0,
        "Selling General And Administration": 22386000.0,
        "Selling And Marketing Expense": 427000.0,
        "General And Administrative Expense": 21959000.0,
        "Insurance And Claims": 1371000.0,
        "Salaries And Wages": 20588000.0,
        "Total Revenue": 47825000.0,
        "Operating Revenue": 47825000.0,
        "Occupancy And Equipment": 3466000.0,
        "Professional Expense And Contract Services Expense": 978000.0,
        "Other Non Interest Expense": 5974000.0
    },
    "2023-03-31": {
        "Tax Effect Of Unusual Items": 0.0,
        "Tax Rate For Calcs": 0.205,
        "Total Unusual Items": NaN,
        "Total Unusual Items Excluding Goodwill": NaN,
        "Net Income From Continuing Operation Net Minority Interest": 12812000.0,
        "Reconciled Depreciation": 1187000.0,
        "Net Interest Income": 36596000.0,
        "Interest Expense": 31569000.0,
        "Interest Income": 68165000.0,
        "Normalized Income": 12812000.0,
        "Net Income From Continuing And Discontinued Operation": 12812000.0,
        "Diluted Average Shares": 17170000.0,
        "Basic Average Shares": 17074000.0,
        "Diluted EPS": 0.74,
        "Basic EPS": 0.75,
        "Diluted NI Availto Com Stockholders": 12783000.0,
        "Net Income Common Stockholders": 12783000.0,
        "Otherunder Preferred Stock Dividend": 29000.0,
        "Net Income": 12812000.0,
        "Net Income Including Noncontrolling Interests": 12812000.0,
        "Net Income Continuous Operations": 12812000.0,
        "Tax Provision": 3300000.0,
        "Pretax Income": 16112000.0,
        "Special Income Charges": NaN,
        "Gain On Sale Of Security": -51000.0,
        "Depreciation Amortization Depletion Income Statement": 212000.0,
        "Depreciation And Amortization In Income Statement": 212000.0,
        "Amortization": 212000.0,
        "Amortization Of Intangibles Income Statement": 212000.0,
        "Selling General And Administration": 23064000.0,
        "Selling And Marketing Expense": 408000.0,
        "General And Administrative Expense": 22656000.0,
        "Insurance And Claims": 872000.0,
        "Salaries And Wages": 21784000.0,
        "Total Revenue": 50476000.0,
        "Operating Revenue": 50476000.0,
        "Occupancy And Equipment": 3465000.0,
        "Professional Expense And Contract Services Expense": 896000.0,
        "Other Non Interest Expense": 5927000.0
    },
    "2022-12-31": {
        "Tax Effect Of Unusual Items": NaN,
        "Tax Rate For Calcs": NaN,
        "Total Unusual Items": 0.0,
        "Total Unusual Items Excluding Goodwill": 0.0,
        "Net Income From Continuing Operation Net Minority Interest": NaN,
        "Reconciled Depreciation": NaN,
        "Net Interest Income": NaN,
        "Interest Expense": NaN,
        "Interest Income": NaN,
        "Normalized Income": NaN,
        "Net Income From Continuing And Discontinued Operation": NaN,
        "Diluted Average Shares": NaN,
        "Basic Average Shares": NaN,
        "Diluted EPS": NaN,
        "Basic EPS": NaN,
        "Diluted NI Availto Com Stockholders": NaN,
        "Net Income Common Stockholders": NaN,
        "Otherunder Preferred Stock Dividend": NaN,
        "Net Income": NaN,
        "Net Income Including Noncontrolling Interests": NaN,
        "Net Income Continuous Operations": NaN,
        "Tax Provision": NaN,
        "Pretax Income": NaN,
        "Special Income Charges": 0.0,
        "Gain On Sale Of Security": NaN,
        "Depreciation Amortization Depletion Income Statement": NaN,
        "Depreciation And Amortization In Income Statement": NaN,
        "Amortization": NaN,
        "Amortization Of Intangibles Income Statement": NaN,
        "Selling General And Administration": NaN,
        "Selling And Marketing Expense": NaN,
        "General And Administrative Expense": NaN,
        "Insurance And Claims": NaN,
        "Salaries And Wages": NaN,
        "Total Revenue": NaN,
        "Operating Revenue": NaN,
        "Occupancy And Equipment": NaN,
        "Professional Expense And Contract Services Expense": NaN,
        "Other Non Interest Expense": NaN
    },
    "2022-09-30": {
        "Tax Effect Of Unusual Items": NaN,
        "Tax Rate For Calcs": NaN,
        "Total Unusual Items": 0.0,
        "Total Unusual Items Excluding Goodwill": 0.0,
        "Net Income From Continuing Operation Net Minority Interest": NaN,
        "Reconciled Depreciation": NaN,
        "Net Interest Income": NaN,
        "Interest Expense": NaN,
        "Interest Income": NaN,
        "Normalized Income": NaN,
        "Net Income From Continuing And Discontinued Operation": NaN,
        "Diluted Average Shares": NaN,
        "Basic Average Shares": NaN,
        "Diluted EPS": NaN,
        "Basic EPS": NaN,
        "Diluted NI Availto Com Stockholders": NaN,
        "Net Income Common Stockholders": NaN,
        "Otherunder Preferred Stock Dividend": NaN,
        "Net Income": NaN,
        "Net Income Including Noncontrolling Interests": NaN,
        "Net Income Continuous Operations": NaN,
        "Tax Provision": NaN,
        "Pretax Income": NaN,
        "Special Income Charges": 0.0,
        "Gain On Sale Of Security": NaN,
        "Depreciation Amortization Depletion Income Statement": NaN,
        "Depreciation And Amortization In Income Statement": NaN,
        "Amortization": NaN,
        "Amortization Of Intangibles Income Statement": NaN,
        "Selling General And Administration": NaN,
        "Selling And Marketing Expense": NaN,
        "General And Administrative Expense": NaN,
        "Insurance And Claims": NaN,
        "Salaries And Wages": NaN,
        "Total Revenue": NaN,
        "Operating Revenue": NaN
    },
    "2022-06-30": {
        "Tax Effect Of Unusual Items": 0.0,
        "Tax Rate For Calcs": 0.211,
        "Total Unusual Items": 0.0,
        "Total Unusual Items Excluding Goodwill": 0.0,
        "Net Income From Continuing Operation Net Minority Interest": 19957000.0,
        "Reconciled Depreciation": 216000.0,
        "Net Interest Income": 37452000.0,
        "Interest Expense": 4514000.0,
        "Interest Income": 41966000.0,
        "Normalized Income": 19957000.0,
        "Net Income From Continuing And Discontinued Operation": 19957000.0,
        "Diluted Average Shares": 17414000.0,
        "Basic Average Shares": 17303000.0,
        "Diluted EPS": 1.14,
        "Basic EPS": 1.15,
        "Diluted NI Availto Com Stockholders": 19900000.0,
        "Net Income Common Stockholders": 19900000.0,
        "Otherunder Preferred Stock Dividend": 57000.0,
        "Net Income": 19957000.0,
        "Net Income Including Noncontrolling Interests": 19957000.0,
        "Net Income Continuous Operations": 19957000.0,
        "Tax Provision": 5333000.0,
        "Pretax Income": 25290000.0,
        "Special Income Charges": 0.0,
        "Gain On Sale Of Security": 669000.0,
        "Depreciation Amortization Depletion Income Statement": 216000.0,
        "Depreciation And Amortization In Income Statement": 216000.0,
        "Amortization": 216000.0,
        "Amortization Of Intangibles Income Statement": 216000.0,
        "Selling General And Administration": 21507000.0,
        "Selling And Marketing Expense": 724000.0,
        "General And Administrative Expense": 20783000.0,
        "Insurance And Claims": 402000.0,
        "Salaries And Wages": 20381000.0,
        "Total Revenue": 53367000.0,
        "Operating Revenue": 53367000.0
    },
    "2022-03-31": {
        "Diluted EPS": 0.11,
        "Total Revenue": 219,
        "Gross Profit": 154,
        "Operating Income": 52,
        "EBIT": 67,
        "Net Income": 35
    },
    "2021-12-31": {
        "Diluted EPS": 0.17,
        "Total Revenue": 191,
        "Gross Profit": 129,
        "Operating Income": 47,
        "EBIT": 61,
        "Net Income": 36
    },
    "2021-09-30": {
        "Diluted EPS": 0.08,
        "Total Revenue": 194,
        "Gross Profit": 131,
        "Operating Income": 40,
        "EBIT": 53,
        "Net Income": 27
    },
    "2021-06-30": {
        "Diluted EPS": -0.42,
        "Total Revenue": 197,
        "Gross Profit": 109,
        "Operating Income": -138,
        "EBIT": -126,
        "Net Income": -110
    },
    "2021-03-31": {
        "Diluted EPS": 0.09,
        "Total Revenue": 176,
        "Gross Profit": 124,
        "Operating Income": 47,
        "EBIT": 59,
        "Net Income": 25
    },
    "2020-12-31": {
        "Diluted EPS": 0.15,
        "Total Revenue": 162,
        "Gross Profit": 110,
        "Operating Income": 70,
        "EBIT": 81,
        "Net Income": 40
    },
    "2020-09-30": {
        "Diluted EPS": 0.07,
        "Total Revenue": 156,
        "Gross Profit": 106,
        "Operating Income": 43,
        "EBIT": 55,
        "Net Income": 20
    },
    "2020-06-30": {
        "Diluted EPS": -0.03,
        "Total Revenue": 102,
        "Gross Profit": 68,
        "Operating Income": 4,
        "EBIT": 16,
        "Net Income": -9
    },
    "2020-03-31": {
        "Diluted EPS": 0.03,
        "Total Revenue": 155,
        "Gross Profit": 98,
        "Operating Income": 26,
        "EBIT": 37,
        "Net Income": 9
    },
    "2019-12-31": {
        "Diluted EPS": 0.0,
        "Total Revenue": NaN,
        "Gross Profit": NaN,
        "Operating Income": NaN,
        "EBIT": NaN,
        "Net Income": NaN
    },
    "2023-09-30": {
        "Tax Effect Of Unusual Items": NaN,
        "Tax Rate For Calcs": NaN,
        "Total Unusual Items": NaN,
        "Total Unusual Items Excluding Goodwill": NaN,
        "Net Income From Continuing Operation Net Minority Interest": NaN,
        "Reconciled Depreciation": NaN,
        "Net Interest Income": NaN,
        "Interest Expense": NaN,
        "Interest Income": NaN,
        "Normalized Income": NaN,
        "Net Income From Continuing And Discontinued Operation": NaN,
        "Diluted Average Shares": NaN,
        "Basic Average Shares": NaN,
        "Diluted EPS": NaN,
        "Basic EPS": NaN,
        "Diluted NI Availto Com Stockholders": NaN,
        "Net Income Common Stockholders": NaN,
        "Otherunder Preferred Stock Dividend": 21000.0,
        "Net Income": NaN,
        "Net Income Including Noncontrolling Interests": NaN,
        "Net Income Continuous Operations": NaN,
        "Tax Provision": NaN,
        "Pretax Income": NaN,
        "Special Income Charges": NaN,
        "Other Special Charges": NaN,
        "Gain On Sale Of Security": NaN,
        "Depreciation Amortization Depletion Income Statement": NaN,
        "Depreciation And Amortization In Income Statement": NaN,
        "Amortization": NaN,
        "Amortization Of Intangibles Income Statement": NaN,
        "Selling General And Administration": NaN,
        "Selling And Marketing Expense": NaN,
        "General And Administrative Expense": NaN,
        "Insurance And Claims": NaN,
        "Salaries And Wages": NaN,
        "Total Revenue": NaN,
        "Operating Revenue": NaN,
        "Occupancy And Equipment": NaN,
        "Professional Expense And Contract Services Expense": NaN,
        "Other Non Interest Expense": NaN
    },
    "2023-12-31": {
        "Tax Effect Of Unusual Items": NaN,
        "Tax Rate For Calcs": NaN,
        "Total Unusual Items": NaN,
        "Total Unusual Items Excluding Goodwill": NaN,
        "Net Income From Continuing Operation Net Minority Interest": NaN,
        "Reconciled Depreciation": NaN,
        "Net Interest Income": NaN,
        "Interest Expense": NaN,
        "Interest Income": NaN,
        "Normalized Income": NaN,
        "Net Income From Continuing And Discontinued Operation": NaN,
        "Diluted Average Shares": NaN,
        "Basic Average Shares": NaN,
        "Diluted EPS": NaN,
        "Basic EPS": NaN,
        "Diluted NI Availto Com Stockholders": NaN,
        "Net Income Common Stockholders": NaN,
        "Otherunder Preferred Stock Dividend": 16000.0,
        "Net Income": NaN,
        "Net Income Including Noncontrolling Interests": NaN,
        "Net Income Continuous Operations": NaN,
        "Tax Provision": NaN,
        "Pretax Income": NaN,
        "Special Income Charges": NaN,
        "Other Special Charges": NaN,
        "Gain On Sale Of Security": NaN,
        "Depreciation Amortization Depletion Income Statement": NaN,
        "Depreciation And Amortization In Income Statement": NaN,
        "Amortization": NaN,
        "Amortization Of Intangibles Income Statement": NaN,
        "Selling General And Administration": NaN,
        "Selling And Marketing Expense": NaN,
        "General And Administrative Expense": NaN,
        "Insurance And Claims": NaN,
        "Salaries And Wages": NaN,
        "Total Revenue": NaN,
        "Operating Revenue": NaN,
        "Occupancy And Equipment": NaN,
        "Professional Expense And Contract Services Expense": NaN,
        "Other Non Interest Expense": NaN
    },
    "2024-03-31": {
        "Tax Effect Of Unusual Items": NaN,
        "Tax Rate For Calcs": NaN,
        "Total Unusual Items": 2100000.0,
        "Total Unusual Items Excluding Goodwill": 2100000.0,
        "Net Income From Continuing Operation Net Minority Interest": NaN,
        "Reconciled Depreciation": NaN,
        "Net Interest Income": NaN,
        "Interest Expense": NaN,
        "Interest Income": NaN,
        "Normalized Income": NaN,
        "Net Income From Continuing And Discontinued Operation": NaN,
        "Diluted Average Shares": NaN,
        "Basic Average Shares": NaN,
        "Diluted EPS": NaN,
        "Basic EPS": NaN,
        "Diluted NI Availto Com Stockholders": NaN,
        "Net Income Common Stockholders": NaN,
        "Otherunder Preferred Stock Dividend": 12000.0,
        "Net Income": NaN,
        "Net Income Including Noncontrolling Interests": NaN,
        "Net Income Continuous Operations": NaN,
        "Tax Provision": NaN,
        "Pretax Income": NaN,
        "Special Income Charges": 2100000.0,
        "Other Special Charges": -2100000.0,
        "Gain On Sale Of Security": NaN,
        "Depreciation Amortization Depletion Income Statement": NaN,
        "Depreciation And Amortization In Income Statement": NaN,
        "Amortization": NaN,
        "Amortization Of Intangibles Income Statement": NaN,
        "Selling General And Administration": NaN,
        "Selling And Marketing Expense": NaN,
        "General And Administrative Expense": NaN,
        "Insurance And Claims": NaN,
        "Salaries And Wages": NaN,
        "Total Revenue": NaN,
        "Operating Revenue": NaN,
        "Occupancy And Equipment": NaN,
        "Professional Expense And Contract Services Expense": NaN,
        "Other Non Interest Expense": NaN
    },
    "2024-06-30": {
        "Tax Effect Of Unusual Items": 215667.509939,
        "Tax Rate For Calcs": 0.218287,
        "Total Unusual Items": 988000.0,
        "Total Unusual Items Excluding Goodwill": 988000.0,
        "Net Income From Continuing Operation Net Minority Interest": 10815000.0,
        "Reconciled Depreciation": 1205000.0,
        "Net Interest Income": 31585000.0,
        "Interest Expense": 54412000.0,
        "Interest Income": 85997000.0,
        "Normalized Income": 10042667.509939,
        "Net Income From Continuing And Discontinued Operation": 10815000.0,
        "Diluted Average Shares": 17110000.0,
        "Basic Average Shares": 17052000.0,
        "Diluted EPS": 0.63,
        "Basic EPS": 0.63,
        "Diluted NI Availto Com Stockholders": 10807000.0,
        "Net Income Common Stockholders": 10807000.0,
        "Otherunder Preferred Stock Dividend": 8000.0,
        "Net Income": 10815000.0,
        "Net Income Including Noncontrolling Interests": 10815000.0,
        "Net Income Continuous Operations": 10815000.0,
        "Tax Provision": 3020000.0,
        "Pretax Income": 13835000.0,
        "Special Income Charges": 988000.0,
        "Other Special Charges": -988000.0,
        "Gain On Sale Of Security": 49000.0,
        "Depreciation Amortization Depletion Income Statement": 208000.0,
        "Depreciation And Amortization In Income Statement": 208000.0,
        "Amortization": 208000.0,
        "Amortization Of Intangibles Income Statement": 208000.0,
        "Selling General And Administration": 23325000.0,
        "Selling And Marketing Expense": 661000.0,
        "General And Administrative Expense": 22664000.0,
        "Insurance And Claims": 1404000.0,
        "Salaries And Wages": 21260000.0,
        "Total Revenue": 47257000.0,
        "Operating Revenue": 47257000.0,
        "Occupancy And Equipment": 3355000.0,
        "Professional Expense And Contract Services Expense": 741000.0,
        "Other Non Interest Expense": 6281000.0
    },
    "2024-09-30": {
        "Tax Effect Of Unusual Items": 0.0,
        "Tax Rate For Calcs": 0.206,
        "Total Unusual Items": NaN,
        "Total Unusual Items Excluding Goodwill": NaN,
        "Net Income From Continuing Operation Net Minority Interest": 10981000.0,
        "Reconciled Depreciation": 1183000.0,
        "Net Interest Income": 32262000.0,
        "Interest Expense": 55324000.0,
        "Interest Income": 87586000.0,
        "Normalized Income": 10981000.0,
        "Net Income From Continuing And Discontinued Operation": 10981000.0,
        "Diluted Average Shares": 17140000.0,
        "Basic Average Shares": 17058000.0,
        "Diluted EPS": 0.64,
        "Basic EPS": 0.64,
        "Diluted NI Availto Com Stockholders": 10973000.0,
        "Net Income Common Stockholders": 10973000.0,
        "Otherunder Preferred Stock Dividend": 8000.0,
        "Net Income": 10981000.0,
        "Net Income Including Noncontrolling Interests": 10981000.0,
        "Net Income Continuous Operations": 10981000.0,
        "Tax Provision": 2849000.0,
        "Pretax Income": 13830000.0,
        "Special Income Charges": NaN,
        "Other Special Charges": NaN,
        "Gain On Sale Of Security": 126000.0,
        "Depreciation Amortization Depletion Income Statement": 206000.0,
        "Depreciation And Amortization In Income Statement": 206000.0,
        "Amortization": 206000.0,
        "Amortization Of Intangibles Income Statement": 206000.0,
        "Selling General And Administration": 23609000.0,
        "Selling And Marketing Expense": 857000.0,
        "General And Administrative Expense": 22752000.0,
        "Insurance And Claims": 1402000.0,
        "Salaries And Wages": 21350000.0,
        "Total Revenue": 48534000.0,
        "Operating Revenue": 48534000.0,
        "Occupancy And Equipment": 3323000.0,
        "Professional Expense And Contract Services Expense": 836000.0,
        "Other Non Interest Expense": 6530000.0
    },
    "2024-12-31": {
        "Tax Effect Of Unusual Items": -239551.340843,
        "Tax Rate For Calcs": 0.242461,
        "Total Unusual Items": -988000.0,
        "Total Unusual Items Excluding Goodwill": -988000.0,
        "Net Income From Continuing Operation Net Minority Interest": -60791000.0,
        "Reconciled Depreciation": 1163000.0,
        "Net Interest Income": 32936000.0,
        "Interest Expense": 48903000.0,
        "Interest Income": 81839000.0,
        "Normalized Income": -60042551.340843,
        "Net Income From Continuing And Discontinued Operation": -60791000.0,
        "Diluted Average Shares": 17565000.0,
        "Basic Average Shares": 17452000.0,
        "Diluted EPS": -3.48,
        "Basic EPS": -3.48,
        "Diluted NI Availto Com Stockholders": -60770000.0,
        "Net Income Common Stockholders": -60770000.0,
        "Otherunder Preferred Stock Dividend": NaN,
        "Net Income": -60791000.0,
        "Net Income Including Noncontrolling Interests": -60791000.0,
        "Net Income Continuous Operations": -60791000.0,
        "Tax Provision": -19457000.0,
        "Pretax Income": -80248000.0,
        "Special Income Charges": -988000.0,
        "Other Special Charges": 988000.0,
        "Gain On Sale Of Security": -31039000.0,
        "Depreciation Amortization Depletion Income Statement": 204000.0,
        "Depreciation And Amortization In Income Statement": 204000.0,
        "Amortization": 204000.0,
        "Amortization Of Intangibles Income Statement": 204000.0,
        "Selling General And Administration": 23701000.0,
        "Selling And Marketing Expense": 560000.0,
        "General And Administrative Expense": 23141000.0,
        "Insurance And Claims": 1266000.0,
        "Salaries And Wages": 21875000.0,
        "Total Revenue": -43968000.0,
        "Operating Revenue": -43968000.0,
        "Occupancy And Equipment": 3364000.0,
        "Professional Expense And Contract Services Expense": 845000.0,
        "Other Non Interest Expense": 6178000.0
    },
    "2025-03-31": {
        "Tax Effect Of Unusual Items": 124434.0,
        "Tax Rate For Calcs": 0.223,
        "Total Unusual Items": 558000.0,
        "Total Unusual Items Excluding Goodwill": 558000.0,
        "Net Income From Continuing Operation Net Minority Interest": 12179000.0,
        "Reconciled Depreciation": 1098000.0,
        "Net Interest Income": 36422000.0,
        "Interest Expense": 43041000.0,
        "Interest Income": 79463000.0,
        "Normalized Income": 11745434.0,
        "Net Income From Continuing And Discontinued Operation": 12179000.0,
        "Diluted Average Shares": 19370000.0,
        "Basic Average Shares": 19276000.0,
        "Diluted EPS": 0.63,
        "Basic EPS": 0.63,
        "Diluted NI Availto Com Stockholders": 12179000.0,
        "Net Income Common Stockholders": 12179000.0,
        "Otherunder Preferred Stock Dividend": NaN,
        "Net Income": 12179000.0,
        "Net Income Including Noncontrolling Interests": 12179000.0,
        "Net Income Continuous Operations": 12179000.0,
        "Tax Provision": 3490000.0,
        "Pretax Income": 15669000.0,
        "Special Income Charges": 558000.0,
        "Other Special Charges": -558000.0,
        "Gain On Sale Of Security": 101000.0,
        "Depreciation Amortization Depletion Income Statement": 204000.0,
        "Depreciation And Amortization In Income Statement": 204000.0,
        "Amortization": 204000.0,
        "Amortization Of Intangibles Income Statement": 204000.0,
        "Selling General And Administration": 24094000.0,
        "Selling And Marketing Expense": 410000.0,
        "General And Administrative Expense": 23684000.0,
        "Insurance And Claims": 1262000.0,
        "Salaries And Wages": 22422000.0,
        "Total Revenue": 52071000.0,
        "Operating Revenue": 52071000.0,
        "Occupancy And Equipment": 3632000.0,
        "Professional Expense And Contract Services Expense": 750000.0,
        "Other Non Interest Expense": 7080000.0
    },
    "2025-06-30": {
        "Tax Effect Of Unusual Items": 0.0,
        "Tax Rate For Calcs": 0.22693,
        "Total Unusual Items": 0.0,
        "Total Unusual Items Excluding Goodwill": 0.0,
        "Net Income From Continuing Operation Net Minority Interest": 13245000.0,
        "Reconciled Depreciation": 1079000.0,
        "Net Interest Income": 37185000.0,
        "Interest Expense": 41661000.0,
        "Interest Income": 78846000.0,
        "Normalized Income": 13245000.0,
        "Net Income From Continuing And Discontinued Operation": 13245000.0,
        "Diluted Average Shares": 19374000.0,
        "Basic Average Shares": 19285000.0,
        "Diluted EPS": 0.68,
        "Basic EPS": 0.69,
        "Diluted NI Availto Com Stockholders": 13245000.0,
        "Net Income Common Stockholders": 13245000.0,
        "Otherunder Preferred Stock Dividend": NaN,
        "Net Income": 13245000.0,
        "Net Income Including Noncontrolling Interests": 13245000.0,
        "Net Income Continuous Operations": 13245000.0,
        "Tax Provision": 3888000.0,
        "Pretax Income": 17133000.0,
        "Special Income Charges": 0.0,
        "Other Special Charges": NaN,
        "Gain On Sale Of Security": 676000.0,
        "Depreciation Amortization Depletion Income Statement": 203000.0,
        "Depreciation And Amortization In Income Statement": 203000.0,
        "Amortization": 203000.0,
        "Amortization Of Intangibles Income Statement": 203000.0,
        "Selling General And Administration": 24977000.0,
        "Selling And Marketing Expense": 717000.0,
        "General And Administrative Expense": 24260000.0,
        "Insurance And Claims": 1235000.0,
        "Salaries And Wages": 23025000.0,
        "Total Revenue": 54263000.0,
        "Operating Revenue": 54263000.0,
        "Occupancy And Equipment": 3592000.0,
        "Professional Expense And Contract Services Expense": 726000.0,
        "Other Non Interest Expense": 7032000.0
    }
}