{
    "2023-03-31": {
        "Tax Effect Of Unusual Items": NaN,
        "Tax Rate For Calcs": NaN,
        "Normalized EBITDA": NaN,
        "Total Unusual Items": 0.0,
        "Total Unusual Items Excluding Goodwill": 0.0,
        "Net Income From Continuing Operation Net Minority Interest": NaN,
        "Reconciled Depreciation": NaN,
        "Reconciled Cost Of Revenue": NaN,
        "EBITDA": NaN,
        "EBIT": NaN,
        "Net Interest Income": NaN,
        "Interest Expense": NaN,
        "Interest Income": NaN,
        "Normalized Income": NaN,
        "Net Income From Continuing And Discontinued Operation": NaN,
        "Total Expenses": NaN,
        "Total Operating Income As Reported": NaN,
        "Diluted Average Shares": NaN,
        "Basic Average Shares": NaN,
        "Diluted EPS": NaN,
        "Basic EPS": NaN,
        "Diluted NI Availto Com Stockholders": NaN,
        "Net Income Common Stockholders": NaN,
        "Net Income": NaN,
        "Net Income Including Noncontrolling Interests": NaN,
        "Net Income Continuous Operations": NaN,
        "Tax Provision": NaN,
        "Pretax Income": NaN,
        "Other Income Expense": NaN,
        "Other Non Operating Income Expenses": NaN,
        "Special Income Charges": 0.0,
        "Other Special Charges": NaN,
        "Net Non Operating Interest Income Expense": NaN,
        "Interest Expense Non Operating": NaN,
        "Interest Income Non Operating": NaN,
        "Operating Income": NaN,
        "Operating Expense": NaN,
        "Depreciation Amortization Depletion Income Statement": NaN,
        "Depreciation And Amortization In Income Statement": NaN,
        "Amortization": NaN,
        "Amortization Of Intangibles Income Statement": NaN,
        "Research And Development": NaN,
        "Selling General And Administration": NaN,
        "Gross Profit": NaN,
        "Cost Of Revenue": NaN,
        "Total Revenue": NaN,
        "Operating Revenue": NaN
    },
    "2022-12-31": {
        "Tax Effect Of Unusual Items": NaN,
        "Tax Rate For Calcs": NaN,
        "Normalized EBITDA": NaN,
        "Total Unusual Items": 0.0,
        "Total Unusual Items Excluding Goodwill": 0.0,
        "Net Income From Continuing Operation Net Minority Interest": NaN,
        "Reconciled Depreciation": NaN,
        "Reconciled Cost Of Revenue": NaN,
        "EBITDA": NaN,
        "EBIT": NaN,
        "Net Interest Income": NaN,
        "Interest Expense": NaN,
        "Interest Income": NaN,
        "Normalized Income": NaN,
        "Net Income From Continuing And Discontinued Operation": NaN,
        "Total Expenses": NaN,
        "Total Operating Income As Reported": NaN,
        "Diluted Average Shares": NaN,
        "Basic Average Shares": NaN,
        "Diluted EPS": NaN,
        "Basic EPS": NaN,
        "Diluted NI Availto Com Stockholders": NaN,
        "Net Income Common Stockholders": NaN,
        "Net Income": NaN,
        "Net Income Including Noncontrolling Interests": NaN,
        "Net Income Continuous Operations": NaN,
        "Tax Provision": NaN,
        "Pretax Income": NaN,
        "Other Income Expense": NaN,
        "Other Non Operating Income Expenses": NaN,
        "Special Income Charges": 0.0,
        "Other Special Charges": 0.0,
        "Net Non Operating Interest Income Expense": NaN,
        "Interest Expense Non Operating": NaN,
        "Interest Income Non Operating": NaN,
        "Operating Income": NaN,
        "Operating Expense": NaN,
        "Depreciation Amortization Depletion Income Statement": NaN,
        "Depreciation And Amortization In Income Statement": NaN,
        "Amortization": NaN,
        "Amortization Of Intangibles Income Statement": NaN,
        "Research And Development": NaN,
        "Selling General And Administration": NaN,
        "Gross Profit": NaN,
        "Cost Of Revenue": NaN,
        "Total Revenue": NaN,
        "Operating Revenue": NaN
    },
    "2022-09-30": {
        "Tax Effect Of Unusual Items": NaN,
        "Tax Rate For Calcs": NaN,
        "Normalized EBITDA": NaN,
        "Total Unusual Items": 0.0,
        "Total Unusual Items Excluding Goodwill": 0.0,
        "Net Income From Continuing Operation Net Minority Interest": NaN,
        "Reconciled Depreciation": NaN,
        "Reconciled Cost Of Revenue": NaN,
        "EBITDA": NaN,
        "EBIT": NaN,
        "Net Interest Income": NaN,
        "Interest Expense": NaN,
        "Interest Income": NaN,
        "Normalized Income": NaN,
        "Net Income From Continuing And Discontinued Operation": NaN,
        "Total Expenses": NaN,
        "Total Operating Income As Reported": NaN,
        "Diluted Average Shares": NaN,
        "Basic Average Shares": NaN,
        "Diluted EPS": NaN,
        "Basic EPS": NaN,
        "Diluted NI Availto Com Stockholders": NaN,
        "Net Income Common Stockholders": NaN,
        "Net Income": NaN,
        "Net Income Including Noncontrolling Interests": NaN,
        "Net Income Continuous Operations": NaN,
        "Tax Provision": NaN,
        "Pretax Income": NaN,
        "Other Income Expense": NaN,
        "Other Non Operating Income Expenses": NaN,
        "Special Income Charges": 0.0,
        "Other Special Charges": NaN,
        "Net Non Operating Interest Income Expense": NaN,
        "Interest Expense Non Operating": NaN,
        "Interest Income Non Operating": NaN,
        "Operating Income": NaN,
        "Operating Expense": NaN,
        "Depreciation Amortization Depletion Income Statement": NaN,
        "Depreciation And Amortization In Income Statement": NaN,
        "Amortization": NaN,
        "Amortization Of Intangibles Income Statement": NaN,
        "Research And Development": NaN,
        "Selling General And Administration": NaN,
        "Gross Profit": NaN,
        "Cost Of Revenue": NaN,
        "Total Revenue": NaN,
        "Operating Revenue": NaN
    },
    "2022-06-30": {
        "Tax Effect Of Unusual Items": 0.0,
        "Tax Rate For Calcs": 0.142557,
        "Normalized EBITDA": 235394000.0,
        "Total Unusual Items": 0.0,
        "Total Unusual Items Excluding Goodwill": 0.0,
        "Net Income From Continuing Operation Net Minority Interest": 164864000.0,
        "Reconciled Depreciation": 34227000.0,
        "Reconciled Cost Of Revenue": 274577000.0,
        "EBITDA": 235394000.0,
        "EBIT": 201167000.0,
        "Net Interest Income": -8893000.0,
        "Interest Expense": 8893000.0,
        "Interest Income": 2526000.0,
        "Normalized Income": 164864000.0,
        "Net Income From Continuing And Discontinued Operation": 164864000.0,
        "Total Expenses": 514687000.0,
        "Total Operating Income As Reported": 199632000.0,
        "Diluted Average Shares": 60510000.0,
        "Basic Average Shares": 60206000.0,
        "Diluted EPS": 2.72,
        "Basic EPS": 2.74,
        "Diluted NI Availto Com Stockholders": 164864000.0,
        "Net Income Common Stockholders": 164864000.0,
        "Net Income": 164864000.0,
        "Net Income Including Noncontrolling Interests": 164864000.0,
        "Net Income Continuous Operations": 164864000.0,
        "Tax Provision": 27410000.0,
        "Pretax Income": 192274000.0,
        "Other Income Expense": 1535000.0,
        "Other Non Operating Income Expenses": 1535000.0,
        "Special Income Charges": 0.0,
        "Other Special Charges": NaN,
        "Net Non Operating Interest Income Expense": -8893000.0,
        "Interest Expense Non Operating": 8893000.0,
        "Interest Income Non Operating": 2526000.0,
        "Operating Income": 199632000.0,
        "Operating Expense": 207481000.0,
        "Depreciation Amortization Depletion Income Statement": 1598000.0,
        "Depreciation And Amortization In Income Statement": 1598000.0,
        "Amortization": 1598000.0,
        "Amortization Of Intangibles Income Statement": 1598000.0,
        "Research And Development": 44006000.0,
        "Selling General And Administration": 161877000.0,
        "Gross Profit": 407113000.0,
        "Cost Of Revenue": 307206000.0,
        "Total Revenue": 714319000.0,
        "Operating Revenue": 714319000.0
    },
    "2023-06-30": {
        "Tax Effect Of Unusual Items": NaN,
        "Tax Rate For Calcs": NaN,
        "Normalized EBITDA": NaN,
        "Total Unusual Items": NaN,
        "Total Unusual Items Excluding Goodwill": NaN,
        "Net Income From Continuing Operation Net Minority Interest": NaN,
        "Reconciled Depreciation": NaN,
        "Reconciled Cost Of Revenue": NaN,
        "EBITDA": NaN,
        "EBIT": NaN,
        "Net Interest Income": NaN,
        "Interest Expense": NaN,
        "Interest Income": NaN,
        "Normalized Income": NaN,
        "Net Income From Continuing And Discontinued Operation": NaN,
        "Total Expenses": NaN,
        "Total Operating Income As Reported": NaN,
        "Diluted Average Shares": 59010000.0,
        "Basic Average Shares": 58857000.0,
        "Diluted EPS": 2.55,
        "Basic EPS": 2.56,
        "Diluted NI Availto Com Stockholders": NaN,
        "Net Income Common Stockholders": NaN,
        "Net Income": NaN,
        "Net Income Including Noncontrolling Interests": NaN,
        "Net Income Continuous Operations": NaN,
        "Tax Provision": NaN,
        "Pretax Income": NaN,
        "Other Income Expense": NaN,
        "Other Non Operating Income Expenses": NaN,
        "Special Income Charges": NaN,
        "Other Special Charges": NaN,
        "Net Non Operating Interest Income Expense": NaN,
        "Interest Expense Non Operating": NaN,
        "Interest Income Non Operating": NaN,
        "Operating Income": NaN,
        "Operating Expense": NaN,
        "Depreciation Amortization Depletion Income Statement": NaN,
        "Depreciation And Amortization In Income Statement": NaN,
        "Amortization": NaN,
        "Amortization Of Intangibles Income Statement": NaN,
        "Research And Development": NaN,
        "Selling General And Administration": NaN,
        "Gross Profit": NaN,
        "Cost Of Revenue": NaN,
        "Total Revenue": NaN,
        "Operating Revenue": NaN
    },
    "2022-03-31": {
        "Diluted EPS": 2.62,
        "Total Revenue": 691,
        "Gross Profit": 405,
        "Operating Income": 195,
        "EBIT": 228,
        "Net Income": 160
    },
    "2021-12-31": {
        "Diluted EPS": 3.51,
        "Total Revenue": 836,
        "Gross Profit": 485,
        "Operating Income": 262,
        "EBIT": 296,
        "Net Income": 216
    },
    "2021-09-30": {
        "Diluted EPS": 2.6,
        "Total Revenue": 659,
        "Gross Profit": 388,
        "Operating Income": 192,
        "EBIT": 225,
        "Net Income": 161
    },
    "2021-06-30": {
        "Diluted EPS": 2.69,
        "Total Revenue": 682,
        "Gross Profit": 401,
        "Operating Income": 196,
        "EBIT": 230,
        "Net Income": 167
    },
    "2021-03-31": {
        "Diluted EPS": 2.37,
        "Total Revenue": 609,
        "Gross Profit": 354,
        "Operating Income": 171,
        "EBIT": 203,
        "Net Income": 148
    },
    "2020-12-31": {
        "Diluted EPS": 3.49,
        "Total Revenue": 787,
        "Gross Profit": 466,
        "Operating Income": 264,
        "EBIT": 298,
        "Net Income": 218
    },
    "2020-09-30": {
        "Diluted EPS": 2.03,
        "Total Revenue": 594,
        "Gross Profit": 331,
        "Operating Income": 158,
        "EBIT": 189,
        "Net Income": 127
    },
    "2020-06-30": {
        "Diluted EPS": 1.98,
        "Total Revenue": 520,
        "Gross Profit": 307,
        "Operating Income": 155,
        "EBIT": 186,
        "Net Income": 123
    },
    "2020-03-31": {
        "Diluted EPS": 0.86,
        "Total Revenue": 465,
        "Gross Profit": 254,
        "Operating Income": 68,
        "EBIT": 97,
        "Net Income": 54
    },
    "2019-12-31": {
        "Diluted EPS": 3.03,
        "Total Revenue": 716,
        "Gross Profit": 417,
        "Operating Income": 236,
        "EBIT": 261,
        "Net Income": 201
    },
    "2019-09-30": {
        "Diluted EPS": 2.07,
        "Total Revenue": 577,
        "Gross Profit": 336,
        "Operating Income": 173,
        "EBIT": 200,
        "Net Income": 138
    },
    "2019-06-30": {
        "Diluted EPS": 2.08,
        "Total Revenue": 599,
        "Gross Profit": 350,
        "Operating Income": 178,
        "EBIT": 207,
        "Net Income": 144
    },
    "2019-03-31": {
        "Diluted EPS": 1.51,
        "Total Revenue": 514,
        "Gross Profit": 293,
        "Operating Income": 121,
        "EBIT": 146,
        "Net Income": 109
    },
    "2018-12-31": {
        "Diluted EPS": 2.44,
        "Total Revenue": 715,
        "Gross Profit": 428,
        "Operating Income": 245,
        "EBIT": 270,
        "Net Income": 185
    },
    "2018-09-30": {
        "Diluted EPS": 1.83,
        "Total Revenue": 578,
        "Gross Profit": 337,
        "Operating Income": 172,
        "EBIT": 199,
        "Net Income": 141
    },
    "2018-06-30": {
        "Diluted EPS": 1.98,
        "Total Revenue": 596,
        "Gross Profit": 353,
        "Operating Income": 179,
        "EBIT": 206,
        "Net Income": 156
    },
    "2018-03-31": {
        "Diluted EPS": 1.4,
        "Total Revenue": 531,
        "Gross Profit": 309,
        "Operating Income": 144,
        "EBIT": 173,
        "Net Income": 112
    },
    "2017-12-31": {
        "Diluted EPS": -4.38,
        "Total Revenue": 687,
        "Gross Profit": 417,
        "Operating Income": 231,
        "EBIT": 258,
        "Net Income": -353
    },
    "2017-09-30": {
        "Diluted EPS": 1.69,
        "Total Revenue": 566,
        "Gross Profit": 330,
        "Operating Income": 159,
        "EBIT": 185,
        "Net Income": 136
    },
    "2017-06-30": {
        "Diluted EPS": 1.63,
        "Total Revenue": 558,
        "Gross Profit": 329,
        "Operating Income": 154,
        "EBIT": 183,
        "Net Income": 132
    },
    "2017-03-31": {
        "Diluted EPS": 1.31,
        "Total Revenue": 498,
        "Gross Profit": 287,
        "Operating Income": 119,
        "EBIT": 142,
        "Net Income": 106
    },
    "2016-12-31": {
        "Diluted EPS": 2.16,
        "Total Revenue": 629,
        "Gross Profit": 377,
        "Operating Income": 209,
        "EBIT": 233,
        "Net Income": 174
    },
    "2016-09-30": {
        "Diluted EPS": 1.53,
        "Total Revenue": 527,
        "Gross Profit": 308,
        "Operating Income": 152,
        "EBIT": 176,
        "Net Income": 125
    },
    "2016-06-30": {
        "Diluted EPS": 1.57,
        "Total Revenue": 537,
        "Gross Profit": 316,
        "Operating Income": 152,
        "EBIT": 176,
        "Net Income": 128
    },
    "2016-03-31": {
        "Diluted EPS": 1.15,
        "Total Revenue": 475,
        "Gross Profit": 274,
        "Operating Income": 113,
        "EBIT": 136,
        "Net Income": 94
    },
    "2015-12-31": {
        "Diluted EPS": 1.83,
        "Total Revenue": 587,
        "Gross Profit": 349,
        "Operating Income": 181,
        "EBIT": 204,
        "Net Income": 151
    },
    "2015-09-30": {
        "Diluted EPS": 1.4,
        "Total Revenue": 501,
        "Gross Profit": 294,
        "Operating Income": 136,
        "EBIT": 158,
        "Net Income": 116
    },
    "2015-06-30": {
        "Diluted EPS": 1.27,
        "Total Revenue": 495,
        "Gross Profit": 286,
        "Operating Income": 130,
        "EBIT": 153,
        "Net Income": 106
    },
    "2015-03-31": {
        "Diluted EPS": 1.15,
        "Total Revenue": 460,
        "Gross Profit": 271,
        "Operating Income": 120,
        "EBIT": 143,
        "Net Income": 96
    },
    "2014-12-31": {
        "Diluted EPS": 1.78,
        "Total Revenue": 584,
        "Gross Profit": 351,
        "Operating Income": 172,
        "EBIT": 196,
        "Net Income": 151
    },
    "2014-09-30": {
        "Diluted EPS": 1.34,
        "Total Revenue": 493,
        "Gross Profit": 291,
        "Operating Income": 139,
        "EBIT": 168,
        "Net Income": 113
    },
    "2014-06-30": {
        "Diluted EPS": 1.13,
        "Total Revenue": 482,
        "Gross Profit": 280,
        "Operating Income": 118,
        "EBIT": 139,
        "Net Income": 97
    },
    "2014-03-31": {
        "Diluted EPS": 0.82,
        "Total Revenue": 431,
        "Gross Profit": 243,
        "Operating Income": 89,
        "EBIT": 109,
        "Net Income": 70
    },
    "2013-12-31": {
        "Diluted EPS": 1.64,
        "Total Revenue": 565,
        "Gross Profit": 336,
        "Operating Income": 176,
        "EBIT": 198,
        "Net Income": 142
    },
    "2013-09-30": {
        "Diluted EPS": 1.14,
        "Total Revenue": 457,
        "Gross Profit": 266,
        "Operating Income": 119,
        "EBIT": 140,
        "Net Income": 98
    },
    "2013-06-30": {
        "Diluted EPS": 1.03,
        "Total Revenue": 451,
        "Gross Profit": 263,
        "Operating Income": 113,
        "EBIT": 132,
        "Net Income": 89
    },
    "2013-03-31": {
        "Diluted EPS": 1.39,
        "Total Revenue": 430,
        "Gross Profit": 256,
        "Operating Income": 109,
        "EBIT": 128,
        "Net Income": 121
    },
    "2012-12-31": {
        "Diluted EPS": 2.0,
        "Total Revenue": 522,
        "Gross Profit": 313,
        "Operating Income": 159,
        "EBIT": 177,
        "Net Income": 176
    },
    "2012-09-30": {
        "Diluted EPS": 1.12,
        "Total Revenue": 450,
        "Gross Profit": 267,
        "Operating Income": 122,
        "EBIT": 142,
        "Net Income": 99
    },
    "2012-06-30": {
        "Diluted EPS": 1.09,
        "Total Revenue": 451,
        "Gross Profit": 272,
        "Operating Income": 120,
        "EBIT": 136,
        "Net Income": 98
    },
    "2012-03-31": {
        "Diluted EPS": 0.98,
        "Total Revenue": 420,
        "Gross Profit": 253,
        "Operating Income": 110,
        "EBIT": 125,
        "Net Income": 89
    },
    "2011-12-31": {
        "Diluted EPS": 1.51,
        "Total Revenue": 521,
        "Gross Profit": 317,
        "Operating Income": 165,
        "EBIT": 181,
        "Net Income": 137
    },
    "2011-09-30": {
        "Diluted EPS": 1.1,
        "Total Revenue": 455,
        "Gross Profit": 274,
        "Operating Income": 127,
        "EBIT": 144,
        "Net Income": 101
    },
    "2011-06-30": {
        "Diluted EPS": 1.07,
        "Total Revenue": 448,
        "Gross Profit": 272,
        "Operating Income": 121,
        "EBIT": 138,
        "Net Income": 100
    },
    "2011-03-31": {
        "Diluted EPS": 1.01,
        "Total Revenue": 428,
        "Gross Profit": 258,
        "Operating Income": 116,
        "EBIT": 132,
        "Net Income": 94
    },
    "2010-12-31": {
        "Diluted EPS": 1.35,
        "Total Revenue": 484,
        "Gross Profit": 294,
        "Operating Income": 148,
        "EBIT": 165,
        "Net Income": 127
    },
    "2010-09-30": {
        "Diluted EPS": 1.02,
        "Total Revenue": 401,
        "Gross Profit": 238,
        "Operating Income": 104,
        "EBIT": 119,
        "Net Income": 95
    },
    "2010-06-30": {
        "Diluted EPS": 0.9,
        "Total Revenue": 391,
        "Gross Profit": 236,
        "Operating Income": 106,
        "EBIT": 121,
        "Net Income": 85
    },
    "2010-03-31": {
        "Diluted EPS": 0.79,
        "Total Revenue": 368,
        "Gross Profit": 222,
        "Operating Income": 92,
        "EBIT": 107,
        "Net Income": 76
    },
    "2009-12-31": {
        "Diluted EPS": 1.08,
        "Total Revenue": 429,
        "Gross Profit": 259,
        "Operating Income": 126,
        "EBIT": 141,
        "Net Income": 104
    },
    "2009-09-30": {
        "Diluted EPS": 0.79,
        "Total Revenue": 374,
        "Gross Profit": 221,
        "Operating Income": 96,
        "EBIT": 110,
        "Net Income": 76
    },
    "2009-06-30": {
        "Diluted EPS": 0.72,
        "Total Revenue": 363,
        "Gross Profit": 219,
        "Operating Income": 87,
        "EBIT": 101,
        "Net Income": 70
    },
    "2009-03-31": {
        "Diluted EPS": 0.75,
        "Total Revenue": 333,
        "Gross Profit": 206,
        "Operating Income": 85,
        "EBIT": 100,
        "Net Income": 73
    },
    "2023-09-30": {
        "Tax Effect Of Unusual Items": NaN,
        "Tax Rate For Calcs": NaN,
        "Normalized EBITDA": NaN,
        "Total Unusual Items": 0.0,
        "Total Unusual Items Excluding Goodwill": 0.0,
        "Net Income From Continuing Operation Net Minority Interest": NaN,
        "Reconciled Depreciation": NaN,
        "Reconciled Cost Of Revenue": NaN,
        "EBITDA": NaN,
        "EBIT": NaN,
        "Net Interest Income": NaN,
        "Interest Expense": NaN,
        "Interest Income": NaN,
        "Normalized Income": NaN,
        "Net Income From Continuing And Discontinued Operation": NaN,
        "Total Expenses": NaN,
        "Total Operating Income As Reported": NaN,
        "Diluted Average Shares": NaN,
        "Basic Average Shares": NaN,
        "Diluted EPS": NaN,
        "Basic EPS": NaN,
        "Diluted NI Availto Com Stockholders": NaN,
        "Net Income Common Stockholders": NaN,
        "Net Income": NaN,
        "Net Income Including Noncontrolling Interests": NaN,
        "Net Income Continuous Operations": NaN,
        "Tax Provision": NaN,
        "Pretax Income": NaN,
        "Other Income Expense": NaN,
        "Other Non Operating Income Expenses": NaN,
        "Special Income Charges": 0.0,
        "Other Special Charges": NaN,
        "Net Non Operating Interest Income Expense": NaN,
        "Interest Expense Non Operating": NaN,
        "Interest Income Non Operating": NaN,
        "Operating Income": NaN,
        "Operating Expense": NaN,
        "Depreciation Amortization Depletion Income Statement": NaN,
        "Depreciation And Amortization In Income Statement": NaN,
        "Amortization": NaN,
        "Amortization Of Intangibles Income Statement": NaN,
        "Research And Development": NaN,
        "Selling General And Administration": NaN,
        "Gross Profit": NaN,
        "Cost Of Revenue": NaN,
        "Total Revenue": NaN,
        "Operating Revenue": NaN
    },
    "2023-12-31": {
        "Tax Effect Of Unusual Items": NaN,
        "Tax Rate For Calcs": NaN,
        "Normalized EBITDA": NaN,
        "Total Unusual Items": 0.0,
        "Total Unusual Items Excluding Goodwill": 0.0,
        "Net Income From Continuing Operation Net Minority Interest": NaN,
        "Reconciled Depreciation": NaN,
        "Reconciled Cost Of Revenue": NaN,
        "EBITDA": NaN,
        "EBIT": NaN,
        "Net Interest Income": NaN,
        "Interest Expense": NaN,
        "Interest Income": NaN,
        "Normalized Income": NaN,
        "Net Income From Continuing And Discontinued Operation": NaN,
        "Total Expenses": NaN,
        "Total Operating Income As Reported": NaN,
        "Diluted Average Shares": NaN,
        "Basic Average Shares": NaN,
        "Diluted EPS": NaN,
        "Basic EPS": NaN,
        "Diluted NI Availto Com Stockholders": NaN,
        "Net Income Common Stockholders": NaN,
        "Net Income": NaN,
        "Net Income Including Noncontrolling Interests": NaN,
        "Net Income Continuous Operations": NaN,
        "Tax Provision": NaN,
        "Pretax Income": NaN,
        "Other Income Expense": NaN,
        "Other Non Operating Income Expenses": NaN,
        "Special Income Charges": 0.0,
        "Other Special Charges": NaN,
        "Net Non Operating Interest Income Expense": NaN,
        "Interest Expense Non Operating": NaN,
        "Interest Income Non Operating": NaN,
        "Operating Income": NaN,
        "Operating Expense": NaN,
        "Depreciation Amortization Depletion Income Statement": NaN,
        "Depreciation And Amortization In Income Statement": NaN,
        "Amortization": NaN,
        "Amortization Of Intangibles Income Statement": NaN,
        "Research And Development": NaN,
        "Selling General And Administration": NaN,
        "Gross Profit": NaN,
        "Cost Of Revenue": NaN,
        "Total Revenue": NaN,
        "Operating Revenue": NaN
    },
    "2024-03-31": {
        "Tax Effect Of Unusual Items": NaN,
        "Tax Rate For Calcs": NaN,
        "Normalized EBITDA": NaN,
        "Total Unusual Items": -10242000.0,
        "Total Unusual Items Excluding Goodwill": -10242000.0,
        "Net Income From Continuing Operation Net Minority Interest": NaN,
        "Reconciled Depreciation": NaN,
        "Reconciled Cost Of Revenue": NaN,
        "EBITDA": NaN,
        "EBIT": NaN,
        "Net Interest Income": NaN,
        "Interest Expense": NaN,
        "Interest Income": NaN,
        "Normalized Income": NaN,
        "Net Income From Continuing And Discontinued Operation": NaN,
        "Total Expenses": NaN,
        "Total Operating Income As Reported": NaN,
        "Diluted Average Shares": NaN,
        "Basic Average Shares": NaN,
        "Diluted EPS": NaN,
        "Basic EPS": NaN,
        "Diluted NI Availto Com Stockholders": NaN,
        "Net Income Common Stockholders": NaN,
        "Net Income": NaN,
        "Net Income Including Noncontrolling Interests": NaN,
        "Net Income Continuous Operations": NaN,
        "Tax Provision": NaN,
        "Pretax Income": NaN,
        "Other Income Expense": NaN,
        "Other Non Operating Income Expenses": NaN,
        "Special Income Charges": -10242000.0,
        "Other Special Charges": 10242000.0,
        "Net Non Operating Interest Income Expense": NaN,
        "Interest Expense Non Operating": NaN,
        "Interest Income Non Operating": NaN,
        "Operating Income": NaN,
        "Operating Expense": NaN,
        "Depreciation Amortization Depletion Income Statement": NaN,
        "Depreciation And Amortization In Income Statement": NaN,
        "Amortization": NaN,
        "Amortization Of Intangibles Income Statement": NaN,
        "Research And Development": NaN,
        "Selling General And Administration": NaN,
        "Gross Profit": NaN,
        "Cost Of Revenue": NaN,
        "Total Revenue": NaN,
        "Operating Revenue": NaN
    },
    "2024-06-30": {
        "Tax Effect Of Unusual Items": 0.0,
        "Tax Rate For Calcs": 0.157,
        "Normalized EBITDA": 240367000.0,
        "Total Unusual Items": NaN,
        "Total Unusual Items Excluding Goodwill": NaN,
        "Net Income From Continuing Operation Net Minority Interest": 142737000.0,
        "Reconciled Depreciation": 47229000.0,
        "Reconciled Cost Of Revenue": 252759000.0,
        "EBITDA": 240367000.0,
        "EBIT": 193138000.0,
        "Net Interest Income": -19398000.0,
        "Interest Expense": 23726000.0,
        "Interest Income": 4328000.0,
        "Normalized Income": 142737000.0,
        "Net Income From Continuing And Discontinued Operation": 142737000.0,
        "Total Expenses": 519417000.0,
        "Total Operating Income As Reported": 189112000.0,
        "Diluted Average Shares": 59451000.0,
        "Basic Average Shares": 59339000.0,
        "Diluted EPS": 2.4,
        "Basic EPS": 2.41,
        "Diluted NI Availto Com Stockholders": 142737000.0,
        "Net Income Common Stockholders": 142737000.0,
        "Net Income": 142737000.0,
        "Net Income Including Noncontrolling Interests": 142737000.0,
        "Net Income Continuous Operations": 142737000.0,
        "Tax Provision": 26675000.0,
        "Pretax Income": 169412000.0,
        "Other Income Expense": -302000.0,
        "Other Non Operating Income Expenses": -302000.0,
        "Special Income Charges": NaN,
        "Other Special Charges": NaN,
        "Net Non Operating Interest Income Expense": -19398000.0,
        "Interest Expense Non Operating": 23726000.0,
        "Interest Income Non Operating": 4328000.0,
        "Operating Income": 189112000.0,
        "Operating Expense": 231173000.0,
        "Depreciation Amortization Depletion Income Statement": 11744000.0,
        "Depreciation And Amortization In Income Statement": 11744000.0,
        "Amortization": 11744000.0,
        "Amortization Of Intangibles Income Statement": 11744000.0,
        "Research And Development": 46182000.0,
        "Selling General And Administration": 173247000.0,
        "Gross Profit": 420285000.0,
        "Cost Of Revenue": 288244000.0,
        "Total Revenue": 708529000.0,
        "Operating Revenue": 708529000.0
    },
    "2024-09-30": {
        "Tax Effect Of Unusual Items": -220116.0,
        "Tax Rate For Calcs": 0.166,
        "Normalized EBITDA": 263885000.0,
        "Total Unusual Items": -1326000.0,
        "Total Unusual Items Excluding Goodwill": -1326000.0,
        "Net Income From Continuing Operation Net Minority Interest": 161503000.0,
        "Reconciled Depreciation": 47507000.0,
        "Reconciled Cost Of Revenue": 265907000.0,
        "EBITDA": 262559000.0,
        "EBIT": 215052000.0,
        "Net Interest Income": -17177000.0,
        "Interest Expense": 21435000.0,
        "Interest Income": 4258000.0,
        "Normalized Income": 162608884.0,
        "Net Income From Continuing And Discontinued Operation": 161503000.0,
        "Total Expenses": 527847000.0,
        "Total Operating Income As Reported": 211132000.0,
        "Diluted Average Shares": 59504000.0,
        "Basic Average Shares": 59367000.0,
        "Diluted EPS": 2.71,
        "Basic EPS": 2.72,
        "Diluted NI Availto Com Stockholders": 161503000.0,
        "Net Income Common Stockholders": 161503000.0,
        "Net Income": 161503000.0,
        "Net Income Including Noncontrolling Interests": 161503000.0,
        "Net Income Continuous Operations": 161503000.0,
        "Tax Provision": 32114000.0,
        "Pretax Income": 193617000.0,
        "Other Income Expense": -1664000.0,
        "Other Non Operating Income Expenses": -338000.0,
        "Special Income Charges": -1326000.0,
        "Other Special Charges": 1326000.0,
        "Net Non Operating Interest Income Expense": -17177000.0,
        "Interest Expense Non Operating": 21435000.0,
        "Interest Income Non Operating": 4258000.0,
        "Operating Income": 212458000.0,
        "Operating Expense": 226192000.0,
        "Depreciation Amortization Depletion Income Statement": 11759000.0,
        "Depreciation And Amortization In Income Statement": 11759000.0,
        "Amortization": 11759000.0,
        "Amortization Of Intangibles Income Statement": 11759000.0,
        "Research And Development": 45336000.0,
        "Selling General And Administration": 169097000.0,
        "Gross Profit": 438650000.0,
        "Cost Of Revenue": 301655000.0,
        "Total Revenue": 740305000.0,
        "Operating Revenue": 740305000.0
    },
    "2024-12-31": {
        "Tax Effect Of Unusual Items": 0.0,
        "Tax Rate For Calcs": 0.164577,
        "Normalized EBITDA": 344554000.0,
        "Total Unusual Items": 0.0,
        "Total Unusual Items Excluding Goodwill": 0.0,
        "Net Income From Continuing Operation Net Minority Interest": 231398000.0,
        "Reconciled Depreciation": 48575000.0,
        "Reconciled Cost Of Revenue": 311694000.0,
        "EBITDA": 344554000.0,
        "EBIT": 295979000.0,
        "Net Interest Income": -14437000.0,
        "Interest Expense": 18996000.0,
        "Interest Income": 4559000.0,
        "Normalized Income": 231398000.0,
        "Net Income From Continuing And Discontinued Operation": 231398000.0,
        "Total Expenses": 580451000.0,
        "Total Operating Income As Reported": 292263000.0,
        "Diluted Average Shares": 59645000.0,
        "Basic Average Shares": 59386000.0,
        "Diluted EPS": 3.88,
        "Basic EPS": 3.9,
        "Diluted NI Availto Com Stockholders": 231398000.0,
        "Net Income Common Stockholders": 231398000.0,
        "Net Income": 231398000.0,
        "Net Income Including Noncontrolling Interests": 231398000.0,
        "Net Income Continuous Operations": 231398000.0,
        "Tax Provision": 45585000.0,
        "Pretax Income": 276983000.0,
        "Other Income Expense": -843000.0,
        "Other Non Operating Income Expenses": -843000.0,
        "Special Income Charges": 0.0,
        "Other Special Charges": 0.0,
        "Net Non Operating Interest Income Expense": -14437000.0,
        "Interest Expense Non Operating": 18996000.0,
        "Interest Income Non Operating": 4559000.0,
        "Operating Income": 292263000.0,
        "Operating Expense": 231935000.0,
        "Depreciation Amortization Depletion Income Statement": 11753000.0,
        "Depreciation And Amortization In Income Statement": 11753000.0,
        "Amortization": 11753000.0,
        "Amortization Of Intangibles Income Statement": 11753000.0,
        "Research And Development": 46914000.0,
        "Selling General And Administration": 173268000.0,
        "Gross Profit": 524198000.0,
        "Cost Of Revenue": 348516000.0,
        "Total Revenue": 872714000.0,
        "Operating Revenue": 872714000.0
    },
    "2025-03-31": {
        "Tax Effect Of Unusual Items": 0.0,
        "Tax Rate For Calcs": 0.151,
        "Normalized EBITDA": 206527000.0,
        "Total Unusual Items": 0.0,
        "Total Unusual Items Excluding Goodwill": 0.0,
        "Net Income From Continuing Operation Net Minority Interest": 121381000.0,
        "Reconciled Depreciation": 49369000.0,
        "Reconciled Cost Of Revenue": 239088000.0,
        "EBITDA": 206527000.0,
        "EBIT": 157158000.0,
        "Net Interest Income": -10381000.0,
        "Interest Expense": 14270000.0,
        "Interest Income": 3889000.0,
        "Normalized Income": 121381000.0,
        "Net Income From Continuing And Discontinued Operation": 121381000.0,
        "Total Expenses": 509960000.0,
        "Total Operating Income As Reported": 151745000.0,
        "Diluted Average Shares": 59711000.0,
        "Basic Average Shares": 59439000.0,
        "Diluted EPS": 2.03,
        "Basic EPS": 2.04,
        "Diluted NI Availto Com Stockholders": 121381000.0,
        "Net Income Common Stockholders": 121381000.0,
        "Net Income": 121381000.0,
        "Net Income Including Noncontrolling Interests": 121381000.0,
        "Net Income Continuous Operations": 121381000.0,
        "Tax Provision": 21507000.0,
        "Pretax Income": 142888000.0,
        "Other Income Expense": 1524000.0,
        "Other Non Operating Income Expenses": 1524000.0,
        "Special Income Charges": 0.0,
        "Other Special Charges": NaN,
        "Net Non Operating Interest Income Expense": -10381000.0,
        "Interest Expense Non Operating": 14270000.0,
        "Interest Income Non Operating": 3889000.0,
        "Operating Income": 151745000.0,
        "Operating Expense": 233215000.0,
        "Depreciation Amortization Depletion Income Statement": 11712000.0,
        "Depreciation And Amortization In Income Statement": 11712000.0,
        "Amortization": 11712000.0,
        "Amortization Of Intangibles Income Statement": 11712000.0,
        "Research And Development": 46622000.0,
        "Selling General And Administration": 174881000.0,
        "Gross Profit": 384960000.0,
        "Cost Of Revenue": 276745000.0,
        "Total Revenue": 661705000.0,
        "Operating Revenue": 661705000.0
    },
    "2025-06-30": {
        "Tax Effect Of Unusual Items": 0.0,
        "Tax Rate For Calcs": 0.172,
        "Normalized EBITDA": 243693000.0,
        "Total Unusual Items": NaN,
        "Total Unusual Items Excluding Goodwill": NaN,
        "Net Income From Continuing Operation Net Minority Interest": 147111000.0,
        "Reconciled Depreciation": 51649000.0,
        "Reconciled Cost Of Revenue": 281665000.0,
        "EBITDA": 243693000.0,
        "EBIT": 192044000.0,
        "Net Interest Income": -9847000.0,
        "Interest Expense": 14354000.0,
        "Interest Income": 4507000.0,
        "Normalized Income": 147111000.0,
        "Net Income From Continuing And Discontinued Operation": 147111000.0,
        "Total Expenses": 583119000.0,
        "Total Operating Income As Reported": 188213000.0,
        "Diluted Average Shares": 59656000.0,
        "Basic Average Shares": 59515000.0,
        "Diluted EPS": 2.47,
        "Basic EPS": 2.47,
        "Diluted NI Availto Com Stockholders": 147111000.0,
        "Net Income Common Stockholders": 147111000.0,
        "Net Income": 147111000.0,
        "Net Income Including Noncontrolling Interests": 147111000.0,
        "Net Income Continuous Operations": 147111000.0,
        "Tax Provision": 30579000.0,
        "Pretax Income": 177690000.0,
        "Other Income Expense": -676000.0,
        "Other Non Operating Income Expenses": -676000.0,
        "Special Income Charges": NaN,
        "Other Special Charges": NaN,
        "Net Non Operating Interest Income Expense": -9847000.0,
        "Interest Expense Non Operating": 14354000.0,
        "Interest Income Non Operating": 4507000.0,
        "Operating Income": 188213000.0,
        "Operating Expense": 261712000.0,
        "Depreciation Amortization Depletion Income Statement": 11907000.0,
        "Depreciation And Amortization In Income Statement": 11907000.0,
        "Amortization": 11907000.0,
        "Amortization Of Intangibles Income Statement": 11907000.0,
        "Research And Development": 48548000.0,
        "Selling General And Administration": 201257000.0,
        "Gross Profit": 449925000.0,
        "Cost Of Revenue": 321407000.0,
        "Total Revenue": 771332000.0,
        "Operating Revenue": 771332000.0
    }
}