{
    "2023-06-30": {
        "Tax Effect Of Unusual Items": -8576400.0,
        "Tax Rate For Calcs": 0.21,
        "Total Unusual Items": -40840000.0,
        "Total Unusual Items Excluding Goodwill": -40840000.0,
        "Net Income From Continuing Operation Net Minority Interest": 234968000.0,
        "Reconciled Depreciation": 19594000.0,
        "Net Interest Income": 583829000.0,
        "Interest Expense": 349567000.0,
        "Interest Income": 933396000.0,
        "Normalized Income": 267231600.0,
        "Net Income From Continuing And Discontinued Operation": 234968000.0,
        "Diluted Average Shares": 172803000.0,
        "Basic Average Shares": 172739000.0,
        "Diluted EPS": 1.32,
        "Basic EPS": 1.32,
        "Diluted NI Availto Com Stockholders": 228571000.0,
        "Net Income Common Stockholders": 228571000.0,
        "Otherunder Preferred Stock Dividend": 2235000.0,
        "Preferred Stock Dividends": 4162000.0,
        "Net Income": 234968000.0,
        "Net Income Including Noncontrolling Interests": 234968000.0,
        "Net Income Continuous Operations": 234968000.0,
        "Tax Provision": 62648000.0,
        "Pretax Income": 297616000.0,
        "Special Income Charges": -40840000.0,
        "Other Special Charges": NaN,
        "Impairment Of Capital Assets": NaN,
        "Restructuring And Mergern Acquisition": 40840000.0,
        "Gain On Sale Of Security": -48000.0,
        "Depreciation Amortization Depletion Income Statement": 9193000.0,
        "Depreciation And Amortization In Income Statement": 9193000.0,
        "Amortization": 9193000.0,
        "Amortization Of Intangibles Income Statement": 9193000.0,
        "Selling General And Administration": 192188000.0,
        "Selling And Marketing Expense": 5160000.0,
        "General And Administrative Expense": 187028000.0,
        "Insurance And Claims": 13723000.0,
        "Salaries And Wages": 173305000.0,
        "Total Revenue": 673203000.0,
        "Operating Revenue": 673203000.0,
        "Occupancy And Equipment": 72069000.0,
        "Professional Expense And Contract Services Expense": 29385000.0,
        "Other Non Interest Expense": 414000.0
    },
    "2023-03-31": {
        "Tax Effect Of Unusual Items": NaN,
        "Tax Rate For Calcs": NaN,
        "Total Unusual Items": NaN,
        "Total Unusual Items Excluding Goodwill": NaN,
        "Net Income From Continuing Operation Net Minority Interest": NaN,
        "Reconciled Depreciation": NaN,
        "Net Interest Income": NaN,
        "Interest Expense": NaN,
        "Interest Income": NaN,
        "Normalized Income": NaN,
        "Net Income From Continuing And Discontinued Operation": NaN,
        "Diluted Average Shares": NaN,
        "Basic Average Shares": NaN,
        "Diluted EPS": NaN,
        "Basic EPS": NaN,
        "Diluted NI Availto Com Stockholders": NaN,
        "Net Income Common Stockholders": NaN,
        "Otherunder Preferred Stock Dividend": NaN,
        "Preferred Stock Dividends": NaN,
        "Net Income": NaN,
        "Net Income Including Noncontrolling Interests": NaN,
        "Net Income Continuous Operations": NaN,
        "Tax Provision": NaN,
        "Pretax Income": NaN,
        "Special Income Charges": NaN,
        "Other Special Charges": 5000.0,
        "Impairment Of Capital Assets": 7525000.0,
        "Restructuring And Mergern Acquisition": NaN,
        "Gain On Sale Of Security": NaN,
        "Depreciation Amortization Depletion Income Statement": NaN,
        "Depreciation And Amortization In Income Statement": NaN,
        "Amortization": NaN,
        "Amortization Of Intangibles Income Statement": NaN,
        "Selling General And Administration": NaN,
        "Selling And Marketing Expense": NaN,
        "General And Administrative Expense": NaN,
        "Insurance And Claims": NaN,
        "Salaries And Wages": NaN,
        "Total Revenue": NaN,
        "Operating Revenue": NaN,
        "Occupancy And Equipment": NaN,
        "Professional Expense And Contract Services Expense": NaN,
        "Other Non Interest Expense": NaN
    },
    "2022-12-31": {
        "Tax Effect Of Unusual Items": NaN,
        "Tax Rate For Calcs": NaN,
        "Total Unusual Items": NaN,
        "Total Unusual Items Excluding Goodwill": NaN,
        "Net Income From Continuing Operation Net Minority Interest": NaN,
        "Reconciled Depreciation": NaN,
        "Net Interest Income": NaN,
        "Interest Expense": NaN,
        "Interest Income": NaN,
        "Normalized Income": NaN,
        "Net Income From Continuing And Discontinued Operation": NaN,
        "Diluted Average Shares": NaN,
        "Basic Average Shares": NaN,
        "Diluted EPS": NaN,
        "Basic EPS": NaN,
        "Diluted NI Availto Com Stockholders": NaN,
        "Net Income Common Stockholders": NaN,
        "Otherunder Preferred Stock Dividend": NaN,
        "Preferred Stock Dividends": NaN,
        "Net Income": NaN,
        "Net Income Including Noncontrolling Interests": NaN,
        "Net Income Continuous Operations": NaN,
        "Tax Provision": NaN,
        "Pretax Income": NaN,
        "Special Income Charges": NaN,
        "Other Special Charges": 1786000.0,
        "Impairment Of Capital Assets": NaN,
        "Restructuring And Mergern Acquisition": NaN,
        "Gain On Sale Of Security": NaN,
        "Depreciation Amortization Depletion Income Statement": NaN,
        "Depreciation And Amortization In Income Statement": NaN,
        "Amortization": NaN,
        "Amortization Of Intangibles Income Statement": NaN,
        "Selling General And Administration": NaN,
        "Selling And Marketing Expense": NaN,
        "General And Administrative Expense": NaN,
        "Insurance And Claims": NaN,
        "Salaries And Wages": NaN,
        "Total Revenue": NaN,
        "Operating Revenue": NaN,
        "Occupancy And Equipment": NaN,
        "Professional Expense And Contract Services Expense": NaN,
        "Other Non Interest Expense": NaN
    },
    "2022-09-30": {
        "Tax Effect Of Unusual Items": -7987895.0,
        "Tax Rate For Calcs": 0.215,
        "Total Unusual Items": -37153000.0,
        "Total Unusual Items Excluding Goodwill": -37153000.0,
        "Net Income From Continuing Operation Net Minority Interest": 233968000.0,
        "Reconciled Depreciation": 8511000.0,
        "Net Interest Income": 551003000.0,
        "Interest Expense": 66566000.0,
        "Interest Income": 617569000.0,
        "Normalized Income": 263133105.0,
        "Net Income From Continuing And Discontinued Operation": 233968000.0,
        "Diluted Average Shares": 173944000.0,
        "Basic Average Shares": 173868000.0,
        "Diluted EPS": 1.31,
        "Basic EPS": 1.31,
        "Diluted NI Availto Com Stockholders": 229806000.0,
        "Net Income Common Stockholders": 229806000.0,
        "Otherunder Preferred Stock Dividend": 2128000.0,
        "Preferred Stock Dividends": 4162000.0,
        "Net Income": 233968000.0,
        "Net Income Including Noncontrolling Interests": 233968000.0,
        "Net Income Continuous Operations": 233968000.0,
        "Tax Provision": 64069000.0,
        "Pretax Income": 298037000.0,
        "Special Income Charges": -37153000.0,
        "Other Special Charges": NaN,
        "Restructuring And Mergern Acquisition": 37153000.0,
        "Gain On Sale Of Security": -2234000.0,
        "Depreciation Amortization Depletion Income Statement": 8511000.0,
        "Depreciation And Amortization In Income Statement": 8511000.0,
        "Amortization": 8511000.0,
        "Amortization Of Intangibles Income Statement": 8511000.0,
        "Selling General And Administration": 185927000.0,
        "Selling And Marketing Expense": 3918000.0,
        "General And Administrative Expense": 182009000.0,
        "Insurance And Claims": 8026000.0,
        "Salaries And Wages": 173983000.0,
        "Total Revenue": 664059000.0,
        "Operating Revenue": 664059000.0
    },
    "2022-06-30": {
        "Tax Effect Of Unusual Items": -15358728.0,
        "Tax Rate For Calcs": 0.231,
        "Total Unusual Items": -66488000.0,
        "Total Unusual Items Excluding Goodwill": -66488000.0,
        "Net Income From Continuing Operation Net Minority Interest": 182311000.0,
        "Reconciled Depreciation": 8802000.0,
        "Net Interest Income": 486660000.0,
        "Interest Expense": 27087000.0,
        "Interest Income": 513747000.0,
        "Normalized Income": 233440272.0,
        "Net Income From Continuing And Discontinued Operation": 182311000.0,
        "Diluted Average Shares": 175895000.0,
        "Basic Average Shares": 175845000.0,
        "Diluted EPS": 1.0,
        "Basic EPS": 1.0,
        "Diluted NI Availto Com Stockholders": 178148000.0,
        "Net Income Common Stockholders": 178148000.0,
        "Otherunder Preferred Stock Dividend": NaN,
        "Preferred Stock Dividends": 4163000.0,
        "Net Income": 182311000.0,
        "Net Income Including Noncontrolling Interests": 182311000.0,
        "Net Income Continuous Operations": 182311000.0,
        "Tax Provision": 54812000.0,
        "Pretax Income": 237123000.0,
        "Special Income Charges": -66488000.0,
        "Other Special Charges": NaN,
        "Restructuring And Mergern Acquisition": 66488000.0,
        "Gain On Sale Of Security": NaN,
        "Depreciation Amortization Depletion Income Statement": 8802000.0,
        "Depreciation And Amortization In Income Statement": 8802000.0,
        "Amortization": 8802000.0,
        "Amortization Of Intangibles Income Statement": 8802000.0,
        "Selling General And Administration": 197845000.0,
        "Selling And Marketing Expense": 3441000.0,
        "General And Administrative Expense": 194404000.0,
        "Insurance And Claims": 6748000.0,
        "Salaries And Wages": 187656000.0,
        "Total Revenue": 606861000.0,
        "Operating Revenue": 606861000.0
    },
    "2022-03-31": {
        "Diluted EPS": -0.14,
        "Total Revenue": 514,
        "Gross Profit": 498,
        "Operating Income": -50,
        "EBIT": NaN,
        "Net Income": -20
    },
    "2021-12-31": {
        "Diluted EPS": 1.21,
        "Total Revenue": 326,
        "Gross Profit": 317,
        "Operating Income": 142,
        "EBIT": NaN,
        "Net Income": 109
    },
    "2021-09-30": {
        "Diluted EPS": 1.03,
        "Total Revenue": 323,
        "Gross Profit": 313,
        "Operating Income": 125,
        "EBIT": NaN,
        "Net Income": 94
    },
    "2021-06-30": {
        "Diluted EPS": 1.01,
        "Total Revenue": 304,
        "Gross Profit": 294,
        "Operating Income": 128,
        "EBIT": NaN,
        "Net Income": 92
    },
    "2021-03-31": {
        "Diluted EPS": 1.17,
        "Total Revenue": 312,
        "Gross Profit": 301,
        "Operating Income": 138,
        "EBIT": NaN,
        "Net Income": 106
    },
    "2020-12-31": {
        "Diluted EPS": 0.64,
        "Total Revenue": 313,
        "Gross Profit": 294,
        "Operating Income": 75,
        "EBIT": NaN,
        "Net Income": 59
    },
    "2020-09-30": {
        "Diluted EPS": 0.75,
        "Total Revenue": 314,
        "Gross Profit": 294,
        "Operating Income": 88,
        "EBIT": NaN,
        "Net Income": 67
    },
    "2020-06-30": {
        "Diluted EPS": 0.57,
        "Total Revenue": 312,
        "Gross Profit": 284,
        "Operating Income": 68,
        "EBIT": NaN,
        "Net Income": 51
    },
    "2020-03-31": {
        "Diluted EPS": 0.39,
        "Total Revenue": 348,
        "Gross Profit": 304,
        "Operating Income": 49,
        "EBIT": NaN,
        "Net Income": 36
    },
    "2019-12-31": {
        "Diluted EPS": 0.95,
        "Total Revenue": 353,
        "Gross Profit": 302,
        "Operating Income": 116,
        "EBIT": NaN,
        "Net Income": 90
    },
    "2019-09-30": {
        "Diluted EPS": 1.0,
        "Total Revenue": 364,
        "Gross Profit": 310,
        "Operating Income": 119,
        "EBIT": NaN,
        "Net Income": 91
    },
    "2019-06-30": {
        "Diluted EPS": 1.05,
        "Total Revenue": 368,
        "Gross Profit": 318,
        "Operating Income": 125,
        "EBIT": NaN,
        "Net Income": 96
    },
    "2019-03-31": {
        "Diluted EPS": 1.06,
        "Total Revenue": 355,
        "Gross Profit": 310,
        "Operating Income": 126,
        "EBIT": NaN,
        "Net Income": 98
    },
    "2018-12-31": {
        "Diluted EPS": 1.04,
        "Total Revenue": 354,
        "Gross Profit": 310,
        "Operating Income": 126,
        "EBIT": NaN,
        "Net Income": 97
    },
    "2018-09-30": {
        "Diluted EPS": 1.06,
        "Total Revenue": 341,
        "Gross Profit": 303,
        "Operating Income": 113,
        "EBIT": NaN,
        "Net Income": 97
    },
    "2018-06-30": {
        "Diluted EPS": 0.86,
        "Total Revenue": 329,
        "Gross Profit": 293,
        "Operating Income": 102,
        "EBIT": NaN,
        "Net Income": 79
    },
    "2018-03-31": {
        "Diluted EPS": 0.85,
        "Total Revenue": 315,
        "Gross Profit": 283,
        "Operating Income": 100,
        "EBIT": NaN,
        "Net Income": 78
    },
    "2017-12-31": {
        "Diluted EPS": 0.74,
        "Total Revenue": 302,
        "Gross Profit": 271,
        "Operating Income": 87,
        "EBIT": NaN,
        "Net Income": 68
    },
    "2017-09-30": {
        "Diluted EPS": 0.67,
        "Total Revenue": 297,
        "Gross Profit": 267,
        "Operating Income": 95,
        "EBIT": NaN,
        "Net Income": 62
    },
    "2017-06-30": {
        "Diluted EPS": 0.64,
        "Total Revenue": 291,
        "Gross Profit": 262,
        "Operating Income": 91,
        "EBIT": NaN,
        "Net Income": 59
    },
    "2017-03-31": {
        "Diluted EPS": 0.62,
        "Total Revenue": 283,
        "Gross Profit": 256,
        "Operating Income": 81,
        "EBIT": NaN,
        "Net Income": 57
    },
    "2016-12-31": {
        "Diluted EPS": 0.6,
        "Total Revenue": 282,
        "Gross Profit": 256,
        "Operating Income": 82,
        "EBIT": NaN,
        "Net Income": 55
    },
    "2016-09-30": {
        "Diluted EPS": 0.54,
        "Total Revenue": 272,
        "Gross Profit": 247,
        "Operating Income": 76,
        "EBIT": NaN,
        "Net Income": 50
    },
    "2016-06-30": {
        "Diluted EPS": 0.53,
        "Total Revenue": 268,
        "Gross Profit": 242,
        "Operating Income": 75,
        "EBIT": NaN,
        "Net Income": 48
    },
    "2016-03-31": {
        "Diluted EPS": 0.49,
        "Total Revenue": 265,
        "Gross Profit": 239,
        "Operating Income": 70,
        "EBIT": NaN,
        "Net Income": 45
    },
    "2015-12-31": {
        "Diluted EPS": 0.53,
        "Total Revenue": 258,
        "Gross Profit": 233,
        "Operating Income": 75,
        "EBIT": NaN,
        "Net Income": 49
    },
    "2015-09-30": {
        "Diluted EPS": 0.53,
        "Total Revenue": 253,
        "Gross Profit": 229,
        "Operating Income": 76,
        "EBIT": NaN,
        "Net Income": 49
    },
    "2015-06-30": {
        "Diluted EPS": 0.55,
        "Total Revenue": 246,
        "Gross Profit": 223,
        "Operating Income": 72,
        "EBIT": NaN,
        "Net Income": 50
    },
    "2015-03-31": {
        "Diluted EPS": 0.52,
        "Total Revenue": 241,
        "Gross Profit": 218,
        "Operating Income": 74,
        "EBIT": NaN,
        "Net Income": 47
    },
    "2014-12-31": {
        "Diluted EPS": 0.52,
        "Total Revenue": 238,
        "Gross Profit": 214,
        "Operating Income": 75,
        "EBIT": NaN,
        "Net Income": 48
    },
    "2014-09-30": {
        "Diluted EPS": 0.53,
        "Total Revenue": 231,
        "Gross Profit": 208,
        "Operating Income": 74,
        "EBIT": NaN,
        "Net Income": 48
    },
    "2014-06-30": {
        "Diluted EPS": 0.5,
        "Total Revenue": 225,
        "Gross Profit": 203,
        "Operating Income": 71,
        "EBIT": NaN,
        "Net Income": 45
    },
    "2014-03-31": {
        "Diluted EPS": 0.53,
        "Total Revenue": 228,
        "Gross Profit": 205,
        "Operating Income": 72,
        "EBIT": NaN,
        "Net Income": 48
    },
    "2013-12-31": {
        "Diluted EPS": 0.45,
        "Total Revenue": 220,
        "Gross Profit": 198,
        "Operating Income": 63,
        "EBIT": NaN,
        "Net Income": 41
    },
    "2013-09-30": {
        "Diluted EPS": 0.49,
        "Total Revenue": 218,
        "Gross Profit": 196,
        "Operating Income": 65,
        "EBIT": NaN,
        "Net Income": 45
    },
    "2013-06-30": {
        "Diluted EPS": 0.48,
        "Total Revenue": 222,
        "Gross Profit": 199,
        "Operating Income": 67,
        "EBIT": NaN,
        "Net Income": 44
    },
    "2013-03-31": {
        "Diluted EPS": 0.44,
        "Total Revenue": 218,
        "Gross Profit": 194,
        "Operating Income": 61,
        "EBIT": NaN,
        "Net Income": 39
    },
    "2012-12-31": {
        "Diluted EPS": 0.52,
        "Total Revenue": 225,
        "Gross Profit": 199,
        "Operating Income": 69,
        "EBIT": NaN,
        "Net Income": 48
    },
    "2012-09-30": {
        "Diluted EPS": 0.48,
        "Total Revenue": 221,
        "Gross Profit": 193,
        "Operating Income": 64,
        "EBIT": NaN,
        "Net Income": 44
    },
    "2012-06-30": {
        "Diluted EPS": 0.44,
        "Total Revenue": 222,
        "Gross Profit": 192,
        "Operating Income": 60,
        "EBIT": NaN,
        "Net Income": 41
    },
    "2012-03-31": {
        "Diluted EPS": 0.42,
        "Total Revenue": 218,
        "Gross Profit": 187,
        "Operating Income": 56,
        "EBIT": NaN,
        "Net Income": 38
    },
    "2011-12-31": {
        "Diluted EPS": 0.44,
        "Total Revenue": 215,
        "Gross Profit": 183,
        "Operating Income": 54,
        "EBIT": NaN,
        "Net Income": 40
    },
    "2011-09-30": {
        "Diluted EPS": 0.45,
        "Total Revenue": 219,
        "Gross Profit": 186,
        "Operating Income": 58,
        "EBIT": NaN,
        "Net Income": 41
    },
    "2011-06-30": {
        "Diluted EPS": 0.36,
        "Total Revenue": 222,
        "Gross Profit": 187,
        "Operating Income": 50,
        "EBIT": NaN,
        "Net Income": 33
    },
    "2011-03-31": {
        "Diluted EPS": 0.36,
        "Total Revenue": 220,
        "Gross Profit": 184,
        "Operating Income": 45,
        "EBIT": NaN,
        "Net Income": 34
    },
    "2010-12-31": {
        "Diluted EPS": 0.28,
        "Total Revenue": 218,
        "Gross Profit": 180,
        "Operating Income": 37,
        "EBIT": NaN,
        "Net Income": 23
    },
    "2010-09-30": {
        "Diluted EPS": 0.22,
        "Total Revenue": 224,
        "Gross Profit": 182,
        "Operating Income": 27,
        "EBIT": NaN,
        "Net Income": 18
    },
    "2010-06-30": {
        "Diluted EPS": 0.15,
        "Total Revenue": 244,
        "Gross Profit": 198,
        "Operating Income": 18,
        "EBIT": NaN,
        "Net Income": 13
    },
    "2010-03-31": {
        "Diluted EPS": -0.08,
        "Total Revenue": 225,
        "Gross Profit": 178,
        "Operating Income": 2,
        "EBIT": NaN,
        "Net Income": -6
    },
    "2009-12-31": {
        "Diluted EPS": -0.71,
        "Total Revenue": 233,
        "Gross Profit": 182,
        "Operating Income": -17,
        "EBIT": NaN,
        "Net Income": -56
    },
    "2009-09-30": {
        "Diluted EPS": -0.39,
        "Total Revenue": 229,
        "Gross Profit": 171,
        "Operating Income": -41,
        "EBIT": NaN,
        "Net Income": -26
    },
    "2009-06-30": {
        "Diluted EPS": -0.65,
        "Total Revenue": 223,
        "Gross Profit": 155,
        "Operating Income": -60,
        "EBIT": NaN,
        "Net Income": 17
    },
    "2009-03-31": {
        "Diluted EPS": -0.41,
        "Total Revenue": 246,
        "Gross Profit": 172,
        "Operating Income": -12,
        "EBIT": NaN,
        "Net Income": -22
    },
    "2023-09-30": {
        "Tax Effect Of Unusual Items": NaN,
        "Tax Rate For Calcs": NaN,
        "Total Unusual Items": NaN,
        "Total Unusual Items Excluding Goodwill": NaN,
        "Net Income From Continuing Operation Net Minority Interest": NaN,
        "Reconciled Depreciation": NaN,
        "Net Interest Income": NaN,
        "Interest Expense": NaN,
        "Interest Income": NaN,
        "Normalized Income": NaN,
        "Net Income From Continuing And Discontinued Operation": NaN,
        "Diluted Average Shares": 171350000.0,
        "Basic Average Shares": 171210000.0,
        "Diluted EPS": 1.28,
        "Basic EPS": 1.29,
        "Diluted NI Availto Com Stockholders": NaN,
        "Net Income Common Stockholders": NaN,
        "Otherunder Preferred Stock Dividend": NaN,
        "Preferred Stock Dividends": NaN,
        "Net Income": NaN,
        "Net Income Including Noncontrolling Interests": NaN,
        "Net Income Continuous Operations": NaN,
        "Tax Provision": NaN,
        "Pretax Income": NaN,
        "Special Income Charges": NaN,
        "Other Special Charges": NaN,
        "Impairment Of Capital Assets": NaN,
        "Restructuring And Mergern Acquisition": NaN,
        "Gain On Sale Of Security": NaN,
        "Depreciation Amortization Depletion Income Statement": NaN,
        "Depreciation And Amortization In Income Statement": NaN,
        "Amortization": NaN,
        "Amortization Of Intangibles Income Statement": NaN,
        "Selling General And Administration": NaN,
        "Selling And Marketing Expense": NaN,
        "General And Administrative Expense": NaN,
        "Insurance And Claims": NaN,
        "Salaries And Wages": NaN,
        "Total Revenue": NaN,
        "Operating Revenue": NaN,
        "Occupancy And Equipment": NaN,
        "Professional Expense And Contract Services Expense": NaN,
        "Other Non Interest Expense": NaN
    },
    "2023-12-31": {
        "Tax Effect Of Unusual Items": NaN,
        "Tax Rate For Calcs": NaN,
        "Total Unusual Items": NaN,
        "Total Unusual Items Excluding Goodwill": NaN,
        "Net Income From Continuing Operation Net Minority Interest": NaN,
        "Reconciled Depreciation": NaN,
        "Net Interest Income": NaN,
        "Interest Expense": NaN,
        "Interest Income": NaN,
        "Normalized Income": NaN,
        "Net Income From Continuing And Discontinued Operation": NaN,
        "Diluted Average Shares": NaN,
        "Basic Average Shares": NaN,
        "Diluted EPS": NaN,
        "Basic EPS": NaN,
        "Diluted NI Availto Com Stockholders": NaN,
        "Net Income Common Stockholders": NaN,
        "Otherunder Preferred Stock Dividend": NaN,
        "Preferred Stock Dividends": NaN,
        "Net Income": NaN,
        "Net Income Including Noncontrolling Interests": NaN,
        "Net Income Continuous Operations": NaN,
        "Tax Provision": NaN,
        "Pretax Income": NaN,
        "Special Income Charges": NaN,
        "Other Special Charges": 47322000.0,
        "Impairment Of Capital Assets": 6388000.0,
        "Restructuring And Mergern Acquisition": NaN,
        "Gain On Sale Of Security": NaN,
        "Depreciation Amortization Depletion Income Statement": NaN,
        "Depreciation And Amortization In Income Statement": NaN,
        "Amortization": NaN,
        "Amortization Of Intangibles Income Statement": NaN,
        "Selling General And Administration": NaN,
        "Selling And Marketing Expense": NaN,
        "General And Administrative Expense": NaN,
        "Insurance And Claims": NaN,
        "Salaries And Wages": NaN,
        "Total Revenue": NaN,
        "Operating Revenue": NaN,
        "Occupancy And Equipment": NaN,
        "Professional Expense And Contract Services Expense": NaN,
        "Other Non Interest Expense": NaN
    },
    "2024-03-31": {
        "Tax Effect Of Unusual Items": -5456037.217899,
        "Tax Rate For Calcs": 0.242749,
        "Total Unusual Items": -22476000.0,
        "Total Unusual Items Excluding Goodwill": -22476000.0,
        "Net Income From Continuing Operation Net Minority Interest": 216323000.0,
        "Reconciled Depreciation": 19027000.0,
        "Net Interest Income": 567739000.0,
        "Interest Expense": 384111000.0,
        "Interest Income": 951850000.0,
        "Normalized Income": 233342962.782101,
        "Net Income From Continuing And Discontinued Operation": 216323000.0,
        "Diluted Average Shares": 170704000.0,
        "Basic Average Shares": 170445000.0,
        "Diluted EPS": 1.23,
        "Basic EPS": 1.23,
        "Diluted NI Availto Com Stockholders": 210059000.0,
        "Net Income Common Stockholders": 210059000.0,
        "Otherunder Preferred Stock Dividend": 2101000.0,
        "Preferred Stock Dividends": 4163000.0,
        "Net Income": 216323000.0,
        "Net Income Including Noncontrolling Interests": 216323000.0,
        "Net Income Continuous Operations": 216323000.0,
        "Tax Provision": 69346000.0,
        "Pretax Income": 285669000.0,
        "Special Income Charges": -22476000.0,
        "Other Special Charges": 11862000.0,
        "Impairment Of Capital Assets": 7475000.0,
        "Restructuring And Mergern Acquisition": 3139000.0,
        "Gain On Sale Of Security": -9826000.0,
        "Depreciation Amortization Depletion Income Statement": 9194000.0,
        "Depreciation And Amortization In Income Statement": 9194000.0,
        "Amortization": 9194000.0,
        "Amortization Of Intangibles Income Statement": 9194000.0,
        "Selling General And Administration": 205182000.0,
        "Selling And Marketing Expense": 4281000.0,
        "General And Administrative Expense": 200901000.0,
        "Insurance And Claims": 12361000.0,
        "Salaries And Wages": 188540000.0,
        "Total Revenue": 667092000.0,
        "Operating Revenue": 667092000.0,
        "Occupancy And Equipment": 65275000.0,
        "Professional Expense And Contract Services Expense": 12981000.0,
        "Other Non Interest Expense": 20815000.0
    },
    "2024-06-30": {
        "Tax Effect Of Unusual Items": 0.0,
        "Tax Rate For Calcs": 0.209,
        "Total Unusual Items": 0.0,
        "Total Unusual Items Excluding Goodwill": 0.0,
        "Net Income From Continuing Operation Net Minority Interest": 181633000.0,
        "Reconciled Depreciation": 17483000.0,
        "Net Interest Income": 572297000.0,
        "Interest Expense": 403989000.0,
        "Interest Income": 976286000.0,
        "Normalized Income": 181633000.0,
        "Net Income From Continuing And Discontinued Operation": 181633000.0,
        "Diluted Average Shares": 169937000.0,
        "Basic Average Shares": 169675000.0,
        "Diluted EPS": 1.03,
        "Basic EPS": 1.03,
        "Diluted NI Availto Com Stockholders": 175494000.0,
        "Net Income Common Stockholders": 175494000.0,
        "Otherunder Preferred Stock Dividend": 1977000.0,
        "Preferred Stock Dividends": 4162000.0,
        "Net Income": 181633000.0,
        "Net Income Including Noncontrolling Interests": 181633000.0,
        "Net Income Continuous Operations": 181633000.0,
        "Tax Provision": 47941000.0,
        "Pretax Income": 229574000.0,
        "Special Income Charges": 0.0,
        "Other Special Charges": NaN,
        "Impairment Of Capital Assets": NaN,
        "Restructuring And Mergern Acquisition": 0.0,
        "Gain On Sale Of Security": -49915000.0,
        "Depreciation Amortization Depletion Income Statement": 8716000.0,
        "Depreciation And Amortization In Income Statement": 8716000.0,
        "Amortization": 8716000.0,
        "Amortization Of Intangibles Income Statement": 8716000.0,
        "Selling General And Administration": 206022000.0,
        "Selling And Marketing Expense": 4107000.0,
        "General And Administrative Expense": 201915000.0,
        "Insurance And Claims": 15065000.0,
        "Salaries And Wages": 186850000.0,
        "Total Revenue": 614595000.0,
        "Operating Revenue": 614595000.0,
        "Occupancy And Equipment": 60406000.0,
        "Professional Expense And Contract Services Expense": 14066000.0,
        "Other Non Interest Expense": 36811000.0
    },
    "2024-09-30": {
        "Tax Effect Of Unusual Items": -4351875.0,
        "Tax Rate For Calcs": 0.211,
        "Total Unusual Items": -20625000.0,
        "Total Unusual Items Excluding Goodwill": -20625000.0,
        "Net Income From Continuing Operation Net Minority Interest": 192985000.0,
        "Reconciled Depreciation": 16118000.0,
        "Net Interest Income": 589883000.0,
        "Interest Expense": 414180000.0,
        "Interest Income": 1004063000.0,
        "Normalized Income": 209258125.0,
        "Net Income From Continuing And Discontinued Operation": 192985000.0,
        "Diluted Average Shares": 169894000.0,
        "Basic Average Shares": 169569000.0,
        "Diluted EPS": 1.1,
        "Basic EPS": 1.1,
        "Diluted NI Availto Com Stockholders": 186799000.0,
        "Net Income Common Stockholders": 186799000.0,
        "Otherunder Preferred Stock Dividend": 2024000.0,
        "Preferred Stock Dividends": 4162000.0,
        "Net Income": 192985000.0,
        "Net Income Including Noncontrolling Interests": 192985000.0,
        "Net Income Continuous Operations": 192985000.0,
        "Tax Provision": 51681000.0,
        "Pretax Income": 244666000.0,
        "Special Income Charges": -20625000.0,
        "Other Special Charges": -1544000.0,
        "Impairment Of Capital Assets": NaN,
        "Restructuring And Mergern Acquisition": 22169000.0,
        "Gain On Sale Of Security": -19597000.0,
        "Depreciation Amortization Depletion Income Statement": 8491000.0,
        "Depreciation And Amortization In Income Statement": 8491000.0,
        "Amortization": 8491000.0,
        "Amortization Of Intangibles Income Statement": 8491000.0,
        "Selling General And Administration": 214059000.0,
        "Selling And Marketing Expense": 4224000.0,
        "General And Administrative Expense": 209835000.0,
        "Insurance And Claims": 15099000.0,
        "Salaries And Wages": 194736000.0,
        "Total Revenue": 647624000.0,
        "Operating Revenue": 647624000.0,
        "Occupancy And Equipment": 75575000.0,
        "Professional Expense And Contract Services Expense": 16001000.0,
        "Other Non Interest Expense": 14207000.0
    },
    "2024-12-31": {
        "Tax Effect Of Unusual Items": -2797161.315918,
        "Tax Rate For Calcs": 0.308567,
        "Total Unusual Items": -9065000.0,
        "Total Unusual Items Excluding Goodwill": -9065000.0,
        "Net Income From Continuing Operation Net Minority Interest": 177766000.0,
        "Reconciled Depreciation": 18903000.0,
        "Net Interest Income": 608468000.0,
        "Interest Expense": 386619000.0,
        "Interest Income": 995087000.0,
        "Normalized Income": 184033838.684082,
        "Net Income From Continuing And Discontinued Operation": 177766000.0,
        "Diluted Average Shares": 170005000.0,
        "Basic Average Shares": 169589000.0,
        "Diluted EPS": 1.01,
        "Basic EPS": 1.01,
        "Diluted NI Availto Com Stockholders": 171758000.0,
        "Net Income Common Stockholders": 171758000.0,
        "Otherunder Preferred Stock Dividend": 1845000.0,
        "Preferred Stock Dividends": 4163000.0,
        "Net Income": 177766000.0,
        "Net Income Including Noncontrolling Interests": 177766000.0,
        "Net Income Continuous Operations": 177766000.0,
        "Tax Provision": 79332000.0,
        "Pretax Income": 257098000.0,
        "Special Income Charges": -9065000.0,
        "Other Special Charges": 1700000.0,
        "Impairment Of Capital Assets": 7365000.0,
        "Restructuring And Mergern Acquisition": 0.0,
        "Gain On Sale Of Security": -56886000.0,
        "Depreciation Amortization Depletion Income Statement": 9681000.0,
        "Depreciation And Amortization In Income Statement": 9681000.0,
        "Amortization": 9681000.0,
        "Amortization Of Intangibles Income Statement": 9681000.0,
        "Selling General And Administration": 214876000.0,
        "Selling And Marketing Expense": 6139000.0,
        "General And Administrative Expense": 208737000.0,
        "Insurance And Claims": 16069000.0,
        "Salaries And Wages": 192668000.0,
        "Total Revenue": 660975000.0,
        "Operating Revenue": 660975000.0,
        "Occupancy And Equipment": 65922000.0,
        "Professional Expense And Contract Services Expense": 15205000.0,
        "Other Non Interest Expense": 25628000.0
    },
    "2025-03-31": {
        "Tax Effect Of Unusual Items": -1522966.423883,
        "Tax Rate For Calcs": 0.200022,
        "Total Unusual Items": -7614000.0,
        "Total Unusual Items Excluding Goodwill": -7614000.0,
        "Net Income From Continuing Operation Net Minority Interest": 226917000.0,
        "Reconciled Depreciation": 18239000.0,
        "Net Interest Income": 612192000.0,
        "Interest Expense": 361295000.0,
        "Interest Income": 973487000.0,
        "Normalized Income": 233008033.576117,
        "Net Income From Continuing And Discontinued Operation": 226917000.0,
        "Diluted Average Shares": 169544000.0,
        "Basic Average Shares": 169182000.0,
        "Diluted EPS": 1.3,
        "Basic EPS": 1.3,
        "Diluted NI Availto Com Stockholders": 220367000.0,
        "Net Income Common Stockholders": 220367000.0,
        "Otherunder Preferred Stock Dividend": 2387000.0,
        "Preferred Stock Dividends": 4163000.0,
        "Net Income": 226917000.0,
        "Net Income Including Noncontrolling Interests": 226917000.0,
        "Net Income Continuous Operations": 226917000.0,
        "Tax Provision": 56737000.0,
        "Pretax Income": 283654000.0,
        "Special Income Charges": -7614000.0,
        "Other Special Charges": NaN,
        "Impairment Of Capital Assets": 7614000.0,
        "Restructuring And Mergern Acquisition": 0.0,
        "Gain On Sale Of Security": 220000.0,
        "Depreciation Amortization Depletion Income Statement": 9237000.0,
        "Depreciation And Amortization In Income Statement": 9237000.0,
        "Amortization": 9237000.0,
        "Amortization Of Intangibles Income Statement": 9237000.0,
        "Selling General And Administration": 219017000.0,
        "Selling And Marketing Expense": 4027000.0,
        "General And Administrative Expense": 214990000.0,
        "Insurance And Claims": 16345000.0,
        "Salaries And Wages": 198645000.0,
        "Total Revenue": 704798000.0,
        "Operating Revenue": 704798000.0,
        "Occupancy And Equipment": 67436000.0,
        "Professional Expense And Contract Services Expense": 17226000.0,
        "Other Non Interest Expense": 23114000.0
    }
}