{
    "2023-03-31": {
        "Tax Effect Of Unusual Items": NaN,
        "Tax Rate For Calcs": NaN,
        "Normalized EBITDA": NaN,
        "Total Unusual Items": NaN,
        "Total Unusual Items Excluding Goodwill": NaN,
        "Net Income From Continuing Operation Net Minority Interest": NaN,
        "Reconciled Depreciation": NaN,
        "Reconciled Cost Of Revenue": NaN,
        "EBITDA": NaN,
        "EBIT": NaN,
        "Normalized Income": NaN,
        "Net Income From Continuing And Discontinued Operation": NaN,
        "Total Expenses": NaN,
        "Total Operating Income As Reported": NaN,
        "Diluted Average Shares": NaN,
        "Basic Average Shares": NaN,
        "Diluted EPS": NaN,
        "Basic EPS": NaN,
        "Diluted NI Availto Com Stockholders": NaN,
        "Average Dilution Earnings": 1000.0,
        "Net Income Common Stockholders": NaN,
        "Otherunder Preferred Stock Dividend": 707000.0,
        "Net Income": NaN,
        "Minority Interests": NaN,
        "Net Income Including Noncontrolling Interests": NaN,
        "Net Income Continuous Operations": NaN,
        "Tax Provision": NaN,
        "Pretax Income": NaN,
        "Other Income Expense": NaN,
        "Special Income Charges": NaN,
        "Impairment Of Capital Assets": NaN,
        "Restructuring And Mergern Acquisition": NaN,
        "Operating Income": NaN,
        "Operating Expense": NaN,
        "Other Operating Expenses": NaN,
        "Provision For Doubtful Accounts": NaN,
        "Depreciation Amortization Depletion Income Statement": NaN,
        "Depreciation And Amortization In Income Statement": NaN,
        "Gross Profit": NaN,
        "Cost Of Revenue": NaN,
        "Total Revenue": NaN,
        "Operating Revenue": NaN
    },
    "2022-12-31": {
        "Tax Effect Of Unusual Items": 0.0,
        "Tax Rate For Calcs": 0.202209,
        "Normalized EBITDA": 105104000.0,
        "Net Income From Continuing Operation Net Minority Interest": 41492000.0,
        "Reconciled Depreciation": 57930000.0,
        "Reconciled Cost Of Revenue": 149868000.0,
        "EBITDA": 105104000.0,
        "EBIT": 47174000.0,
        "Normalized Income": 41492000.0,
        "Net Income From Continuing And Discontinued Operation": 41492000.0,
        "Total Expenses": 235676000.0,
        "Total Operating Income As Reported": 47174000.0,
        "Diluted Average Shares": 32675000.0,
        "Basic Average Shares": 32361000.0,
        "Diluted EPS": 1.24,
        "Basic EPS": 1.25,
        "Diluted NI Availto Com Stockholders": 35433000.0,
        "Average Dilution Earnings": NaN,
        "Net Income Common Stockholders": 35392000.0,
        "Otherunder Preferred Stock Dividend": NaN,
        "Net Income": 41492000.0,
        "Minority Interests": 3857000.0,
        "Net Income Including Noncontrolling Interests": 37635000.0,
        "Net Income Continuous Operations": 37635000.0,
        "Tax Provision": 9539000.0,
        "Pretax Income": 47174000.0,
        "Operating Income": 47174000.0,
        "Operating Expense": 85808000.0,
        "Other Operating Expenses": -82251000.0,
        "Provision For Doubtful Accounts": 1142000.0,
        "Depreciation Amortization Depletion Income Statement": 57930000.0,
        "Depreciation And Amortization In Income Statement": 57930000.0,
        "Gross Profit": 132982000.0,
        "Cost Of Revenue": 149868000.0,
        "Total Revenue": 282850000.0,
        "Operating Revenue": 254278000.0
    },
    "2022-09-30": {
        "Tax Effect Of Unusual Items": 0.0,
        "Tax Rate For Calcs": 0.13899,
        "Normalized EBITDA": 114037000.0,
        "Net Income From Continuing Operation Net Minority Interest": 46833000.0,
        "Reconciled Depreciation": 59846000.0,
        "Reconciled Cost Of Revenue": 166365000.0,
        "EBITDA": 114037000.0,
        "EBIT": 54191000.0,
        "Normalized Income": 46833000.0,
        "Net Income From Continuing And Discontinued Operation": 46833000.0,
        "Total Expenses": 261420000.0,
        "Total Operating Income As Reported": 54191000.0,
        "Diluted Average Shares": 32620000.0,
        "Basic Average Shares": 32290000.0,
        "Diluted EPS": 1.4,
        "Basic EPS": 1.41,
        "Diluted NI Availto Com Stockholders": 46833000.0,
        "Average Dilution Earnings": NaN,
        "Net Income Common Stockholders": 46833000.0,
        "Otherunder Preferred Stock Dividend": NaN,
        "Net Income": 46833000.0,
        "Minority Interests": 174000.0,
        "Net Income Including Noncontrolling Interests": 46659000.0,
        "Net Income Continuous Operations": 46659000.0,
        "Tax Provision": 7532000.0,
        "Pretax Income": 54191000.0,
        "Operating Income": 54191000.0,
        "Operating Expense": 95055000.0,
        "Other Operating Expenses": 33991000.0,
        "Provision For Doubtful Accounts": 1218000.0,
        "Depreciation Amortization Depletion Income Statement": 59846000.0,
        "Depreciation And Amortization In Income Statement": 59846000.0,
        "Gross Profit": 149246000.0,
        "Cost Of Revenue": 166365000.0,
        "Total Revenue": 315611000.0,
        "Operating Revenue": 290842000.0
    },
    "2022-06-30": {
        "Tax Effect Of Unusual Items": 0.0,
        "Tax Rate For Calcs": 0.26495,
        "Normalized EBITDA": 134713000.0,
        "Net Income From Continuing Operation Net Minority Interest": 54286000.0,
        "Reconciled Depreciation": 61103000.0,
        "Reconciled Cost Of Revenue": 174780000.0,
        "EBITDA": 134713000.0,
        "EBIT": 73610000.0,
        "Net Interest Income": -6412000.0,
        "Interest Expense": 6412000.0,
        "Normalized Income": 54286000.0,
        "Net Income From Continuing And Discontinued Operation": 54286000.0,
        "Total Expenses": 267238000.0,
        "Total Operating Income As Reported": 73610000.0,
        "Diluted Average Shares": 32694000.0,
        "Basic Average Shares": 32388000.0,
        "Diluted EPS": 1.61,
        "Basic EPS": 1.63,
        "Diluted NI Availto Com Stockholders": 54286000.0,
        "Average Dilution Earnings": NaN,
        "Net Income Common Stockholders": 54286000.0,
        "Otherunder Preferred Stock Dividend": 1554000.0,
        "Net Income": 54286000.0,
        "Minority Interests": 179000.0,
        "Net Income Including Noncontrolling Interests": 54107000.0,
        "Net Income Continuous Operations": 54107000.0,
        "Tax Provision": 19503000.0,
        "Pretax Income": 73610000.0,
        "Net Non Operating Interest Income Expense": -6412000.0,
        "Interest Expense Non Operating": 6412000.0,
        "Operating Income": 73610000.0,
        "Operating Expense": 92458000.0,
        "Other Operating Expenses": 36195000.0,
        "Provision For Doubtful Accounts": -4840000.0,
        "Depreciation Amortization Depletion Income Statement": 61103000.0,
        "Depreciation And Amortization In Income Statement": 61103000.0,
        "Gross Profit": 166068000.0,
        "Cost Of Revenue": 174780000.0,
        "Total Revenue": 340848000.0,
        "Operating Revenue": 297501000.0
    },
    "2023-06-30": {
        "Tax Effect Of Unusual Items": NaN,
        "Tax Rate For Calcs": NaN,
        "Normalized EBITDA": NaN,
        "Total Unusual Items": NaN,
        "Total Unusual Items Excluding Goodwill": NaN,
        "Net Income From Continuing Operation Net Minority Interest": NaN,
        "Reconciled Depreciation": NaN,
        "Reconciled Cost Of Revenue": NaN,
        "EBITDA": NaN,
        "EBIT": NaN,
        "Normalized Income": NaN,
        "Net Income From Continuing And Discontinued Operation": NaN,
        "Total Expenses": NaN,
        "Total Operating Income As Reported": NaN,
        "Diluted Average Shares": NaN,
        "Basic Average Shares": NaN,
        "Diluted EPS": NaN,
        "Basic EPS": NaN,
        "Diluted NI Availto Com Stockholders": NaN,
        "Average Dilution Earnings": 1000.0,
        "Net Income Common Stockholders": NaN,
        "Otherunder Preferred Stock Dividend": 703000.0,
        "Net Income": NaN,
        "Minority Interests": NaN,
        "Net Income Including Noncontrolling Interests": NaN,
        "Net Income Continuous Operations": NaN,
        "Tax Provision": NaN,
        "Pretax Income": NaN,
        "Other Income Expense": NaN,
        "Special Income Charges": NaN,
        "Impairment Of Capital Assets": NaN,
        "Restructuring And Mergern Acquisition": NaN,
        "Operating Income": NaN,
        "Operating Expense": NaN,
        "Other Operating Expenses": NaN,
        "Provision For Doubtful Accounts": NaN,
        "Depreciation Amortization Depletion Income Statement": NaN,
        "Depreciation And Amortization In Income Statement": NaN,
        "Gross Profit": NaN,
        "Cost Of Revenue": NaN,
        "Total Revenue": NaN,
        "Operating Revenue": NaN
    },
    "2023-09-30": {
        "Tax Effect Of Unusual Items": NaN,
        "Tax Rate For Calcs": NaN,
        "Normalized EBITDA": NaN,
        "Total Unusual Items": 0.0,
        "Total Unusual Items Excluding Goodwill": 0.0,
        "Net Income From Continuing Operation Net Minority Interest": NaN,
        "Reconciled Depreciation": NaN,
        "Reconciled Cost Of Revenue": NaN,
        "EBITDA": NaN,
        "EBIT": NaN,
        "Normalized Income": NaN,
        "Net Income From Continuing And Discontinued Operation": NaN,
        "Total Expenses": NaN,
        "Total Operating Income As Reported": NaN,
        "Diluted Average Shares": NaN,
        "Basic Average Shares": NaN,
        "Diluted EPS": NaN,
        "Basic EPS": NaN,
        "Diluted NI Availto Com Stockholders": NaN,
        "Average Dilution Earnings": NaN,
        "Net Income Common Stockholders": NaN,
        "Otherunder Preferred Stock Dividend": NaN,
        "Net Income": NaN,
        "Minority Interests": NaN,
        "Net Income Including Noncontrolling Interests": NaN,
        "Net Income Continuous Operations": NaN,
        "Tax Provision": NaN,
        "Pretax Income": NaN,
        "Other Income Expense": NaN,
        "Special Income Charges": 0.0,
        "Impairment Of Capital Assets": 14000000.0,
        "Restructuring And Mergern Acquisition": -14000000.0,
        "Operating Income": NaN,
        "Operating Expense": NaN,
        "Other Operating Expenses": NaN,
        "Provision For Doubtful Accounts": NaN,
        "Depreciation Amortization Depletion Income Statement": NaN,
        "Depreciation And Amortization In Income Statement": NaN,
        "Gross Profit": NaN,
        "Cost Of Revenue": NaN,
        "Total Revenue": NaN,
        "Operating Revenue": NaN
    },
    "2023-12-31": {
        "Tax Effect Of Unusual Items": 0.0,
        "Tax Rate For Calcs": 0.262428,
        "Normalized EBITDA": 94882000.0,
        "Total Unusual Items": NaN,
        "Total Unusual Items Excluding Goodwill": NaN,
        "Net Income From Continuing Operation Net Minority Interest": 31599000.0,
        "Reconciled Depreciation": 56015000.0,
        "Reconciled Cost Of Revenue": 144463000.0,
        "EBITDA": 94882000.0,
        "EBIT": 38867000.0,
        "Normalized Income": 31599000.0,
        "Net Income From Continuing And Discontinued Operation": 31599000.0,
        "Total Expenses": 235469000.0,
        "Total Operating Income As Reported": 39367000.0,
        "Diluted Average Shares": 32941000.0,
        "Basic Average Shares": 32825000.0,
        "Diluted EPS": 0.93,
        "Basic EPS": 0.94,
        "Diluted NI Availto Com Stockholders": 28850000.0,
        "Average Dilution Earnings": NaN,
        "Net Income Common Stockholders": 28847000.0,
        "Otherunder Preferred Stock Dividend": NaN,
        "Net Income": 31599000.0,
        "Minority Interests": 2563000.0,
        "Net Income Including Noncontrolling Interests": 29036000.0,
        "Net Income Continuous Operations": 29036000.0,
        "Tax Provision": 10331000.0,
        "Pretax Income": 39367000.0,
        "Other Income Expense": NaN,
        "Special Income Charges": NaN,
        "Impairment Of Capital Assets": NaN,
        "Restructuring And Mergern Acquisition": NaN,
        "Operating Income": 38867000.0,
        "Operating Expense": 91006000.0,
        "Other Operating Expenses": -61742000.0,
        "Provision For Doubtful Accounts": 636000.0,
        "Depreciation Amortization Depletion Income Statement": 56015000.0,
        "Depreciation And Amortization In Income Statement": 56015000.0,
        "Gross Profit": 129873000.0,
        "Cost Of Revenue": 144463000.0,
        "Total Revenue": 274336000.0,
        "Operating Revenue": 239371000.0
    },
    "2024-03-31": {
        "Tax Effect Of Unusual Items": 0.0,
        "Tax Rate For Calcs": 0.209372,
        "Normalized EBITDA": 69570000.0,
        "Total Unusual Items": NaN,
        "Total Unusual Items Excluding Goodwill": NaN,
        "Net Income From Continuing Operation Net Minority Interest": 11866000.0,
        "Reconciled Depreciation": 55891000.0,
        "Reconciled Cost Of Revenue": 129122000.0,
        "EBITDA": 69570000.0,
        "EBIT": 13679000.0,
        "Normalized Income": 11866000.0,
        "Net Income From Continuing And Discontinued Operation": 11866000.0,
        "Total Expenses": 214380000.0,
        "Total Operating Income As Reported": 13679000.0,
        "Diluted Average Shares": 33048000.0,
        "Basic Average Shares": 32978000.0,
        "Diluted EPS": 0.35,
        "Basic EPS": 0.35,
        "Diluted NI Availto Com Stockholders": 11575000.0,
        "Average Dilution Earnings": -1000.0,
        "Net Income Common Stockholders": 11576000.0,
        "Otherunder Preferred Stock Dividend": 290000.0,
        "Net Income": 11866000.0,
        "Minority Interests": 1051000.0,
        "Net Income Including Noncontrolling Interests": 10815000.0,
        "Net Income Continuous Operations": 10815000.0,
        "Tax Provision": 2864000.0,
        "Pretax Income": 13679000.0,
        "Other Income Expense": NaN,
        "Special Income Charges": NaN,
        "Impairment Of Capital Assets": NaN,
        "Restructuring And Mergern Acquisition": NaN,
        "Operating Income": 13679000.0,
        "Operating Expense": 85258000.0,
        "Other Operating Expenses": 28843000.0,
        "Provision For Doubtful Accounts": 524000.0,
        "Depreciation Amortization Depletion Income Statement": 55891000.0,
        "Depreciation And Amortization In Income Statement": 55891000.0,
        "Gross Profit": 98937000.0,
        "Cost Of Revenue": 129122000.0,
        "Total Revenue": 228059000.0,
        "Operating Revenue": 205308000.0
    },
    "2024-06-30": {
        "Tax Effect Of Unusual Items": 0.0,
        "Tax Rate For Calcs": 0.280243,
        "Normalized EBITDA": 84240000.0,
        "Total Unusual Items": NaN,
        "Total Unusual Items Excluding Goodwill": NaN,
        "Net Income From Continuing Operation Net Minority Interest": 22663000.0,
        "Reconciled Depreciation": 56043000.0,
        "Reconciled Cost Of Revenue": 150941000.0,
        "EBITDA": 84240000.0,
        "EBIT": 28197000.0,
        "Normalized Income": 22663000.0,
        "Net Income From Continuing And Discontinued Operation": 22663000.0,
        "Total Expenses": 242479000.0,
        "Total Operating Income As Reported": 28197000.0,
        "Diluted Average Shares": 33154000.0,
        "Basic Average Shares": 33121000.0,
        "Diluted EPS": 0.67,
        "Basic EPS": 0.67,
        "Diluted NI Availto Com Stockholders": 22149000.0,
        "Average Dilution Earnings": 0.0,
        "Net Income Common Stockholders": 22149000.0,
        "Otherunder Preferred Stock Dividend": 514000.0,
        "Net Income": 22663000.0,
        "Minority Interests": 2368000.0,
        "Net Income Including Noncontrolling Interests": 20295000.0,
        "Net Income Continuous Operations": 20295000.0,
        "Tax Provision": 7902000.0,
        "Pretax Income": 28197000.0,
        "Other Income Expense": NaN,
        "Special Income Charges": NaN,
        "Impairment Of Capital Assets": NaN,
        "Restructuring And Mergern Acquisition": NaN,
        "Operating Income": 28197000.0,
        "Operating Expense": 91538000.0,
        "Other Operating Expenses": 32559000.0,
        "Provision For Doubtful Accounts": 2936000.0,
        "Depreciation Amortization Depletion Income Statement": 56043000.0,
        "Depreciation And Amortization In Income Statement": 56043000.0,
        "Gross Profit": 119735000.0,
        "Cost Of Revenue": 150941000.0,
        "Total Revenue": 270676000.0,
        "Operating Revenue": 244644000.0
    },
    "2024-09-30": {
        "Tax Effect Of Unusual Items": 321313.211572,
        "Tax Rate For Calcs": 0.235222,
        "Normalized EBITDA": 92334000.0,
        "Total Unusual Items": 1366000.0,
        "Total Unusual Items Excluding Goodwill": 1366000.0,
        "Net Income From Continuing Operation Net Minority Interest": 28802000.0,
        "Reconciled Depreciation": 57561000.0,
        "Reconciled Cost Of Revenue": 163770000.0,
        "EBITDA": 93700000.0,
        "EBIT": 36139000.0,
        "Normalized Income": 27757313.211572,
        "Net Income From Continuing And Discontinued Operation": 28802000.0,
        "Total Expenses": 256165000.0,
        "Total Operating Income As Reported": 37505000.0,
        "Diluted Average Shares": 33203000.0,
        "Basic Average Shares": 33169000.0,
        "Diluted EPS": 0.85,
        "Basic EPS": 0.85,
        "Diluted NI Availto Com Stockholders": 28802000.0,
        "Average Dilution Earnings": NaN,
        "Net Income Common Stockholders": 28802000.0,
        "Otherunder Preferred Stock Dividend": NaN,
        "Net Income": 28802000.0,
        "Minority Interests": 119000.0,
        "Net Income Including Noncontrolling Interests": 28683000.0,
        "Net Income Continuous Operations": 28683000.0,
        "Tax Provision": 8822000.0,
        "Pretax Income": 37505000.0,
        "Other Income Expense": 1366000.0,
        "Special Income Charges": 1366000.0,
        "Impairment Of Capital Assets": 0.0,
        "Restructuring And Mergern Acquisition": -1366000.0,
        "Operating Income": 36139000.0,
        "Operating Expense": 92395000.0,
        "Other Operating Expenses": 31984000.0,
        "Provision For Doubtful Accounts": 2850000.0,
        "Depreciation Amortization Depletion Income Statement": 57561000.0,
        "Depreciation And Amortization In Income Statement": 57561000.0,
        "Gross Profit": 128534000.0,
        "Cost Of Revenue": 163770000.0,
        "Total Revenue": 292304000.0,
        "Operating Revenue": 271670000.0
    },
    "2024-12-31": {
        "Tax Effect Of Unusual Items": 3353549.980814,
        "Tax Rate For Calcs": 0.210188,
        "Normalized EBITDA": 88264000.0,
        "Total Unusual Items": 15955000.0,
        "Total Unusual Items Excluding Goodwill": 15955000.0,
        "Net Income From Continuing Operation Net Minority Interest": 44836000.0,
        "Reconciled Depreciation": 68054000.0,
        "Reconciled Cost Of Revenue": 185099000.0,
        "EBITDA": 104219000.0,
        "EBIT": 36165000.0,
        "Normalized Income": 32234549.980814,
        "Net Income From Continuing And Discontinued Operation": 44836000.0,
        "Total Expenses": 305286000.0,
        "Total Operating Income As Reported": 52120000.0,
        "Diluted Average Shares": 33223000.0,
        "Basic Average Shares": 33192000.0,
        "Diluted EPS": 1.32,
        "Basic EPS": 1.32,
        "Diluted NI Availto Com Stockholders": 42396000.0,
        "Average Dilution Earnings": NaN,
        "Net Income Common Stockholders": 42395000.0,
        "Otherunder Preferred Stock Dividend": NaN,
        "Net Income": 44836000.0,
        "Minority Interests": 3671000.0,
        "Net Income Including Noncontrolling Interests": 41165000.0,
        "Net Income Continuous Operations": 41165000.0,
        "Tax Provision": 10955000.0,
        "Pretax Income": 52120000.0,
        "Other Income Expense": 15955000.0,
        "Special Income Charges": 15955000.0,
        "Impairment Of Capital Assets": 33000000.0,
        "Restructuring And Mergern Acquisition": -48955000.0,
        "Operating Income": 36165000.0,
        "Operating Expense": 120187000.0,
        "Other Operating Expenses": -59823000.0,
        "Provision For Doubtful Accounts": 4529000.0,
        "Depreciation Amortization Depletion Income Statement": 68054000.0,
        "Depreciation And Amortization In Income Statement": 68054000.0,
        "Gross Profit": 156352000.0,
        "Cost Of Revenue": 185099000.0,
        "Total Revenue": 341451000.0,
        "Operating Revenue": 292664000.0
    },
    "2025-03-31": {
        "Tax Effect Of Unusual Items": 0.0,
        "Tax Rate For Calcs": 0.4,
        "Normalized EBITDA": 62865000.0,
        "Total Unusual Items": NaN,
        "Total Unusual Items Excluding Goodwill": NaN,
        "Net Income From Continuing Operation Net Minority Interest": 2754000.0,
        "Reconciled Depreciation": 57621000.0,
        "Reconciled Cost Of Revenue": 136904000.0,
        "EBITDA": 62865000.0,
        "EBIT": 5244000.0,
        "Normalized Income": 2754000.0,
        "Net Income From Continuing And Discontinued Operation": 2754000.0,
        "Total Expenses": 232123000.0,
        "Total Operating Income As Reported": 5244000.0,
        "Diluted Average Shares": 33296000.0,
        "Basic Average Shares": 33264000.0,
        "Diluted EPS": 0.08,
        "Basic EPS": 0.08,
        "Diluted NI Availto Com Stockholders": 2659000.0,
        "Average Dilution Earnings": 0.0,
        "Net Income Common Stockholders": 2659000.0,
        "Otherunder Preferred Stock Dividend": 95000.0,
        "Net Income": 2754000.0,
        "Minority Interests": 29000.0,
        "Net Income Including Noncontrolling Interests": 2725000.0,
        "Net Income Continuous Operations": 2725000.0,
        "Tax Provision": 2519000.0,
        "Pretax Income": 5244000.0,
        "Other Income Expense": NaN,
        "Special Income Charges": NaN,
        "Impairment Of Capital Assets": NaN,
        "Restructuring And Mergern Acquisition": NaN,
        "Operating Income": 5244000.0,
        "Operating Expense": 95219000.0,
        "Other Operating Expenses": 33886000.0,
        "Provision For Doubtful Accounts": 3712000.0,
        "Depreciation Amortization Depletion Income Statement": 57621000.0,
        "Depreciation And Amortization In Income Statement": 57621000.0,
        "Gross Profit": 100463000.0,
        "Cost Of Revenue": 136904000.0,
        "Total Revenue": 237367000.0,
        "Operating Revenue": 212041000.0
    }
}