{
    "2023-03-31": {
        "Tax Effect Of Unusual Items": 0.0,
        "Tax Rate For Calcs": 0.21,
        "Normalized EBITDA": -3384000.0,
        "Net Income From Continuing Operation Net Minority Interest": -7859000.0,
        "Reconciled Depreciation": 3983000.0,
        "Reconciled Cost Of Revenue": 13031000.0,
        "EBITDA": -3384000.0,
        "EBIT": -7367000.0,
        "Net Interest Income": -36000.0,
        "Interest Expense": 472000.0,
        "Interest Income": 436000.0,
        "Normalized Income": -7859000.0,
        "Net Income From Continuing And Discontinued Operation": -7859000.0,
        "Total Expenses": 48083000.0,
        "Total Operating Income As Reported": -8518000.0,
        "Diluted Average Shares": 65954521.0,
        "Basic Average Shares": 65954521.0,
        "Diluted EPS": -0.12,
        "Basic EPS": -0.12,
        "Diluted NI Availto Com Stockholders": -7859000.0,
        "Net Income Common Stockholders": -7859000.0,
        "Net Income": -7859000.0,
        "Net Income Including Noncontrolling Interests": -7859000.0,
        "Net Income Continuous Operations": -7859000.0,
        "Tax Provision": 20000.0,
        "Pretax Income": -7839000.0,
        "Other Income Expense": 715000.0,
        "Other Non Operating Income Expenses": 715000.0,
        "Net Non Operating Interest Income Expense": -36000.0,
        "Interest Expense Non Operating": 472000.0,
        "Interest Income Non Operating": 436000.0,
        "Operating Income": -8518000.0,
        "Operating Expense": 35052000.0,
        "Research And Development": 7694000.0,
        "Selling General And Administration": 27358000.0,
        "Selling And Marketing Expense": 17218000.0,
        "General And Administrative Expense": 10140000.0,
        "Other Gand A": 10140000.0,
        "Gross Profit": 26534000.0,
        "Cost Of Revenue": 13031000.0,
        "Total Revenue": 39565000.0,
        "Operating Revenue": 39565000.0
    },
    "2022-12-31": {
        "Tax Effect Of Unusual Items": 0.0,
        "Tax Rate For Calcs": 0.21,
        "Normalized EBITDA": -4750000.0,
        "Net Income From Continuing Operation Net Minority Interest": -9267000.0,
        "Reconciled Depreciation": 4059000.0,
        "Reconciled Cost Of Revenue": 12751000.0,
        "EBITDA": -4750000.0,
        "EBIT": -8809000.0,
        "Net Interest Income": -436000.0,
        "Interest Expense": 436000.0,
        "Interest Income": NaN,
        "Normalized Income": -9267000.0,
        "Net Income From Continuing And Discontinued Operation": -9267000.0,
        "Total Expenses": 47431000.0,
        "Total Operating Income As Reported": -9746000.0,
        "Diluted Average Shares": 65629940.0,
        "Basic Average Shares": 65629940.0,
        "Diluted EPS": -0.14,
        "Basic EPS": -0.14,
        "Diluted NI Availto Com Stockholders": -9267000.0,
        "Net Income Common Stockholders": -9267000.0,
        "Net Income": -9267000.0,
        "Net Income Including Noncontrolling Interests": -9267000.0,
        "Net Income Continuous Operations": -9267000.0,
        "Tax Provision": 22000.0,
        "Pretax Income": -9245000.0,
        "Other Income Expense": 937000.0,
        "Other Non Operating Income Expenses": 937000.0,
        "Net Non Operating Interest Income Expense": -436000.0,
        "Interest Expense Non Operating": 436000.0,
        "Interest Income Non Operating": NaN,
        "Operating Income": -9746000.0,
        "Operating Expense": 34680000.0,
        "Research And Development": 8185000.0,
        "Selling General And Administration": 26495000.0,
        "Selling And Marketing Expense": 16119000.0,
        "General And Administrative Expense": 10376000.0,
        "Other Gand A": 10376000.0,
        "Gross Profit": 24934000.0,
        "Cost Of Revenue": 12751000.0,
        "Total Revenue": 37685000.0,
        "Operating Revenue": 37685000.0
    },
    "2022-09-30": {
        "Tax Effect Of Unusual Items": 0.0,
        "Tax Rate For Calcs": 0.21,
        "Normalized EBITDA": -7336000.0,
        "Net Income From Continuing Operation Net Minority Interest": -11818000.0,
        "Reconciled Depreciation": 4071000.0,
        "Reconciled Cost Of Revenue": 13023000.0,
        "EBITDA": -7336000.0,
        "EBIT": -11407000.0,
        "Net Interest Income": -380000.0,
        "Interest Expense": 380000.0,
        "Interest Income": NaN,
        "Normalized Income": -11818000.0,
        "Net Income From Continuing And Discontinued Operation": -11818000.0,
        "Total Expenses": 48088000.0,
        "Total Operating Income As Reported": -11858000.0,
        "Diluted Average Shares": 65143929.0,
        "Basic Average Shares": 65143929.0,
        "Diluted EPS": -0.18,
        "Basic EPS": -0.18,
        "Diluted NI Availto Com Stockholders": -11818000.0,
        "Net Income Common Stockholders": -11818000.0,
        "Net Income": -11818000.0,
        "Net Income Including Noncontrolling Interests": -11818000.0,
        "Net Income Continuous Operations": -11818000.0,
        "Tax Provision": 31000.0,
        "Pretax Income": -11787000.0,
        "Other Income Expense": 451000.0,
        "Other Non Operating Income Expenses": 451000.0,
        "Net Non Operating Interest Income Expense": -380000.0,
        "Interest Expense Non Operating": 380000.0,
        "Interest Income Non Operating": NaN,
        "Operating Income": -11858000.0,
        "Operating Expense": 35065000.0,
        "Research And Development": 7897000.0,
        "Selling General And Administration": 27168000.0,
        "Selling And Marketing Expense": 16292000.0,
        "General And Administrative Expense": 10876000.0,
        "Other Gand A": 10876000.0,
        "Gross Profit": 23207000.0,
        "Cost Of Revenue": 13023000.0,
        "Total Revenue": 36230000.0,
        "Operating Revenue": 36230000.0
    },
    "2022-06-30": {
        "Tax Effect Of Unusual Items": 0.0,
        "Tax Rate For Calcs": 0.4,
        "Normalized EBITDA": -10157000.0,
        "Net Income From Continuing Operation Net Minority Interest": -14815000.0,
        "Reconciled Depreciation": 4307000.0,
        "Reconciled Cost Of Revenue": 13749000.0,
        "EBITDA": -10157000.0,
        "EBIT": -14464000.0,
        "Net Interest Income": -332000.0,
        "Interest Expense": 332000.0,
        "Interest Income": NaN,
        "Normalized Income": -14815000.0,
        "Net Income From Continuing And Discontinued Operation": -14815000.0,
        "Total Expenses": 49521000.0,
        "Total Operating Income As Reported": -14591000.0,
        "Diluted Average Shares": 64963045.0,
        "Basic Average Shares": 64963045.0,
        "Diluted EPS": -0.23,
        "Basic EPS": -0.23,
        "Diluted NI Availto Com Stockholders": -14815000.0,
        "Net Income Common Stockholders": -14815000.0,
        "Net Income": -14815000.0,
        "Net Income Including Noncontrolling Interests": -14815000.0,
        "Net Income Continuous Operations": -14815000.0,
        "Tax Provision": 19000.0,
        "Pretax Income": -14796000.0,
        "Other Income Expense": 127000.0,
        "Other Non Operating Income Expenses": 127000.0,
        "Net Non Operating Interest Income Expense": -332000.0,
        "Interest Expense Non Operating": 332000.0,
        "Interest Income Non Operating": NaN,
        "Operating Income": -14591000.0,
        "Operating Expense": 35772000.0,
        "Research And Development": 7428000.0,
        "Selling General And Administration": 28344000.0,
        "Selling And Marketing Expense": 16747000.0,
        "General And Administrative Expense": 11597000.0,
        "Other Gand A": 11597000.0,
        "Gross Profit": 21181000.0,
        "Cost Of Revenue": 13749000.0,
        "Total Revenue": 34930000.0,
        "Operating Revenue": 34930000.0
    },
    "2022-03-31": {
        "Diluted EPS": -0.21,
        "Total Revenue": 33,
        "Gross Profit": 20,
        "Operating Income": -14,
        "EBIT": -7,
        "Net Income": -14
    },
    "2021-12-31": {
        "Diluted EPS": 0.34,
        "Total Revenue": 32,
        "Gross Profit": 18,
        "Operating Income": -14,
        "EBIT": -8,
        "Net Income": -14
    },
    "2021-09-30": {
        "Diluted EPS": -1.03,
        "Total Revenue": 30,
        "Gross Profit": 17,
        "Operating Income": -14,
        "EBIT": -8,
        "Net Income": -15
    },
    "2021-06-30": {
        "Diluted EPS": -1.12,
        "Total Revenue": 28,
        "Gross Profit": 16,
        "Operating Income": -14,
        "EBIT": -9,
        "Net Income": -15
    },
    "2021-03-31": {
        "Diluted EPS": -0.79,
        "Total Revenue": 26,
        "Gross Profit": 15,
        "Operating Income": -9,
        "EBIT": -4,
        "Net Income": -10
    },
    "2020-12-31": {
        "Diluted EPS": 0.0,
        "Total Revenue": NaN,
        "Gross Profit": NaN,
        "Operating Income": NaN,
        "EBIT": NaN,
        "Net Income": NaN
    },
    "2020-09-30": {
        "Diluted EPS": -0.95,
        "Total Revenue": 21,
        "Gross Profit": 12,
        "Operating Income": -10,
        "EBIT": -10,
        "Net Income": -11
    },
    "2019-12-31": {
        "Diluted EPS": 0.0,
        "Total Revenue": NaN,
        "Gross Profit": NaN,
        "Operating Income": NaN,
        "EBIT": NaN,
        "Net Income": NaN
    },
    "2023-06-30": {
        "Tax Effect Of Unusual Items": 0.0,
        "Tax Rate For Calcs": 0.21,
        "Normalized EBITDA": -4518000.0,
        "Net Income From Continuing Operation Net Minority Interest": -8988000.0,
        "Reconciled Depreciation": 3920000.0,
        "Reconciled Cost Of Revenue": 13626000.0,
        "EBITDA": -4518000.0,
        "EBIT": -8438000.0,
        "Net Interest Income": 26000.0,
        "Interest Expense": 501000.0,
        "Interest Income": 527000.0,
        "Normalized Income": -8988000.0,
        "Net Income From Continuing And Discontinued Operation": -8988000.0,
        "Total Expenses": 51500000.0,
        "Total Operating Income As Reported": -9833000.0,
        "Diluted Average Shares": 66849788.0,
        "Basic Average Shares": 66849788.0,
        "Diluted EPS": -0.13,
        "Basic EPS": -0.13,
        "Diluted NI Availto Com Stockholders": -8988000.0,
        "Net Income Common Stockholders": -8988000.0,
        "Net Income": -8988000.0,
        "Net Income Including Noncontrolling Interests": -8988000.0,
        "Net Income Continuous Operations": -8988000.0,
        "Tax Provision": 49000.0,
        "Pretax Income": -8939000.0,
        "Other Income Expense": 868000.0,
        "Other Non Operating Income Expenses": 868000.0,
        "Net Non Operating Interest Income Expense": 26000.0,
        "Interest Expense Non Operating": 501000.0,
        "Interest Income Non Operating": 527000.0,
        "Operating Income": -9833000.0,
        "Operating Expense": 37874000.0,
        "Research And Development": 8585000.0,
        "Selling General And Administration": 29289000.0,
        "Selling And Marketing Expense": 17455000.0,
        "General And Administrative Expense": 11834000.0,
        "Other Gand A": 11834000.0,
        "Gross Profit": 28041000.0,
        "Cost Of Revenue": 13626000.0,
        "Total Revenue": 41667000.0,
        "Operating Revenue": 41667000.0
    },
    "2023-09-30": {
        "Tax Effect Of Unusual Items": NaN,
        "Tax Rate For Calcs": NaN,
        "Normalized EBITDA": NaN,
        "Net Income From Continuing Operation Net Minority Interest": NaN,
        "Reconciled Depreciation": NaN,
        "Reconciled Cost Of Revenue": NaN,
        "EBITDA": NaN,
        "EBIT": NaN,
        "Net Interest Income": NaN,
        "Interest Expense": NaN,
        "Interest Income": NaN,
        "Normalized Income": NaN,
        "Net Income From Continuing And Discontinued Operation": NaN,
        "Total Expenses": NaN,
        "Total Operating Income As Reported": NaN,
        "Diluted Average Shares": 68213250.0,
        "Basic Average Shares": 68213250.0,
        "Diluted EPS": -0.1,
        "Basic EPS": -0.1,
        "Diluted NI Availto Com Stockholders": NaN,
        "Net Income Common Stockholders": NaN,
        "Net Income": NaN,
        "Net Income Including Noncontrolling Interests": NaN,
        "Net Income Continuous Operations": NaN,
        "Tax Provision": NaN,
        "Pretax Income": NaN,
        "Other Income Expense": NaN,
        "Other Non Operating Income Expenses": NaN,
        "Net Non Operating Interest Income Expense": NaN,
        "Interest Expense Non Operating": NaN,
        "Interest Income Non Operating": NaN,
        "Operating Income": NaN,
        "Operating Expense": NaN,
        "Research And Development": NaN,
        "Selling General And Administration": NaN,
        "Selling And Marketing Expense": NaN,
        "General And Administrative Expense": NaN,
        "Other Gand A": NaN,
        "Gross Profit": NaN,
        "Cost Of Revenue": NaN,
        "Total Revenue": NaN,
        "Operating Revenue": NaN
    },
    "2023-12-31": {
        "Tax Effect Of Unusual Items": 0.0,
        "Tax Rate For Calcs": 0.21,
        "Normalized EBITDA": -2483000.0,
        "Net Income From Continuing Operation Net Minority Interest": -7039000.0,
        "Reconciled Depreciation": 4006000.0,
        "Reconciled Cost Of Revenue": 14111000.0,
        "EBITDA": -2483000.0,
        "EBIT": -6489000.0,
        "Net Interest Income": 201000.0,
        "Interest Expense": 438000.0,
        "Interest Income": 639000.0,
        "Normalized Income": -7039000.0,
        "Net Income From Continuing And Discontinued Operation": -7039000.0,
        "Total Expenses": 53685000.0,
        "Total Operating Income As Reported": -7993000.0,
        "Diluted Average Shares": 69715329.0,
        "Basic Average Shares": 69715329.0,
        "Diluted EPS": -0.1,
        "Basic EPS": -0.1,
        "Diluted NI Availto Com Stockholders": -7039000.0,
        "Net Income Common Stockholders": -7039000.0,
        "Net Income": -7039000.0,
        "Net Income Including Noncontrolling Interests": -7039000.0,
        "Net Income Continuous Operations": -7039000.0,
        "Tax Provision": 112000.0,
        "Pretax Income": -6927000.0,
        "Other Income Expense": 865000.0,
        "Other Non Operating Income Expenses": 865000.0,
        "Net Non Operating Interest Income Expense": 201000.0,
        "Interest Expense Non Operating": 438000.0,
        "Interest Income Non Operating": 639000.0,
        "Operating Income": -7993000.0,
        "Operating Expense": 39574000.0,
        "Research And Development": 9133000.0,
        "Selling General And Administration": 30441000.0,
        "Selling And Marketing Expense": 18291000.0,
        "General And Administrative Expense": 12150000.0,
        "Other Gand A": 12150000.0,
        "Gross Profit": 31581000.0,
        "Cost Of Revenue": 14111000.0,
        "Total Revenue": 45692000.0,
        "Operating Revenue": 45692000.0
    },
    "2024-03-31": {
        "Tax Effect Of Unusual Items": 0.0,
        "Tax Rate For Calcs": 0.21,
        "Normalized EBITDA": -2853000.0,
        "Net Income From Continuing Operation Net Minority Interest": -7203000.0,
        "Reconciled Depreciation": 4017000.0,
        "Reconciled Cost Of Revenue": 14186000.0,
        "EBITDA": -2853000.0,
        "EBIT": -6870000.0,
        "Net Interest Income": 101000.0,
        "Interest Expense": 319000.0,
        "Interest Income": 420000.0,
        "Normalized Income": -7203000.0,
        "Net Income From Continuing And Discontinued Operation": -7203000.0,
        "Total Expenses": 55328000.0,
        "Total Operating Income As Reported": -8155000.0,
        "Diluted Average Shares": 70452944.0,
        "Basic Average Shares": 70452944.0,
        "Diluted EPS": -0.1,
        "Basic EPS": -0.1,
        "Diluted NI Availto Com Stockholders": -7203000.0,
        "Net Income Common Stockholders": -7203000.0,
        "Net Income": -7203000.0,
        "Net Income Including Noncontrolling Interests": -7203000.0,
        "Net Income Continuous Operations": -7203000.0,
        "Tax Provision": 14000.0,
        "Pretax Income": -7189000.0,
        "Other Income Expense": 865000.0,
        "Other Non Operating Income Expenses": 865000.0,
        "Net Non Operating Interest Income Expense": 101000.0,
        "Interest Expense Non Operating": 319000.0,
        "Interest Income Non Operating": 420000.0,
        "Operating Income": -8155000.0,
        "Operating Expense": 41142000.0,
        "Research And Development": 9645000.0,
        "Selling General And Administration": 31497000.0,
        "Selling And Marketing Expense": 19630000.0,
        "General And Administrative Expense": 11867000.0,
        "Other Gand A": 11867000.0,
        "Gross Profit": 32987000.0,
        "Cost Of Revenue": 14186000.0,
        "Total Revenue": 47173000.0,
        "Operating Revenue": 47173000.0
    },
    "2024-06-30": {
        "Tax Effect Of Unusual Items": 0.0,
        "Tax Rate For Calcs": 0.21,
        "Normalized EBITDA": -4203000.0,
        "Net Income From Continuing Operation Net Minority Interest": -8553000.0,
        "Reconciled Depreciation": 3899000.0,
        "Reconciled Cost Of Revenue": 14462000.0,
        "EBITDA": -4203000.0,
        "EBIT": -8102000.0,
        "Net Interest Income": 33000.0,
        "Interest Expense": 399000.0,
        "Interest Income": 432000.0,
        "Normalized Income": -8553000.0,
        "Net Income From Continuing And Discontinued Operation": -8553000.0,
        "Total Expenses": 59841000.0,
        "Total Operating Income As Reported": -9255000.0,
        "Diluted Average Shares": 71291801.0,
        "Basic Average Shares": 71291801.0,
        "Diluted EPS": -0.12,
        "Basic EPS": -0.12,
        "Diluted NI Availto Com Stockholders": -8553000.0,
        "Net Income Common Stockholders": -8553000.0,
        "Net Income": -8553000.0,
        "Net Income Including Noncontrolling Interests": -8553000.0,
        "Net Income Continuous Operations": -8553000.0,
        "Tax Provision": 52000.0,
        "Pretax Income": -8501000.0,
        "Other Income Expense": 721000.0,
        "Other Non Operating Income Expenses": 721000.0,
        "Net Non Operating Interest Income Expense": 33000.0,
        "Interest Expense Non Operating": 399000.0,
        "Interest Income Non Operating": 432000.0,
        "Operating Income": -9255000.0,
        "Operating Expense": 45379000.0,
        "Research And Development": 9958000.0,
        "Selling General And Administration": 35421000.0,
        "Selling And Marketing Expense": 21889000.0,
        "General And Administrative Expense": 13532000.0,
        "Other Gand A": 13532000.0,
        "Gross Profit": 36124000.0,
        "Cost Of Revenue": 14462000.0,
        "Total Revenue": 50586000.0,
        "Operating Revenue": 50586000.0
    },
    "2024-09-30": {
        "Tax Effect Of Unusual Items": 0.0,
        "Tax Rate For Calcs": 0.21,
        "Normalized EBITDA": -1716000.0,
        "Net Income From Continuing Operation Net Minority Interest": -5879000.0,
        "Reconciled Depreciation": 3702000.0,
        "Reconciled Cost Of Revenue": 14659000.0,
        "EBITDA": -1716000.0,
        "EBIT": -5418000.0,
        "Net Interest Income": 115000.0,
        "Interest Expense": 405000.0,
        "Interest Income": 520000.0,
        "Normalized Income": -5879000.0,
        "Net Income From Continuing And Discontinued Operation": -5879000.0,
        "Total Expenses": 59016000.0,
        "Total Operating Income As Reported": -6630000.0,
        "Diluted Average Shares": 72007727.0,
        "Basic Average Shares": 72007727.0,
        "Diluted EPS": -0.08,
        "Basic EPS": -0.08,
        "Diluted NI Availto Com Stockholders": -5879000.0,
        "Net Income Common Stockholders": -5879000.0,
        "Net Income": -5879000.0,
        "Net Income Including Noncontrolling Interests": -5879000.0,
        "Net Income Continuous Operations": -5879000.0,
        "Tax Provision": 56000.0,
        "Pretax Income": -5823000.0,
        "Other Income Expense": 692000.0,
        "Other Non Operating Income Expenses": 692000.0,
        "Net Non Operating Interest Income Expense": 115000.0,
        "Interest Expense Non Operating": 405000.0,
        "Interest Income Non Operating": 520000.0,
        "Operating Income": -6630000.0,
        "Operating Expense": 44357000.0,
        "Research And Development": 9868000.0,
        "Selling General And Administration": 34489000.0,
        "Selling And Marketing Expense": 21159000.0,
        "General And Administrative Expense": 13330000.0,
        "Other Gand A": 13330000.0,
        "Gross Profit": 37727000.0,
        "Cost Of Revenue": 14659000.0,
        "Total Revenue": 52386000.0,
        "Operating Revenue": 52386000.0
    },
    "2024-12-31": {
        "Tax Effect Of Unusual Items": 0.0,
        "Tax Rate For Calcs": 0.21,
        "Normalized EBITDA": -2394000.0,
        "Net Income From Continuing Operation Net Minority Interest": -6711000.0,
        "Reconciled Depreciation": 3850000.0,
        "Reconciled Cost Of Revenue": 15125000.0,
        "EBITDA": -2394000.0,
        "EBIT": -6244000.0,
        "Net Interest Income": 79000.0,
        "Interest Expense": 400000.0,
        "Interest Income": 479000.0,
        "Normalized Income": -6711000.0,
        "Net Income From Continuing And Discontinued Operation": -6711000.0,
        "Total Expenses": 61542000.0,
        "Total Operating Income As Reported": -7373000.0,
        "Diluted Average Shares": 72858040.0,
        "Basic Average Shares": 72858040.0,
        "Diluted EPS": -0.09,
        "Basic EPS": -0.09,
        "Diluted NI Availto Com Stockholders": -6711000.0,
        "Net Income Common Stockholders": -6711000.0,
        "Net Income": -6711000.0,
        "Net Income Including Noncontrolling Interests": -6711000.0,
        "Net Income Continuous Operations": -6711000.0,
        "Tax Provision": 67000.0,
        "Pretax Income": -6644000.0,
        "Other Income Expense": 650000.0,
        "Other Non Operating Income Expenses": 650000.0,
        "Net Non Operating Interest Income Expense": 79000.0,
        "Interest Expense Non Operating": 400000.0,
        "Interest Income Non Operating": 479000.0,
        "Operating Income": -7373000.0,
        "Operating Expense": 46417000.0,
        "Research And Development": 10760000.0,
        "Selling General And Administration": 35657000.0,
        "Selling And Marketing Expense": 21934000.0,
        "General And Administrative Expense": 13723000.0,
        "Other Gand A": 13723000.0,
        "Gross Profit": 39044000.0,
        "Cost Of Revenue": 15125000.0,
        "Total Revenue": 54169000.0,
        "Operating Revenue": 54169000.0
    },
    "2025-03-31": {
        "Tax Effect Of Unusual Items": 0.0,
        "Tax Rate For Calcs": 0.21,
        "Normalized EBITDA": -4572000.0,
        "Net Income From Continuing Operation Net Minority Interest": -8825000.0,
        "Reconciled Depreciation": 3785000.0,
        "Reconciled Cost Of Revenue": 15864000.0,
        "EBITDA": -4572000.0,
        "EBIT": -8357000.0,
        "Net Interest Income": 66000.0,
        "Interest Expense": 397000.0,
        "Interest Income": 463000.0,
        "Normalized Income": -8825000.0,
        "Net Income From Continuing And Discontinued Operation": -8825000.0,
        "Total Expenses": 65129000.0,
        "Total Operating Income As Reported": -9320000.0,
        "Diluted Average Shares": 73806981.0,
        "Basic Average Shares": 73806981.0,
        "Diluted EPS": -0.12,
        "Basic EPS": -0.12,
        "Diluted NI Availto Com Stockholders": -8825000.0,
        "Net Income Common Stockholders": -8825000.0,
        "Net Income": -8825000.0,
        "Net Income Including Noncontrolling Interests": -8825000.0,
        "Net Income Continuous Operations": -8825000.0,
        "Tax Provision": 71000.0,
        "Pretax Income": -8754000.0,
        "Other Income Expense": 500000.0,
        "Other Non Operating Income Expenses": 500000.0,
        "Net Non Operating Interest Income Expense": 66000.0,
        "Interest Expense Non Operating": 397000.0,
        "Interest Income Non Operating": 463000.0,
        "Operating Income": -9320000.0,
        "Operating Expense": 49265000.0,
        "Research And Development": 11153000.0,
        "Selling General And Administration": 38112000.0,
        "Selling And Marketing Expense": 23526000.0,
        "General And Administrative Expense": 14586000.0,
        "Other Gand A": 14586000.0,
        "Gross Profit": 39945000.0,
        "Cost Of Revenue": 15864000.0,
        "Total Revenue": 55809000.0,
        "Operating Revenue": 55809000.0
    },
    "2025-06-30": {
        "Tax Effect Of Unusual Items": 0.0,
        "Tax Rate For Calcs": 0.113,
        "Normalized EBITDA": -5260000.0,
        "Net Income From Continuing Operation Net Minority Interest": -8711000.0,
        "Reconciled Depreciation": 4020000.0,
        "Reconciled Cost Of Revenue": 16519000.0,
        "EBITDA": -5260000.0,
        "EBIT": -9280000.0,
        "Net Interest Income": -102000.0,
        "Interest Expense": 537000.0,
        "Interest Income": 435000.0,
        "Normalized Income": -8711000.0,
        "Net Income From Continuing And Discontinued Operation": -8711000.0,
        "Total Expenses": 68656000.0,
        "Total Operating Income As Reported": -10186000.0,
        "Diluted Average Shares": 75842852.0,
        "Basic Average Shares": 75842852.0,
        "Diluted EPS": -0.11,
        "Basic EPS": -0.11,
        "Diluted NI Availto Com Stockholders": -8711000.0,
        "Net Income Common Stockholders": -8711000.0,
        "Net Income": -8711000.0,
        "Net Income Including Noncontrolling Interests": -8711000.0,
        "Net Income Continuous Operations": -8711000.0,
        "Tax Provision": -1106000.0,
        "Pretax Income": -9817000.0,
        "Other Income Expense": 471000.0,
        "Other Non Operating Income Expenses": 471000.0,
        "Net Non Operating Interest Income Expense": -102000.0,
        "Interest Expense Non Operating": 537000.0,
        "Interest Income Non Operating": 435000.0,
        "Operating Income": -10186000.0,
        "Operating Expense": 52137000.0,
        "Research And Development": 11988000.0,
        "Selling General And Administration": 40149000.0,
        "Selling And Marketing Expense": 25245000.0,
        "General And Administrative Expense": 14904000.0,
        "Other Gand A": 14904000.0,
        "Gross Profit": 41951000.0,
        "Cost Of Revenue": 16519000.0,
        "Total Revenue": 58470000.0,
        "Operating Revenue": 58470000.0
    },
    "2025-09-30": {
        "Tax Effect Of Unusual Items": 0.0,
        "Tax Rate For Calcs": 0.21,
        "Normalized EBITDA": -3946000.0,
        "Net Income From Continuing Operation Net Minority Interest": -8668000.0,
        "Reconciled Depreciation": 4274000.0,
        "Reconciled Cost Of Revenue": 17000000.0,
        "EBITDA": -3946000.0,
        "EBIT": -8220000.0,
        "Net Interest Income": 81000.0,
        "Interest Expense": 366000.0,
        "Interest Income": 447000.0,
        "Normalized Income": -8668000.0,
        "Net Income From Continuing And Discontinued Operation": -8668000.0,
        "Total Expenses": 70286000.0,
        "Total Operating Income As Reported": -8944000.0,
        "Diluted Average Shares": 77338906.0,
        "Basic Average Shares": 77338906.0,
        "Diluted EPS": -0.11,
        "Basic EPS": -0.11,
        "Diluted NI Availto Com Stockholders": -8668000.0,
        "Net Income Common Stockholders": -8668000.0,
        "Net Income": -8668000.0,
        "Net Income Including Noncontrolling Interests": -8668000.0,
        "Net Income Continuous Operations": -8668000.0,
        "Tax Provision": 82000.0,
        "Pretax Income": -8586000.0,
        "Other Income Expense": 277000.0,
        "Other Non Operating Income Expenses": 277000.0,
        "Net Non Operating Interest Income Expense": 81000.0,
        "Interest Expense Non Operating": 366000.0,
        "Interest Income Non Operating": 447000.0,
        "Operating Income": -8944000.0,
        "Operating Expense": 53286000.0,
        "Research And Development": 13121000.0,
        "Selling General And Administration": 40165000.0,
        "Selling And Marketing Expense": 26404000.0,
        "General And Administrative Expense": 13761000.0,
        "Other Gand A": 13761000.0,
        "Gross Profit": 44342000.0,
        "Cost Of Revenue": 17000000.0,
        "Total Revenue": 61342000.0,
        "Operating Revenue": 61342000.0
    }
}