{
    "2023-03-31": {
        "Tax Effect Of Unusual Items": -19683.0,
        "Tax Rate For Calcs": 0.243,
        "Normalized EBITDA": 129244000.0,
        "Total Unusual Items": -81000.0,
        "Total Unusual Items Excluding Goodwill": -81000.0,
        "Net Income From Continuing Operation Net Minority Interest": 35224000.0,
        "Reconciled Depreciation": 74313000.0,
        "Reconciled Cost Of Revenue": 722491000.0,
        "EBITDA": 129163000.0,
        "EBIT": 54850000.0,
        "Net Interest Income": -6364000.0,
        "Interest Expense": 7916000.0,
        "Interest Income": 1552000.0,
        "Normalized Income": 35285317.0,
        "Net Income From Continuing And Discontinued Operation": 35224000.0,
        "Total Expenses": 779328000.0,
        "Rent Expense Supplemental": 220224000.0,
        "Total Operating Income As Reported": 53386000.0,
        "Diluted Average Shares": 63695000.0,
        "Basic Average Shares": 63306000.0,
        "Diluted EPS": 0.55,
        "Basic EPS": 0.56,
        "Diluted NI Availto Com Stockholders": 35224000.0,
        "Net Income Common Stockholders": 35224000.0,
        "Net Income": 35224000.0,
        "Minority Interests": -310000.0,
        "Net Income Including Noncontrolling Interests": 35534000.0,
        "Net Income Continuous Operations": 35534000.0,
        "Tax Provision": 11400000.0,
        "Pretax Income": 46934000.0,
        "Other Income Expense": -88000.0,
        "Other Non Operating Income Expenses": -7000.0,
        "Earnings From Equity Interest": 0.0,
        "Gain On Sale Of Security": -81000.0,
        "Net Non Operating Interest Income Expense": -6364000.0,
        "Interest Expense Non Operating": 7916000.0,
        "Interest Income Non Operating": 1552000.0,
        "Operating Income": 53386000.0,
        "Operating Expense": 56837000.0,
        "Other Operating Expenses": -9806000.0,
        "Other Taxes": 25425000.0,
        "Selling General And Administration": 41218000.0,
        "General And Administrative Expense": 41218000.0,
        "Other Gand A": 4733000.0,
        "Insurance And Claims": 36485000.0,
        "Gross Profit": 110223000.0,
        "Cost Of Revenue": 722491000.0,
        "Total Revenue": 832714000.0,
        "Operating Revenue": 811738000.0
    },
    "2022-12-31": {
        "Tax Effect Of Unusual Items": -544638.909468,
        "Tax Rate For Calcs": 0.246666,
        "Normalized EBITDA": 162846000.0,
        "Total Unusual Items": -2208000.0,
        "Total Unusual Items Excluding Goodwill": -2208000.0,
        "Net Income From Continuing Operation Net Minority Interest": 60166000.0,
        "Reconciled Depreciation": 73826000.0,
        "Reconciled Cost Of Revenue": 718872000.0,
        "EBITDA": 160638000.0,
        "EBIT": 86812000.0,
        "Net Interest Income": -5073000.0,
        "Interest Expense": 5824000.0,
        "Interest Income": 751000.0,
        "Normalized Income": 61829361.090532,
        "Net Income From Continuing And Discontinued Operation": 60166000.0,
        "Total Expenses": 773110000.0,
        "Rent Expense Supplemental": 207662000.0,
        "Total Operating Income As Reported": 88381000.0,
        "Diluted Average Shares": 63695000.0,
        "Basic Average Shares": 63223003.0,
        "Diluted EPS": 0.94,
        "Basic EPS": 0.951647,
        "Diluted NI Availto Com Stockholders": 60166000.0,
        "Net Income Common Stockholders": 60166000.0,
        "Net Income": 60166000.0,
        "Minority Interests": -845000.0,
        "Net Income Including Noncontrolling Interests": 61011000.0,
        "Net Income Continuous Operations": 61011000.0,
        "Tax Provision": 19977000.0,
        "Pretax Income": 80988000.0,
        "Other Income Expense": -2320000.0,
        "Other Non Operating Income Expenses": -112000.0,
        "Earnings From Equity Interest": NaN,
        "Gain On Sale Of Security": -2208000.0,
        "Net Non Operating Interest Income Expense": -5073000.0,
        "Interest Expense Non Operating": 5824000.0,
        "Interest Income Non Operating": 751000.0,
        "Operating Income": 88381000.0,
        "Operating Expense": 54238000.0,
        "Other Operating Expenses": -19781000.0,
        "Other Taxes": 25289000.0,
        "Selling General And Administration": 48730000.0,
        "General And Administrative Expense": 48730000.0,
        "Other Gand A": 4429000.0,
        "Insurance And Claims": 44301000.0,
        "Gross Profit": 142619000.0,
        "Cost Of Revenue": 718872000.0,
        "Total Revenue": 861491000.0,
        "Operating Revenue": 917821000.0
    },
    "2022-09-30": {
        "Tax Effect Of Unusual Items": 27702.0,
        "Tax Rate For Calcs": 0.243,
        "Normalized EBITDA": 76576000.0,
        "Total Unusual Items": 114000.0,
        "Total Unusual Items Excluding Goodwill": 114000.0,
        "Net Income From Continuing Operation Net Minority Interest": 55051000.0,
        "Reconciled Depreciation": 70397000.0,
        "Reconciled Cost Of Revenue": 702283000.0,
        "EBITDA": 76690000.0,
        "EBIT": 76690000.0,
        "Net Interest Income": -2386000.0,
        "Interest Expense": 2778000.0,
        "Interest Income": 392000.0,
        "Normalized Income": 54964702.0,
        "Net Income From Continuing And Discontinued Operation": 55051000.0,
        "Total Expenses": 751345000.0,
        "Rent Expense Supplemental": 187449000.0,
        "Total Operating Income As Reported": 76261000.0,
        "Diluted Average Shares": 63782000.0,
        "Basic Average Shares": 63386000.0,
        "Diluted EPS": 0.86,
        "Basic EPS": 0.87,
        "Diluted NI Availto Com Stockholders": 55051000.0,
        "Net Income Common Stockholders": 55051000.0,
        "Net Income": 55051000.0,
        "Minority Interests": -874000.0,
        "Net Income Including Noncontrolling Interests": 55925000.0,
        "Net Income Continuous Operations": 55925000.0,
        "Tax Provision": 17987000.0,
        "Pretax Income": 73912000.0,
        "Other Income Expense": 37000.0,
        "Other Non Operating Income Expenses": -77000.0,
        "Gain On Sale Of Security": 114000.0,
        "Net Non Operating Interest Income Expense": -2386000.0,
        "Interest Expense Non Operating": 2778000.0,
        "Interest Income Non Operating": 392000.0,
        "Operating Income": 76261000.0,
        "Operating Expense": 49062000.0,
        "Other Operating Expenses": -14175000.0,
        "Other Taxes": 25016000.0,
        "Selling General And Administration": 38221000.0,
        "General And Administrative Expense": 38221000.0,
        "Other Gand A": 3720000.0,
        "Insurance And Claims": 34501000.0,
        "Gross Profit": 125323000.0,
        "Cost Of Revenue": 702283000.0,
        "Total Revenue": 827606000.0,
        "Operating Revenue": 827606000.0
    },
    "2022-06-30": {
        "Tax Effect Of Unusual Items": 5879180.0,
        "Tax Rate For Calcs": 0.244,
        "Normalized EBITDA": 75110000.0,
        "Total Unusual Items": 24095000.0,
        "Total Unusual Items Excluding Goodwill": 24095000.0,
        "Net Income From Continuing Operation Net Minority Interest": 72290000.0,
        "Reconciled Depreciation": 68471000.0,
        "Reconciled Cost Of Revenue": 707328000.0,
        "EBITDA": 99205000.0,
        "EBIT": 99205000.0,
        "Net Interest Income": -1474000.0,
        "Interest Expense": 1787000.0,
        "Interest Income": 313000.0,
        "Normalized Income": 54074180.0,
        "Net Income From Continuing And Discontinued Operation": 72290000.0,
        "Total Expenses": 761353000.0,
        "Rent Expense Supplemental": 197116000.0,
        "Total Operating Income As Reported": 74923000.0,
        "Diluted Average Shares": 64726000.0,
        "Basic Average Shares": 64394000.0,
        "Diluted EPS": 1.12,
        "Basic EPS": 1.12,
        "Diluted NI Availto Com Stockholders": 72290000.0,
        "Net Income Common Stockholders": 72290000.0,
        "Net Income": 72290000.0,
        "Minority Interests": -1319000.0,
        "Net Income Including Noncontrolling Interests": 73609000.0,
        "Net Income Continuous Operations": 73609000.0,
        "Tax Provision": 23809000.0,
        "Pretax Income": 97418000.0,
        "Other Income Expense": 23969000.0,
        "Other Non Operating Income Expenses": -126000.0,
        "Gain On Sale Of Security": 24095000.0,
        "Net Non Operating Interest Income Expense": -1474000.0,
        "Interest Expense Non Operating": 1787000.0,
        "Interest Income Non Operating": 313000.0,
        "Operating Income": 74923000.0,
        "Operating Expense": 54025000.0,
        "Other Operating Expenses": -14618000.0,
        "Other Taxes": 23791000.0,
        "Selling General And Administration": 44852000.0,
        "General And Administrative Expense": 44852000.0,
        "Other Gand A": 3781000.0,
        "Insurance And Claims": 41071000.0,
        "Gross Profit": 128948000.0,
        "Cost Of Revenue": 707328000.0,
        "Total Revenue": 836276000.0,
        "Operating Revenue": 836276000.0
    },
    "2023-06-30": {
        "Tax Effect Of Unusual Items": 19908.0,
        "Tax Rate For Calcs": 0.252,
        "Normalized EBITDA": 123065000.0,
        "Total Unusual Items": 79000.0,
        "Total Unusual Items Excluding Goodwill": 79000.0,
        "Net Income From Continuing Operation Net Minority Interest": 29881000.0,
        "Reconciled Depreciation": 74898000.0,
        "Reconciled Cost Of Revenue": 701061000.0,
        "EBITDA": 123144000.0,
        "EBIT": 48246000.0,
        "Net Interest Income": -6240000.0,
        "Interest Expense": 8139000.0,
        "Interest Income": 1899000.0,
        "Normalized Income": 29821908.0,
        "Net Income From Continuing And Discontinued Operation": 29881000.0,
        "Total Expenses": 763898000.0,
        "Rent Expense Supplemental": 217086000.0,
        "Total Operating Income As Reported": 47198000.0,
        "Diluted Average Shares": 63687000.0,
        "Basic Average Shares": 63384000.0,
        "Diluted EPS": 0.47,
        "Basic EPS": 0.47,
        "Diluted NI Availto Com Stockholders": 29881000.0,
        "Net Income Common Stockholders": 29881000.0,
        "Net Income": 29881000.0,
        "Minority Interests": -139000.0,
        "Net Income Including Noncontrolling Interests": 30020000.0,
        "Net Income Continuous Operations": 30020000.0,
        "Tax Provision": 10087000.0,
        "Pretax Income": 40107000.0,
        "Other Income Expense": -851000.0,
        "Other Non Operating Income Expenses": -86000.0,
        "Earnings From Equity Interest": -844000.0,
        "Gain On Sale Of Security": 79000.0,
        "Net Non Operating Interest Income Expense": -6240000.0,
        "Interest Expense Non Operating": 8139000.0,
        "Interest Income Non Operating": 1899000.0,
        "Operating Income": 47198000.0,
        "Operating Expense": 62837000.0,
        "Other Operating Expenses": -4046000.0,
        "Other Taxes": 25408000.0,
        "Selling General And Administration": 41475000.0,
        "General And Administrative Expense": 41475000.0,
        "Other Gand A": 4669000.0,
        "Insurance And Claims": 36806000.0,
        "Gross Profit": 110035000.0,
        "Cost Of Revenue": 701061000.0,
        "Total Revenue": 811096000.0,
        "Operating Revenue": 791219000.0
    },
    "2022-03-31": {
        "Diluted EPS": 0.82,
        "Total Revenue": 765,
        "Gross Profit": 434,
        "Operating Income": 84,
        "EBIT": 151,
        "Net Income": 54
    },
    "2021-12-31": {
        "Diluted EPS": 1.14,
        "Total Revenue": 765,
        "Gross Profit": 457,
        "Operating Income": 98,
        "EBIT": 170,
        "Net Income": 77
    },
    "2021-09-30": {
        "Diluted EPS": 0.94,
        "Total Revenue": 703,
        "Gross Profit": 420,
        "Operating Income": 71,
        "EBIT": 140,
        "Net Income": 64
    },
    "2021-06-30": {
        "Diluted EPS": 1.06,
        "Total Revenue": 650,
        "Gross Profit": 391,
        "Operating Income": 77,
        "EBIT": 141,
        "Net Income": 72
    },
    "2021-03-31": {
        "Diluted EPS": 0.68,
        "Total Revenue": 616,
        "Gross Profit": 373,
        "Operating Income": 62,
        "EBIT": 126,
        "Net Income": 46
    },
    "2020-12-31": {
        "Diluted EPS": 0.88,
        "Total Revenue": 620,
        "Gross Profit": 398,
        "Operating Income": 81,
        "EBIT": 145,
        "Net Income": 61
    },
    "2020-09-30": {
        "Diluted EPS": 0.67,
        "Total Revenue": 590,
        "Gross Profit": 376,
        "Operating Income": 62,
        "EBIT": 125,
        "Net Income": 46
    },
    "2020-06-30": {
        "Diluted EPS": 0.56,
        "Total Revenue": 569,
        "Gross Profit": 374,
        "Operating Income": 53,
        "EBIT": 120,
        "Net Income": 39
    },
    "2020-03-31": {
        "Diluted EPS": 0.33,
        "Total Revenue": 593,
        "Gross Profit": 372,
        "Operating Income": 31,
        "EBIT": 100,
        "Net Income": 23
    },
    "2019-12-31": {
        "Diluted EPS": 0.69,
        "Total Revenue": 622,
        "Gross Profit": 381,
        "Operating Income": 66,
        "EBIT": 130,
        "Net Income": 48
    },
    "2019-09-30": {
        "Diluted EPS": 0.56,
        "Total Revenue": 618,
        "Gross Profit": 377,
        "Operating Income": 53,
        "EBIT": 116,
        "Net Income": 39
    },
    "2019-06-30": {
        "Diluted EPS": 0.62,
        "Total Revenue": 628,
        "Gross Profit": 376,
        "Operating Income": 58,
        "EBIT": 120,
        "Net Income": 43
    },
    "2019-03-31": {
        "Diluted EPS": 0.51,
        "Total Revenue": 596,
        "Gross Profit": 361,
        "Operating Income": 48,
        "EBIT": 109,
        "Net Income": 36
    },
    "2018-12-31": {
        "Diluted EPS": 0.76,
        "Total Revenue": 646,
        "Gross Profit": 383,
        "Operating Income": 75,
        "EBIT": 135,
        "Net Income": 55
    },
    "2018-09-30": {
        "Diluted EPS": 0.66,
        "Total Revenue": 630,
        "Gross Profit": 368,
        "Operating Income": 63,
        "EBIT": 122,
        "Net Income": 48
    },
    "2018-06-30": {
        "Diluted EPS": 0.53,
        "Total Revenue": 619,
        "Gross Profit": 356,
        "Operating Income": 51,
        "EBIT": 107,
        "Net Income": 38
    },
    "2018-03-31": {
        "Diluted EPS": 0.38,
        "Total Revenue": 563,
        "Gross Profit": 322,
        "Operating Income": 35,
        "EBIT": 91,
        "Net Income": 28
    },
    "2017-12-31": {
        "Diluted EPS": 1.95,
        "Total Revenue": 567,
        "Gross Profit": 333,
        "Operating Income": 45,
        "EBIT": 100,
        "Net Income": 141
    },
    "2017-09-30": {
        "Diluted EPS": 0.31,
        "Total Revenue": 529,
        "Gross Profit": 310,
        "Operating Income": 36,
        "EBIT": 89,
        "Net Income": 23
    },
    "2017-06-30": {
        "Diluted EPS": 0.32,
        "Total Revenue": 520,
        "Gross Profit": 310,
        "Operating Income": 37,
        "EBIT": 91,
        "Net Income": 23
    },
    "2017-03-31": {
        "Diluted EPS": 0.22,
        "Total Revenue": 501,
        "Gross Profit": 291,
        "Operating Income": 26,
        "EBIT": 81,
        "Net Income": 16
    },
    "2016-12-31": {
        "Diluted EPS": 0.3,
        "Total Revenue": 519,
        "Gross Profit": 302,
        "Operating Income": 35,
        "EBIT": 92,
        "Net Income": 22
    },
    "2016-09-30": {
        "Diluted EPS": 0.26,
        "Total Revenue": 509,
        "Gross Profit": 293,
        "Operating Income": 29,
        "EBIT": 81,
        "Net Income": 19
    },
    "2016-06-30": {
        "Diluted EPS": 0.25,
        "Total Revenue": 499,
        "Gross Profit": 290,
        "Operating Income": 30,
        "EBIT": 80,
        "Net Income": 18
    },
    "2016-03-31": {
        "Diluted EPS": 0.28,
        "Total Revenue": 483,
        "Gross Profit": 286,
        "Operating Income": 32,
        "EBIT": 83,
        "Net Income": 20
    },
    "2015-12-31": {
        "Diluted EPS": 0.51,
        "Total Revenue": 529,
        "Gross Profit": 319,
        "Operating Income": 57,
        "EBIT": 107,
        "Net Income": 37
    },
    "2015-09-30": {
        "Diluted EPS": 0.44,
        "Total Revenue": 534,
        "Gross Profit": 311,
        "Operating Income": 53,
        "EBIT": 102,
        "Net Income": 32
    },
    "2015-06-30": {
        "Diluted EPS": 0.44,
        "Total Revenue": 535,
        "Gross Profit": 306,
        "Operating Income": 52,
        "EBIT": 100,
        "Net Income": 32
    },
    "2015-03-31": {
        "Diluted EPS": 0.32,
        "Total Revenue": 496,
        "Gross Profit": 281,
        "Operating Income": 38,
        "EBIT": 84,
        "Net Income": 23
    },
    "2014-12-31": {
        "Diluted EPS": 0.45,
        "Total Revenue": 553,
        "Gross Profit": 304,
        "Operating Income": 53,
        "EBIT": 98,
        "Net Income": 33
    },
    "2014-09-30": {
        "Diluted EPS": 0.36,
        "Total Revenue": 552,
        "Gross Profit": 283,
        "Operating Income": 42,
        "EBIT": 86,
        "Net Income": 26
    },
    "2014-06-30": {
        "Diluted EPS": 0.35,
        "Total Revenue": 542,
        "Gross Profit": 276,
        "Operating Income": 42,
        "EBIT": 87,
        "Net Income": 26
    },
    "2014-03-31": {
        "Diluted EPS": 0.2,
        "Total Revenue": 492,
        "Gross Profit": 243,
        "Operating Income": 23,
        "EBIT": 67,
        "Net Income": 14
    },
    "2013-12-31": {
        "Diluted EPS": 0.3,
        "Total Revenue": 518,
        "Gross Profit": 263,
        "Operating Income": 36,
        "EBIT": 82,
        "Net Income": 22
    },
    "2013-09-30": {
        "Diluted EPS": 0.29,
        "Total Revenue": 512,
        "Gross Profit": 255,
        "Operating Income": 33,
        "EBIT": 75,
        "Net Income": 21
    },
    "2013-06-30": {
        "Diluted EPS": 0.35,
        "Total Revenue": 507,
        "Gross Profit": 257,
        "Operating Income": 42,
        "EBIT": 85,
        "Net Income": 26
    },
    "2013-03-31": {
        "Diluted EPS": 0.24,
        "Total Revenue": 493,
        "Gross Profit": 247,
        "Operating Income": 29,
        "EBIT": 71,
        "Net Income": 18
    },
    "2012-12-31": {
        "Diluted EPS": 0.35,
        "Total Revenue": 510,
        "Gross Profit": 264,
        "Operating Income": 43,
        "EBIT": 86,
        "Net Income": 26
    },
    "2012-09-30": {
        "Diluted EPS": 0.34,
        "Total Revenue": 507,
        "Gross Profit": 256,
        "Operating Income": 42,
        "EBIT": 84,
        "Net Income": 25
    },
    "2012-06-30": {
        "Diluted EPS": 0.42,
        "Total Revenue": 522,
        "Gross Profit": 269,
        "Operating Income": 51,
        "EBIT": 93,
        "Net Income": 31
    },
    "2012-03-31": {
        "Diluted EPS": 0.29,
        "Total Revenue": 498,
        "Gross Profit": 253,
        "Operating Income": 35,
        "EBIT": 76,
        "Net Income": 21
    },
    "2011-12-31": {
        "Diluted EPS": 0.4,
        "Total Revenue": 508,
        "Gross Profit": 266,
        "Operating Income": 49,
        "EBIT": 89,
        "Net Income": 29
    },
    "2011-09-30": {
        "Diluted EPS": 0.4,
        "Total Revenue": 510,
        "Gross Profit": 261,
        "Operating Income": 50,
        "EBIT": 90,
        "Net Income": 30
    },
    "2011-06-30": {
        "Diluted EPS": 0.38,
        "Total Revenue": 516,
        "Gross Profit": 264,
        "Operating Income": 47,
        "EBIT": 86,
        "Net Income": 28
    },
    "2011-03-31": {
        "Diluted EPS": 0.22,
        "Total Revenue": 469,
        "Gross Profit": 242,
        "Operating Income": 27,
        "EBIT": 67,
        "Net Income": 16
    },
    "2010-12-31": {
        "Diluted EPS": 0.33,
        "Total Revenue": 463,
        "Gross Profit": 255,
        "Operating Income": 41,
        "EBIT": 80,
        "Net Income": 24
    },
    "2010-09-30": {
        "Diluted EPS": 0.33,
        "Total Revenue": 463,
        "Gross Profit": 255,
        "Operating Income": 40,
        "EBIT": 77,
        "Net Income": 24
    },
    "2010-06-30": {
        "Diluted EPS": 0.29,
        "Total Revenue": 463,
        "Gross Profit": 254,
        "Operating Income": 36,
        "EBIT": 73,
        "Net Income": 21
    },
    "2010-03-31": {
        "Diluted EPS": 0.15,
        "Total Revenue": 425,
        "Gross Profit": 229,
        "Operating Income": 18,
        "EBIT": 57,
        "Net Income": 11
    },
    "2009-12-31": {
        "Diluted EPS": 0.25,
        "Total Revenue": 440,
        "Gross Profit": 245,
        "Operating Income": 31,
        "EBIT": 69,
        "Net Income": 18
    },
    "2009-09-30": {
        "Diluted EPS": 0.26,
        "Total Revenue": 429,
        "Gross Profit": 249,
        "Operating Income": 33,
        "EBIT": 71,
        "Net Income": 19
    },
    "2009-06-30": {
        "Diluted EPS": 0.18,
        "Total Revenue": 403,
        "Gross Profit": 241,
        "Operating Income": 22,
        "EBIT": 61,
        "Net Income": 13
    },
    "2009-03-31": {
        "Diluted EPS": 0.1,
        "Total Revenue": 395,
        "Gross Profit": 236,
        "Operating Income": 11,
        "EBIT": 51,
        "Net Income": 7
    },
    "2023-09-30": {
        "Tax Effect Of Unusual Items": NaN,
        "Tax Rate For Calcs": NaN,
        "Normalized EBITDA": NaN,
        "Total Unusual Items": NaN,
        "Total Unusual Items Excluding Goodwill": NaN,
        "Net Income From Continuing Operation Net Minority Interest": NaN,
        "Reconciled Depreciation": NaN,
        "Reconciled Cost Of Revenue": NaN,
        "EBITDA": NaN,
        "EBIT": NaN,
        "Net Interest Income": NaN,
        "Interest Expense": NaN,
        "Interest Income": NaN,
        "Normalized Income": NaN,
        "Net Income From Continuing And Discontinued Operation": NaN,
        "Total Expenses": NaN,
        "Rent Expense Supplemental": NaN,
        "Total Operating Income As Reported": NaN,
        "Diluted Average Shares": 63737000.0,
        "Basic Average Shares": 63390000.0,
        "Diluted EPS": 0.37,
        "Basic EPS": 0.37,
        "Diluted NI Availto Com Stockholders": NaN,
        "Net Income Common Stockholders": NaN,
        "Net Income": NaN,
        "Minority Interests": NaN,
        "Net Income Including Noncontrolling Interests": NaN,
        "Net Income Continuous Operations": NaN,
        "Tax Provision": NaN,
        "Pretax Income": NaN,
        "Other Income Expense": NaN,
        "Other Non Operating Income Expenses": NaN,
        "Earnings From Equity Interest": NaN,
        "Gain On Sale Of Security": NaN,
        "Net Non Operating Interest Income Expense": NaN,
        "Interest Expense Non Operating": NaN,
        "Interest Income Non Operating": NaN,
        "Operating Income": NaN,
        "Operating Expense": NaN,
        "Other Operating Expenses": NaN,
        "Other Taxes": NaN,
        "Selling General And Administration": NaN,
        "General And Administrative Expense": NaN,
        "Other Gand A": NaN,
        "Insurance And Claims": NaN,
        "Gross Profit": NaN,
        "Cost Of Revenue": NaN,
        "Total Revenue": NaN,
        "Operating Revenue": NaN
    },
    "2023-12-31": {
        "Tax Effect Of Unusual Items": -55848.619297,
        "Tax Rate For Calcs": 0.230779,
        "Normalized EBITDA": 114975000.0,
        "Total Unusual Items": -242000.0,
        "Total Unusual Items Excluding Goodwill": -242000.0,
        "Net Income From Continuing Operation Net Minority Interest": 23573000.0,
        "Reconciled Depreciation": 75712000.0,
        "Reconciled Cost Of Revenue": 718548000.0,
        "EBITDA": 114733000.0,
        "EBIT": 39021000.0,
        "Net Interest Income": -7296000.0,
        "Interest Expense": 8819000.0,
        "Interest Income": 1523000.0,
        "Normalized Income": 23759151.380703,
        "Net Income From Continuing And Discontinued Operation": 23573000.0,
        "Total Expenses": 784013000.0,
        "Rent Expense Supplemental": 224418000.0,
        "Total Operating Income As Reported": 37932000.0,
        "Diluted Average Shares": 63780000.0,
        "Basic Average Shares": 63444681.0,
        "Diluted EPS": 0.37,
        "Basic EPS": 0.371552,
        "Diluted NI Availto Com Stockholders": 23573000.0,
        "Net Income Common Stockholders": 23573000.0,
        "Net Income": 23573000.0,
        "Minority Interests": 341000.0,
        "Net Income Including Noncontrolling Interests": 23232000.0,
        "Net Income Continuous Operations": 23232000.0,
        "Tax Provision": 6970000.0,
        "Pretax Income": 30202000.0,
        "Other Income Expense": -434000.0,
        "Other Non Operating Income Expenses": -100000.0,
        "Earnings From Equity Interest": -92000.0,
        "Gain On Sale Of Security": -242000.0,
        "Net Non Operating Interest Income Expense": -7296000.0,
        "Interest Expense Non Operating": 8819000.0,
        "Interest Income Non Operating": 1523000.0,
        "Operating Income": 37932000.0,
        "Operating Expense": 65465000.0,
        "Other Operating Expenses": 979000.0,
        "Other Taxes": 25999000.0,
        "Selling General And Administration": 38487000.0,
        "General And Administrative Expense": 38487000.0,
        "Other Gand A": 4523000.0,
        "Insurance And Claims": 33964000.0,
        "Gross Profit": 103397000.0,
        "Cost Of Revenue": 718548000.0,
        "Total Revenue": 821945000.0,
        "Operating Revenue": 802551000.0
    },
    "2024-03-31": {
        "Tax Effect Of Unusual Items": NaN,
        "Tax Rate For Calcs": NaN,
        "Normalized EBITDA": NaN,
        "Total Unusual Items": NaN,
        "Total Unusual Items Excluding Goodwill": NaN,
        "Net Income From Continuing Operation Net Minority Interest": NaN,
        "Reconciled Depreciation": NaN,
        "Reconciled Cost Of Revenue": NaN,
        "EBITDA": NaN,
        "EBIT": NaN,
        "Net Interest Income": NaN,
        "Interest Expense": NaN,
        "Interest Income": NaN,
        "Normalized Income": NaN,
        "Net Income From Continuing And Discontinued Operation": NaN,
        "Total Expenses": NaN,
        "Rent Expense Supplemental": NaN,
        "Total Operating Income As Reported": NaN,
        "Diluted Average Shares": NaN,
        "Basic Average Shares": NaN,
        "Diluted EPS": NaN,
        "Basic EPS": NaN,
        "Diluted NI Availto Com Stockholders": NaN,
        "Net Income Common Stockholders": NaN,
        "Net Income": NaN,
        "Minority Interests": NaN,
        "Net Income Including Noncontrolling Interests": NaN,
        "Net Income Continuous Operations": NaN,
        "Tax Provision": NaN,
        "Pretax Income": NaN,
        "Other Income Expense": NaN,
        "Other Non Operating Income Expenses": NaN,
        "Special Income Charges": NaN,
        "Other Special Charges": NaN,
        "Earnings From Equity Interest": NaN,
        "Gain On Sale Of Security": NaN,
        "Net Non Operating Interest Income Expense": NaN,
        "Interest Expense Non Operating": NaN,
        "Interest Income Non Operating": NaN,
        "Operating Income": NaN,
        "Operating Expense": NaN,
        "Other Operating Expenses": NaN,
        "Other Taxes": NaN,
        "Selling General And Administration": NaN,
        "General And Administrative Expense": NaN,
        "Other Gand A": NaN,
        "Insurance And Claims": 36362000.0,
        "Gross Profit": NaN,
        "Cost Of Revenue": NaN,
        "Total Revenue": NaN,
        "Operating Revenue": NaN
    },
    "2024-06-30": {
        "Tax Effect Of Unusual Items": NaN,
        "Tax Rate For Calcs": NaN,
        "Normalized EBITDA": NaN,
        "Total Unusual Items": NaN,
        "Total Unusual Items Excluding Goodwill": NaN,
        "Net Income From Continuing Operation Net Minority Interest": NaN,
        "Reconciled Depreciation": NaN,
        "Reconciled Cost Of Revenue": NaN,
        "EBITDA": NaN,
        "EBIT": NaN,
        "Net Interest Income": NaN,
        "Interest Expense": NaN,
        "Interest Income": NaN,
        "Normalized Income": NaN,
        "Net Income From Continuing And Discontinued Operation": NaN,
        "Total Expenses": NaN,
        "Rent Expense Supplemental": NaN,
        "Total Operating Income As Reported": NaN,
        "Diluted Average Shares": NaN,
        "Basic Average Shares": NaN,
        "Diluted EPS": NaN,
        "Basic EPS": NaN,
        "Diluted NI Availto Com Stockholders": NaN,
        "Net Income Common Stockholders": NaN,
        "Net Income": NaN,
        "Minority Interests": NaN,
        "Net Income Including Noncontrolling Interests": NaN,
        "Net Income Continuous Operations": NaN,
        "Tax Provision": NaN,
        "Pretax Income": NaN,
        "Other Income Expense": NaN,
        "Other Non Operating Income Expenses": NaN,
        "Special Income Charges": NaN,
        "Other Special Charges": NaN,
        "Earnings From Equity Interest": NaN,
        "Gain On Sale Of Security": NaN,
        "Net Non Operating Interest Income Expense": NaN,
        "Interest Expense Non Operating": NaN,
        "Interest Income Non Operating": NaN,
        "Operating Income": NaN,
        "Operating Expense": NaN,
        "Other Operating Expenses": NaN,
        "Other Taxes": NaN,
        "Selling General And Administration": NaN,
        "General And Administrative Expense": NaN,
        "Other Gand A": NaN,
        "Insurance And Claims": 31897000.0,
        "Gross Profit": NaN,
        "Cost Of Revenue": NaN,
        "Total Revenue": NaN,
        "Operating Revenue": NaN
    },
    "2024-09-30": {
        "Tax Effect Of Unusual Items": -8678.370787,
        "Tax Rate For Calcs": 0.234551,
        "Normalized EBITDA": 91258000.0,
        "Total Unusual Items": -37000.0,
        "Total Unusual Items Excluding Goodwill": -37000.0,
        "Net Income From Continuing Operation Net Minority Interest": 6565000.0,
        "Reconciled Depreciation": 71584000.0,
        "Reconciled Cost Of Revenue": 668020000.0,
        "EBITDA": 91221000.0,
        "EBIT": 19637000.0,
        "Net Interest Income": -9259000.0,
        "Interest Expense": 11093000.0,
        "Interest Income": 1834000.0,
        "Normalized Income": 6593321.629213,
        "Net Income From Continuing And Discontinued Operation": 6565000.0,
        "Total Expenses": 728106000.0,
        "Rent Expense Supplemental": 211667000.0,
        "Total Operating Income As Reported": 17595000.0,
        "Diluted Average Shares": NaN,
        "Basic Average Shares": NaN,
        "Diluted EPS": NaN,
        "Basic EPS": NaN,
        "Diluted NI Availto Com Stockholders": 6565000.0,
        "Net Income Common Stockholders": 6565000.0,
        "Net Income": 6565000.0,
        "Minority Interests": 25000.0,
        "Net Income Including Noncontrolling Interests": 6540000.0,
        "Net Income Continuous Operations": 6540000.0,
        "Tax Provision": 2004000.0,
        "Pretax Income": 8544000.0,
        "Other Income Expense": 208000.0,
        "Other Non Operating Income Expenses": -50000.0,
        "Special Income Charges": NaN,
        "Other Special Charges": NaN,
        "Earnings From Equity Interest": 295000.0,
        "Gain On Sale Of Security": -37000.0,
        "Net Non Operating Interest Income Expense": -9259000.0,
        "Interest Expense Non Operating": 11093000.0,
        "Interest Income Non Operating": 1834000.0,
        "Operating Income": 17595000.0,
        "Operating Expense": 60086000.0,
        "Other Operating Expenses": 4657000.0,
        "Other Taxes": 23565000.0,
        "Selling General And Administration": 31864000.0,
        "General And Administrative Expense": 31864000.0,
        "Other Gand A": 4186000.0,
        "Insurance And Claims": 27678000.0,
        "Gross Profit": 77681000.0,
        "Cost Of Revenue": 668020000.0,
        "Total Revenue": 745701000.0,
        "Operating Revenue": 726329000.0
    },
    "2024-12-31": {
        "Tax Effect Of Unusual Items": 594209.894332,
        "Tax Rate For Calcs": 0.072847,
        "Normalized EBITDA": 87342000.0,
        "Total Unusual Items": 8157000.0,
        "Total Unusual Items Excluding Goodwill": 8157000.0,
        "Net Income From Continuing Operation Net Minority Interest": 11891000.0,
        "Reconciled Depreciation": 71879000.0,
        "Reconciled Cost Of Revenue": 663782000.0,
        "EBITDA": 95499000.0,
        "EBIT": 23620000.0,
        "Net Interest Income": -9535000.0,
        "Interest Expense": 11128000.0,
        "Interest Income": 1593000.0,
        "Normalized Income": 4328209.894332,
        "Net Income From Continuing And Discontinued Operation": 11891000.0,
        "Total Expenses": 741325000.0,
        "Rent Expense Supplemental": 218861000.0,
        "Total Operating Income As Reported": 13354000.0,
        "Diluted Average Shares": 62079000.0,
        "Basic Average Shares": 61850434.0,
        "Diluted EPS": 0.19,
        "Basic EPS": 0.192254,
        "Diluted NI Availto Com Stockholders": 11891000.0,
        "Net Income Common Stockholders": 11891000.0,
        "Net Income": 11891000.0,
        "Minority Interests": 309000.0,
        "Net Income Including Noncontrolling Interests": 11582000.0,
        "Net Income Continuous Operations": 11582000.0,
        "Tax Provision": 910000.0,
        "Pretax Income": 12492000.0,
        "Other Income Expense": 8673000.0,
        "Other Non Operating Income Expenses": -19000.0,
        "Special Income Charges": NaN,
        "Other Special Charges": NaN,
        "Earnings From Equity Interest": 535000.0,
        "Gain On Sale Of Security": 8157000.0,
        "Net Non Operating Interest Income Expense": -9535000.0,
        "Interest Expense Non Operating": 11128000.0,
        "Interest Income Non Operating": 1593000.0,
        "Operating Income": 13354000.0,
        "Operating Expense": 77543000.0,
        "Other Operating Expenses": 899000.0,
        "Other Taxes": 23007000.0,
        "Selling General And Administration": 53637000.0,
        "General And Administrative Expense": 53637000.0,
        "Other Gand A": 4176000.0,
        "Insurance And Claims": 49461000.0,
        "Gross Profit": 90897000.0,
        "Cost Of Revenue": 663782000.0,
        "Total Revenue": 754679000.0,
        "Operating Revenue": 736617000.0
    },
    "2025-03-31": {
        "Tax Effect Of Unusual Items": -474.0,
        "Tax Rate For Calcs": 0.237,
        "Normalized EBITDA": 66200000.0,
        "Total Unusual Items": -2000.0,
        "Total Unusual Items Excluding Goodwill": -2000.0,
        "Net Income From Continuing Operation Net Minority Interest": -10098000.0,
        "Reconciled Depreciation": 70049000.0,
        "Reconciled Cost Of Revenue": 642548000.0,
        "EBITDA": 66198000.0,
        "EBIT": -3851000.0,
        "Net Interest Income": -8045000.0,
        "Interest Expense": 9537000.0,
        "Interest Income": 1492000.0,
        "Normalized Income": -10096474.0,
        "Net Income From Continuing And Discontinued Operation": -10098000.0,
        "Total Expenses": 717946000.0,
        "Rent Expense Supplemental": 206142000.0,
        "Total Operating Income As Reported": -5832000.0,
        "Diluted Average Shares": 62072000.0,
        "Basic Average Shares": 61924797.0,
        "Diluted EPS": -0.163069,
        "Basic EPS": -0.163069,
        "Diluted NI Availto Com Stockholders": -10098000.0,
        "Net Income Common Stockholders": -10098000.0,
        "Net Income": -10098000.0,
        "Minority Interests": 123000.0,
        "Net Income Including Noncontrolling Interests": -10221000.0,
        "Net Income Continuous Operations": -10221000.0,
        "Tax Provision": -3167000.0,
        "Pretax Income": -13388000.0,
        "Other Income Expense": 489000.0,
        "Other Non Operating Income Expenses": 368000.0,
        "Special Income Charges": NaN,
        "Other Special Charges": NaN,
        "Earnings From Equity Interest": 123000.0,
        "Gain On Sale Of Security": -2000.0,
        "Net Non Operating Interest Income Expense": -8045000.0,
        "Interest Expense Non Operating": 9537000.0,
        "Interest Income Non Operating": 1492000.0,
        "Operating Income": -5832000.0,
        "Operating Expense": 75398000.0,
        "Other Operating Expenses": 4920000.0,
        "Other Taxes": 22344000.0,
        "Selling General And Administration": 48134000.0,
        "General And Administrative Expense": 48134000.0,
        "Other Gand A": 4357000.0,
        "Insurance And Claims": 43777000.0,
        "Gross Profit": 69566000.0,
        "Cost Of Revenue": 642548000.0,
        "Total Revenue": 712114000.0,
        "Operating Revenue": 693370000.0
    },
    "2025-06-30": {
        "Tax Effect Of Unusual Items": 1776360.0,
        "Tax Rate For Calcs": 0.262,
        "Normalized EBITDA": 132420000.0,
        "Total Unusual Items": 6780000.0,
        "Total Unusual Items Excluding Goodwill": 6780000.0,
        "Net Income From Continuing Operation Net Minority Interest": 44062000.0,
        "Reconciled Depreciation": 70757000.0,
        "Reconciled Cost Of Revenue": 672149000.0,
        "EBITDA": 139200000.0,
        "EBIT": 68443000.0,
        "Net Interest Income": -7866000.0,
        "Interest Expense": 9353000.0,
        "Interest Income": 1487000.0,
        "Normalized Income": 39058360.0,
        "Net Income From Continuing And Discontinued Operation": 44062000.0,
        "Total Expenses": 693640000.0,
        "Rent Expense Supplemental": 228280000.0,
        "Total Operating Income As Reported": 66321000.0,
        "Diluted Average Shares": 61001000.0,
        "Basic Average Shares": 59830317.0,
        "Diluted EPS": 0.72,
        "Basic EPS": 0.736449,
        "Diluted NI Availto Com Stockholders": 44062000.0,
        "Net Income Common Stockholders": 44062000.0,
        "Net Income": 44062000.0,
        "Minority Interests": 440000.0,
        "Net Income Including Noncontrolling Interests": 43622000.0,
        "Net Income Continuous Operations": 43622000.0,
        "Tax Provision": 15468000.0,
        "Pretax Income": 59090000.0,
        "Other Income Expense": 7448000.0,
        "Other Non Operating Income Expenses": -51000.0,
        "Special Income Charges": 6813000.0,
        "Other Special Charges": -6813000.0,
        "Earnings From Equity Interest": 719000.0,
        "Gain On Sale Of Security": -33000.0,
        "Net Non Operating Interest Income Expense": -7866000.0,
        "Interest Expense Non Operating": 9353000.0,
        "Interest Income Non Operating": 1487000.0,
        "Operating Income": 59508000.0,
        "Operating Expense": 21491000.0,
        "Other Operating Expenses": -5339000.0,
        "Other Taxes": 23100000.0,
        "Selling General And Administration": 3730000.0,
        "General And Administrative Expense": 3730000.0,
        "Other Gand A": 3730000.0,
        "Insurance And Claims": NaN,
        "Gross Profit": 80999000.0,
        "Cost Of Revenue": 672149000.0,
        "Total Revenue": 753148000.0,
        "Operating Revenue": 734075000.0
    },
    "2025-09-30": {
        "Tax Effect Of Unusual Items": 1425.975805,
        "Tax Rate For Calcs": 0.037526,
        "Normalized EBITDA": 60176000.0,
        "Total Unusual Items": 38000.0,
        "Total Unusual Items Excluding Goodwill": 38000.0,
        "Net Income From Continuing Operation Net Minority Interest": -20575000.0,
        "Reconciled Depreciation": 72184000.0,
        "Reconciled Cost Of Revenue": 713574000.0,
        "EBITDA": 60214000.0,
        "EBIT": -11970000.0,
        "Net Interest Income": -8573000.0,
        "Interest Expense": 9935000.0,
        "Interest Income": 1362000.0,
        "Normalized Income": -20611574.024195,
        "Net Income From Continuing And Discontinued Operation": -20575000.0,
        "Total Expenses": 784520000.0,
        "Rent Expense Supplemental": 243115000.0,
        "Total Operating Income As Reported": -13021000.0,
        "Diluted Average Shares": 59830317.0,
        "Basic Average Shares": 59830317.0,
        "Diluted EPS": -0.343889,
        "Basic EPS": -0.343889,
        "Diluted NI Availto Com Stockholders": -20575000.0,
        "Net Income Common Stockholders": -20575000.0,
        "Net Income": -20575000.0,
        "Minority Interests": 508000.0,
        "Net Income Including Noncontrolling Interests": -21083000.0,
        "Net Income Continuous Operations": -21083000.0,
        "Tax Provision": -822000.0,
        "Pretax Income": -21905000.0,
        "Other Income Expense": -311000.0,
        "Other Non Operating Income Expenses": -60000.0,
        "Special Income Charges": NaN,
        "Other Special Charges": NaN,
        "Earnings From Equity Interest": -289000.0,
        "Gain On Sale Of Security": 38000.0,
        "Net Non Operating Interest Income Expense": -8573000.0,
        "Interest Expense Non Operating": 9935000.0,
        "Interest Income Non Operating": 1362000.0,
        "Operating Income": -13021000.0,
        "Operating Expense": 70946000.0,
        "Other Operating Expenses": 5730000.0,
        "Other Taxes": 23189000.0,
        "Selling General And Administration": 42027000.0,
        "General And Administrative Expense": 42027000.0,
        "Other Gand A": 3967000.0,
        "Insurance And Claims": 38060000.0,
        "Gross Profit": 57925000.0,
        "Cost Of Revenue": 713574000.0,
        "Total Revenue": 771499000.0,
        "Operating Revenue": 752208000.0
    },
    "2025-12-31": {
        "Tax Effect Of Unusual Items": NaN,
        "Tax Rate For Calcs": NaN,
        "Normalized EBITDA": NaN,
        "Total Unusual Items": NaN,
        "Total Unusual Items Excluding Goodwill": NaN,
        "Net Income From Continuing Operation Net Minority Interest": NaN,
        "Reconciled Depreciation": NaN,
        "Reconciled Cost Of Revenue": NaN,
        "EBITDA": NaN,
        "EBIT": NaN,
        "Net Interest Income": NaN,
        "Interest Expense": NaN,
        "Interest Income": NaN,
        "Normalized Income": NaN,
        "Net Income From Continuing And Discontinued Operation": NaN,
        "Total Expenses": NaN,
        "Rent Expense Supplemental": NaN,
        "Total Operating Income As Reported": NaN,
        "Diluted Average Shares": 59869405.0,
        "Basic Average Shares": 59869405.0,
        "Diluted EPS": -0.464144,
        "Basic EPS": -0.464144,
        "Diluted NI Availto Com Stockholders": NaN,
        "Net Income Common Stockholders": NaN,
        "Net Income": NaN,
        "Minority Interests": NaN,
        "Net Income Including Noncontrolling Interests": NaN,
        "Net Income Continuous Operations": NaN,
        "Tax Provision": NaN,
        "Pretax Income": NaN,
        "Other Income Expense": NaN,
        "Other Non Operating Income Expenses": NaN,
        "Special Income Charges": NaN,
        "Other Special Charges": NaN,
        "Earnings From Equity Interest": NaN,
        "Gain On Sale Of Security": NaN,
        "Net Non Operating Interest Income Expense": NaN,
        "Interest Expense Non Operating": NaN,
        "Interest Income Non Operating": NaN,
        "Operating Income": NaN,
        "Operating Expense": NaN,
        "Other Operating Expenses": NaN,
        "Other Taxes": NaN,
        "Selling General And Administration": NaN,
        "General And Administrative Expense": NaN,
        "Other Gand A": NaN,
        "Insurance And Claims": NaN,
        "Gross Profit": NaN,
        "Cost Of Revenue": NaN,
        "Total Revenue": NaN,
        "Operating Revenue": NaN
    }
}