{
    "2023-03-31": {
        "Tax Effect Of Unusual Items": NaN,
        "Tax Rate For Calcs": NaN,
        "Normalized EBITDA": NaN,
        "Total Unusual Items": NaN,
        "Total Unusual Items Excluding Goodwill": NaN,
        "Net Income From Continuing Operation Net Minority Interest": NaN,
        "Reconciled Depreciation": NaN,
        "Reconciled Cost Of Revenue": NaN,
        "EBITDA": NaN,
        "EBIT": NaN,
        "Net Interest Income": NaN,
        "Interest Expense": NaN,
        "Normalized Income": NaN,
        "Net Income From Continuing And Discontinued Operation": NaN,
        "Total Expenses": NaN,
        "Total Operating Income As Reported": NaN,
        "Diluted Average Shares": NaN,
        "Basic Average Shares": NaN,
        "Diluted EPS": NaN,
        "Basic EPS": NaN,
        "Diluted NI Availto Com Stockholders": NaN,
        "Average Dilution Earnings": -5529000.0,
        "Net Income Common Stockholders": NaN,
        "Otherunder Preferred Stock Dividend": NaN,
        "Preferred Stock Dividends": NaN,
        "Net Income": NaN,
        "Minority Interests": NaN,
        "Net Income Including Noncontrolling Interests": NaN,
        "Net Income Continuous Operations": NaN,
        "Earnings From Equity Interest Net Of Tax": NaN,
        "Tax Provision": NaN,
        "Pretax Income": NaN,
        "Other Income Expense": NaN,
        "Other Non Operating Income Expenses": NaN,
        "Special Income Charges": NaN,
        "Gain On Sale Of Ppe": NaN,
        "Write Off": NaN,
        "Impairment Of Capital Assets": NaN,
        "Restructuring And Mergern Acquisition": NaN,
        "Gain On Sale Of Security": NaN,
        "Net Non Operating Interest Income Expense": NaN,
        "Interest Expense Non Operating": NaN,
        "Operating Income": NaN,
        "Operating Expense": NaN,
        "Selling General And Administration": NaN,
        "Gross Profit": NaN,
        "Cost Of Revenue": NaN,
        "Total Revenue": NaN,
        "Operating Revenue": NaN
    },
    "2022-12-31": {
        "Tax Effect Of Unusual Items": NaN,
        "Tax Rate For Calcs": NaN,
        "Normalized EBITDA": NaN,
        "Total Unusual Items": NaN,
        "Total Unusual Items Excluding Goodwill": NaN,
        "Net Income From Continuing Operation Net Minority Interest": NaN,
        "Reconciled Depreciation": NaN,
        "Reconciled Cost Of Revenue": NaN,
        "EBITDA": NaN,
        "EBIT": NaN,
        "Net Interest Income": NaN,
        "Interest Expense": NaN,
        "Normalized Income": NaN,
        "Net Income From Continuing And Discontinued Operation": NaN,
        "Total Expenses": NaN,
        "Total Operating Income As Reported": NaN,
        "Diluted Average Shares": NaN,
        "Basic Average Shares": NaN,
        "Diluted EPS": NaN,
        "Basic EPS": NaN,
        "Diluted NI Availto Com Stockholders": NaN,
        "Average Dilution Earnings": NaN,
        "Net Income Common Stockholders": NaN,
        "Otherunder Preferred Stock Dividend": 0.0,
        "Preferred Stock Dividends": NaN,
        "Net Income": NaN,
        "Minority Interests": NaN,
        "Net Income Including Noncontrolling Interests": NaN,
        "Net Income Continuous Operations": NaN,
        "Earnings From Equity Interest Net Of Tax": NaN,
        "Tax Provision": NaN,
        "Pretax Income": NaN,
        "Other Income Expense": NaN,
        "Other Non Operating Income Expenses": NaN,
        "Special Income Charges": NaN,
        "Gain On Sale Of Ppe": NaN,
        "Write Off": NaN,
        "Restructuring And Mergern Acquisition": NaN,
        "Gain On Sale Of Security": NaN,
        "Net Non Operating Interest Income Expense": NaN,
        "Interest Expense Non Operating": NaN,
        "Operating Income": NaN,
        "Operating Expense": NaN,
        "Selling General And Administration": NaN,
        "Gross Profit": NaN,
        "Cost Of Revenue": NaN,
        "Total Revenue": NaN,
        "Operating Revenue": NaN
    },
    "2022-09-30": {
        "Tax Effect Of Unusual Items": NaN,
        "Tax Rate For Calcs": NaN,
        "Normalized EBITDA": NaN,
        "Total Unusual Items": NaN,
        "Total Unusual Items Excluding Goodwill": NaN,
        "Net Income From Continuing Operation Net Minority Interest": NaN,
        "Reconciled Depreciation": NaN,
        "Reconciled Cost Of Revenue": NaN,
        "EBITDA": NaN,
        "EBIT": NaN,
        "Net Interest Income": NaN,
        "Interest Expense": NaN,
        "Normalized Income": NaN,
        "Net Income From Continuing And Discontinued Operation": NaN,
        "Total Expenses": NaN,
        "Total Operating Income As Reported": NaN,
        "Diluted Average Shares": NaN,
        "Basic Average Shares": NaN,
        "Diluted EPS": NaN,
        "Basic EPS": NaN,
        "Diluted NI Availto Com Stockholders": NaN,
        "Average Dilution Earnings": NaN,
        "Net Income Common Stockholders": NaN,
        "Otherunder Preferred Stock Dividend": 2870000.0,
        "Preferred Stock Dividends": NaN,
        "Net Income": NaN,
        "Minority Interests": NaN,
        "Net Income Including Noncontrolling Interests": NaN,
        "Net Income Continuous Operations": NaN,
        "Earnings From Equity Interest Net Of Tax": 0.0,
        "Tax Provision": NaN,
        "Pretax Income": NaN,
        "Other Income Expense": NaN,
        "Other Non Operating Income Expenses": NaN,
        "Special Income Charges": NaN,
        "Gain On Sale Of Ppe": NaN,
        "Restructuring And Mergern Acquisition": NaN,
        "Gain On Sale Of Security": NaN,
        "Net Non Operating Interest Income Expense": NaN,
        "Interest Expense Non Operating": NaN,
        "Operating Income": NaN,
        "Operating Expense": NaN,
        "Selling General And Administration": NaN,
        "Gross Profit": NaN,
        "Cost Of Revenue": NaN,
        "Total Revenue": NaN,
        "Operating Revenue": NaN
    },
    "2022-06-30": {
        "Tax Effect Of Unusual Items": -510040.0,
        "Tax Rate For Calcs": 0.205,
        "Normalized EBITDA": 9935000.0,
        "Total Unusual Items": -2488000.0,
        "Total Unusual Items Excluding Goodwill": -2488000.0,
        "Net Income From Continuing Operation Net Minority Interest": -5713000.0,
        "Reconciled Depreciation": 5952000.0,
        "Reconciled Cost Of Revenue": 184515000.0,
        "EBITDA": 7447000.0,
        "EBIT": 1495000.0,
        "Net Interest Income": -8813000.0,
        "Interest Expense": 8813000.0,
        "Normalized Income": -3735040.0,
        "Net Income From Continuing And Discontinued Operation": -5713000.0,
        "Total Expenses": 219563000.0,
        "Total Operating Income As Reported": 1362000.0,
        "Diluted Average Shares": 34855000.0,
        "Basic Average Shares": 34855000.0,
        "Diluted EPS": -0.37,
        "Basic EPS": -0.37,
        "Diluted NI Availto Com Stockholders": -12858000.0,
        "Net Income Common Stockholders": -12858000.0,
        "Otherunder Preferred Stock Dividend": 7145000.0,
        "Preferred Stock Dividends": 7145000.0,
        "Net Income": -5713000.0,
        "Minority Interests": 106000.0,
        "Net Income Including Noncontrolling Interests": -5819000.0,
        "Net Income Continuous Operations": -5819000.0,
        "Tax Provision": -1499000.0,
        "Pretax Income": -7318000.0,
        "Other Income Expense": -2355000.0,
        "Other Non Operating Income Expenses": 133000.0,
        "Special Income Charges": -2488000.0,
        "Gain On Sale Of Ppe": -184000.0,
        "Restructuring And Mergern Acquisition": 2304000.0,
        "Gain On Sale Of Security": NaN,
        "Net Non Operating Interest Income Expense": -8813000.0,
        "Interest Expense Non Operating": 8813000.0,
        "Operating Income": 3850000.0,
        "Operating Expense": 35048000.0,
        "Selling General And Administration": 35048000.0,
        "Gross Profit": 38898000.0,
        "Cost Of Revenue": 184515000.0,
        "Total Revenue": 223413000.0,
        "Operating Revenue": 223413000.0
    },
    "2023-06-30": {
        "Tax Effect Of Unusual Items": NaN,
        "Tax Rate For Calcs": NaN,
        "Normalized EBITDA": NaN,
        "Total Unusual Items": NaN,
        "Total Unusual Items Excluding Goodwill": NaN,
        "Net Income From Continuing Operation Net Minority Interest": NaN,
        "Reconciled Depreciation": NaN,
        "Reconciled Cost Of Revenue": NaN,
        "EBITDA": NaN,
        "EBIT": NaN,
        "Net Interest Income": NaN,
        "Interest Expense": NaN,
        "Normalized Income": NaN,
        "Net Income From Continuing And Discontinued Operation": NaN,
        "Total Expenses": NaN,
        "Total Operating Income As Reported": NaN,
        "Diluted Average Shares": NaN,
        "Basic Average Shares": NaN,
        "Diluted EPS": NaN,
        "Basic EPS": NaN,
        "Diluted NI Availto Com Stockholders": NaN,
        "Average Dilution Earnings": NaN,
        "Net Income Common Stockholders": NaN,
        "Otherunder Preferred Stock Dividend": NaN,
        "Preferred Stock Dividends": NaN,
        "Net Income": NaN,
        "Minority Interests": NaN,
        "Net Income Including Noncontrolling Interests": NaN,
        "Net Income Continuous Operations": NaN,
        "Earnings From Equity Interest Net Of Tax": NaN,
        "Tax Provision": NaN,
        "Pretax Income": NaN,
        "Other Income Expense": NaN,
        "Other Non Operating Income Expenses": NaN,
        "Special Income Charges": NaN,
        "Gain On Sale Of Ppe": NaN,
        "Write Off": 0.0,
        "Impairment Of Capital Assets": 0.0,
        "Restructuring And Mergern Acquisition": NaN,
        "Gain On Sale Of Security": NaN,
        "Net Non Operating Interest Income Expense": NaN,
        "Interest Expense Non Operating": NaN,
        "Operating Income": NaN,
        "Operating Expense": NaN,
        "Selling General And Administration": NaN,
        "Gross Profit": NaN,
        "Cost Of Revenue": NaN,
        "Total Revenue": NaN,
        "Operating Revenue": NaN
    },
    "2022-03-31": {
        "Diluted EPS": 2.29,
        "Total Revenue": 720,
        "Gross Profit": 285,
        "Operating Income": 190,
        "EBIT": 219,
        "Net Income": 174
    },
    "2021-12-31": {
        "Diluted EPS": 1.9,
        "Total Revenue": 731,
        "Gross Profit": 301,
        "Operating Income": 184,
        "EBIT": 218,
        "Net Income": 148
    },
    "2021-09-30": {
        "Diluted EPS": 2.31,
        "Total Revenue": 707,
        "Gross Profit": 288,
        "Operating Income": 181,
        "EBIT": 211,
        "Net Income": 176
    },
    "2021-06-30": {
        "Diluted EPS": 2.47,
        "Total Revenue": 724,
        "Gross Profit": 315,
        "Operating Income": 211,
        "EBIT": 240,
        "Net Income": 187
    },
    "2021-03-31": {
        "Diluted EPS": 1.99,
        "Total Revenue": 671,
        "Gross Profit": 272,
        "Operating Income": 176,
        "EBIT": 205,
        "Net Income": 151
    },
    "2020-12-31": {
        "Diluted EPS": 1.28,
        "Total Revenue": 580,
        "Gross Profit": 211,
        "Operating Income": 116,
        "EBIT": 145,
        "Net Income": 98
    },
    "2020-09-30": {
        "Diluted EPS": 1.09,
        "Total Revenue": 548,
        "Gross Profit": 195,
        "Operating Income": 99,
        "EBIT": 128,
        "Net Income": 82
    },
    "2020-06-30": {
        "Diluted EPS": 1.21,
        "Total Revenue": 527,
        "Gross Profit": 195,
        "Operating Income": 104,
        "EBIT": 130,
        "Net Income": 91
    },
    "2020-03-31": {
        "Diluted EPS": 0.99,
        "Total Revenue": 492,
        "Gross Profit": 167,
        "Operating Income": 88,
        "EBIT": 114,
        "Net Income": 74
    },
    "2019-12-31": {
        "Diluted EPS": 0.85,
        "Total Revenue": 471,
        "Gross Profit": 153,
        "Operating Income": 78,
        "EBIT": 104,
        "Net Income": 64
    },
    "2019-09-30": {
        "Diluted EPS": 0.75,
        "Total Revenue": 456,
        "Gross Profit": 148,
        "Operating Income": 67,
        "EBIT": 93,
        "Net Income": 56
    },
    "2019-06-30": {
        "Diluted EPS": 0.88,
        "Total Revenue": 470,
        "Gross Profit": 158,
        "Operating Income": 81,
        "EBIT": 107,
        "Net Income": 66
    },
    "2019-03-31": {
        "Diluted EPS": 0.73,
        "Total Revenue": 444,
        "Gross Profit": 147,
        "Operating Income": 71,
        "EBIT": 96,
        "Net Income": 55
    },
    "2018-12-31": {
        "Diluted EPS": 0.68,
        "Total Revenue": 423,
        "Gross Profit": 133,
        "Operating Income": 66,
        "EBIT": 92,
        "Net Income": 52
    },
    "2018-09-30": {
        "Diluted EPS": 0.73,
        "Total Revenue": 432,
        "Gross Profit": 136,
        "Operating Income": 61,
        "EBIT": 87,
        "Net Income": 55
    },
    "2018-06-30": {
        "Diluted EPS": 0.75,
        "Total Revenue": 448,
        "Gross Profit": 142,
        "Operating Income": 60,
        "EBIT": 86,
        "Net Income": 56
    },
    "2018-03-31": {
        "Diluted EPS": 0.58,
        "Total Revenue": 416,
        "Gross Profit": 134,
        "Operating Income": 53,
        "EBIT": 80,
        "Net Income": 44
    },
    "2017-12-31": {
        "Diluted EPS": 0.0,
        "Total Revenue": 416,
        "Gross Profit": 129,
        "Operating Income": 60,
        "EBIT": 85,
        "Net Income": 0
    },
    "2017-09-30": {
        "Diluted EPS": 0.67,
        "Total Revenue": 398,
        "Gross Profit": 125,
        "Operating Income": 63,
        "EBIT": 88,
        "Net Income": 51
    },
    "2017-06-30": {
        "Diluted EPS": 0.51,
        "Total Revenue": 398,
        "Gross Profit": 125,
        "Operating Income": 42,
        "EBIT": 66,
        "Net Income": 39
    },
    "2017-03-31": {
        "Diluted EPS": 0.81,
        "Total Revenue": 388,
        "Gross Profit": 134,
        "Operating Income": 61,
        "EBIT": 84,
        "Net Income": 61
    },
    "2016-12-31": {
        "Diluted EPS": 0.51,
        "Total Revenue": 382,
        "Gross Profit": 124,
        "Operating Income": 53,
        "EBIT": 76,
        "Net Income": 39
    },
    "2016-09-30": {
        "Diluted EPS": 0.5,
        "Total Revenue": 377,
        "Gross Profit": 121,
        "Operating Income": 51,
        "EBIT": 74,
        "Net Income": 38
    },
    "2016-06-30": {
        "Diluted EPS": 0.6,
        "Total Revenue": 388,
        "Gross Profit": 133,
        "Operating Income": 61,
        "EBIT": 84,
        "Net Income": 45
    },
    "2016-03-31": {
        "Diluted EPS": 0.3,
        "Total Revenue": 362,
        "Gross Profit": 123,
        "Operating Income": 30,
        "EBIT": 52,
        "Net Income": 22
    },
    "2015-12-31": {
        "Diluted EPS": 0.45,
        "Total Revenue": 360,
        "Gross Profit": 120,
        "Operating Income": 45,
        "EBIT": 69,
        "Net Income": 33
    },
    "2015-09-30": {
        "Diluted EPS": 0.02,
        "Total Revenue": 345,
        "Gross Profit": 108,
        "Operating Income": -4,
        "EBIT": 19,
        "Net Income": 2
    },
    "2015-06-30": {
        "Diluted EPS": 0.38,
        "Total Revenue": 360,
        "Gross Profit": 118,
        "Operating Income": 39,
        "EBIT": 61,
        "Net Income": 28
    },
    "2015-03-31": {
        "Diluted EPS": 0.45,
        "Total Revenue": 336,
        "Gross Profit": 110,
        "Operating Income": 48,
        "EBIT": 70,
        "Net Income": 33
    },
    "2014-12-31": {
        "Diluted EPS": 0.42,
        "Total Revenue": 350,
        "Gross Profit": 110,
        "Operating Income": 45,
        "EBIT": 67,
        "Net Income": 31
    },
    "2014-09-30": {
        "Diluted EPS": 0.43,
        "Total Revenue": 356,
        "Gross Profit": 110,
        "Operating Income": 44,
        "EBIT": 67,
        "Net Income": 31
    },
    "2014-06-30": {
        "Diluted EPS": 0.52,
        "Total Revenue": 369,
        "Gross Profit": 122,
        "Operating Income": 54,
        "EBIT": 77,
        "Net Income": 38
    },
    "2014-03-31": {
        "Diluted EPS": 0.38,
        "Total Revenue": 347,
        "Gross Profit": 106,
        "Operating Income": 39,
        "EBIT": 61,
        "Net Income": 27
    },
    "2013-12-31": {
        "Diluted EPS": 0.32,
        "Total Revenue": 343,
        "Gross Profit": 107,
        "Operating Income": 37,
        "EBIT": 59,
        "Net Income": 24
    },
    "2013-09-30": {
        "Diluted EPS": 0.37,
        "Total Revenue": 342,
        "Gross Profit": 106,
        "Operating Income": 40,
        "EBIT": 62,
        "Net Income": 27
    },
    "2013-06-30": {
        "Diluted EPS": 0.43,
        "Total Revenue": 345,
        "Gross Profit": 111,
        "Operating Income": 43,
        "EBIT": 63,
        "Net Income": 30
    },
    "2013-03-31": {
        "Diluted EPS": 0.45,
        "Total Revenue": 339,
        "Gross Profit": 112,
        "Operating Income": 43,
        "EBIT": 64,
        "Net Income": 32
    },
    "2012-12-31": {
        "Diluted EPS": 0.31,
        "Total Revenue": 322,
        "Gross Profit": 98,
        "Operating Income": 32,
        "EBIT": 52,
        "Net Income": 21
    },
    "2012-09-30": {
        "Diluted EPS": 0.21,
        "Total Revenue": 304,
        "Gross Profit": 90,
        "Operating Income": 26,
        "EBIT": 46,
        "Net Income": 15
    },
    "2012-06-30": {
        "Diluted EPS": 0.23,
        "Total Revenue": 325,
        "Gross Profit": 99,
        "Operating Income": 36,
        "EBIT": 54,
        "Net Income": 16
    },
    "2012-03-31": {
        "Diluted EPS": 0.41,
        "Total Revenue": 316,
        "Gross Profit": 101,
        "Operating Income": 42,
        "EBIT": 60,
        "Net Income": 29
    },
    "2011-12-31": {
        "Diluted EPS": 0.27,
        "Total Revenue": 295,
        "Gross Profit": 85,
        "Operating Income": 27,
        "EBIT": 45,
        "Net Income": 19
    },
    "2011-09-30": {
        "Diluted EPS": 0.25,
        "Total Revenue": 294,
        "Gross Profit": 81,
        "Operating Income": 26,
        "EBIT": 45,
        "Net Income": 17
    },
    "2011-06-30": {
        "Diluted EPS": 0.29,
        "Total Revenue": 308,
        "Gross Profit": 85,
        "Operating Income": 28,
        "EBIT": 47,
        "Net Income": 20
    },
    "2011-03-31": {
        "Diluted EPS": 0.28,
        "Total Revenue": 295,
        "Gross Profit": 88,
        "Operating Income": 29,
        "EBIT": 48,
        "Net Income": 20
    },
    "2010-12-31": {
        "Diluted EPS": 0.1,
        "Total Revenue": 277,
        "Gross Profit": 78,
        "Operating Income": 6,
        "EBIT": 26,
        "Net Income": 6
    },
    "2010-09-30": {
        "Diluted EPS": 0.26,
        "Total Revenue": 271,
        "Gross Profit": 75,
        "Operating Income": 25,
        "EBIT": 44,
        "Net Income": 18
    },
    "2010-06-30": {
        "Diluted EPS": 0.31,
        "Total Revenue": 282,
        "Gross Profit": 83,
        "Operating Income": 31,
        "EBIT": 48,
        "Net Income": 22
    },
    "2010-03-31": {
        "Diluted EPS": 0.29,
        "Total Revenue": 275,
        "Gross Profit": 82,
        "Operating Income": 29,
        "EBIT": 47,
        "Net Income": 20
    },
    "2009-12-31": {
        "Diluted EPS": 0.3,
        "Total Revenue": 293,
        "Gross Profit": 84,
        "Operating Income": 22,
        "EBIT": 40,
        "Net Income": 20
    },
    "2009-09-30": {
        "Diluted EPS": 0.25,
        "Total Revenue": 259,
        "Gross Profit": 72,
        "Operating Income": 26,
        "EBIT": 44,
        "Net Income": 17
    },
    "2009-06-30": {
        "Diluted EPS": 0.29,
        "Total Revenue": 261,
        "Gross Profit": 79,
        "Operating Income": 29,
        "EBIT": 45,
        "Net Income": 20
    },
    "2009-03-31": {
        "Diluted EPS": 0.23,
        "Total Revenue": 242,
        "Gross Profit": 69,
        "Operating Income": 21,
        "EBIT": 36,
        "Net Income": 15
    },
    "2023-09-30": {
        "Tax Effect Of Unusual Items": NaN,
        "Tax Rate For Calcs": NaN,
        "Normalized EBITDA": NaN,
        "Total Unusual Items": NaN,
        "Total Unusual Items Excluding Goodwill": NaN,
        "Net Income From Continuing Operation Net Minority Interest": NaN,
        "Reconciled Depreciation": NaN,
        "Reconciled Cost Of Revenue": NaN,
        "EBITDA": NaN,
        "EBIT": NaN,
        "Net Interest Income": NaN,
        "Interest Expense": NaN,
        "Normalized Income": NaN,
        "Net Income From Continuing And Discontinued Operation": NaN,
        "Total Expenses": NaN,
        "Total Operating Income As Reported": NaN,
        "Diluted Average Shares": NaN,
        "Basic Average Shares": NaN,
        "Diluted EPS": NaN,
        "Basic EPS": NaN,
        "Diluted NI Availto Com Stockholders": NaN,
        "Average Dilution Earnings": NaN,
        "Net Income Common Stockholders": NaN,
        "Otherunder Preferred Stock Dividend": 3912000.0,
        "Preferred Stock Dividends": NaN,
        "Net Income": NaN,
        "Minority Interests": NaN,
        "Net Income Including Noncontrolling Interests": NaN,
        "Net Income Continuous Operations": NaN,
        "Earnings From Equity Interest Net Of Tax": NaN,
        "Tax Provision": NaN,
        "Pretax Income": NaN,
        "Other Income Expense": NaN,
        "Other Non Operating Income Expenses": NaN,
        "Special Income Charges": NaN,
        "Gain On Sale Of Ppe": NaN,
        "Write Off": 0.0,
        "Impairment Of Capital Assets": 0.0,
        "Restructuring And Mergern Acquisition": NaN,
        "Gain On Sale Of Security": NaN,
        "Net Non Operating Interest Income Expense": NaN,
        "Total Other Finance Cost": NaN,
        "Interest Expense Non Operating": NaN,
        "Operating Income": NaN,
        "Operating Expense": NaN,
        "Selling General And Administration": NaN,
        "Gross Profit": NaN,
        "Cost Of Revenue": NaN,
        "Total Revenue": NaN,
        "Operating Revenue": NaN
    },
    "2023-12-31": {
        "Tax Effect Of Unusual Items": NaN,
        "Tax Rate For Calcs": NaN,
        "Normalized EBITDA": NaN,
        "Total Unusual Items": NaN,
        "Total Unusual Items Excluding Goodwill": NaN,
        "Net Income From Continuing Operation Net Minority Interest": NaN,
        "Reconciled Depreciation": NaN,
        "Reconciled Cost Of Revenue": NaN,
        "EBITDA": NaN,
        "EBIT": NaN,
        "Net Interest Income": NaN,
        "Interest Expense": NaN,
        "Normalized Income": NaN,
        "Net Income From Continuing And Discontinued Operation": NaN,
        "Total Expenses": NaN,
        "Total Operating Income As Reported": NaN,
        "Diluted Average Shares": NaN,
        "Basic Average Shares": NaN,
        "Diluted EPS": NaN,
        "Basic EPS": NaN,
        "Diluted NI Availto Com Stockholders": NaN,
        "Average Dilution Earnings": NaN,
        "Net Income Common Stockholders": NaN,
        "Otherunder Preferred Stock Dividend": 0.0,
        "Preferred Stock Dividends": NaN,
        "Net Income": NaN,
        "Minority Interests": 0.0,
        "Net Income Including Noncontrolling Interests": NaN,
        "Net Income Continuous Operations": NaN,
        "Earnings From Equity Interest Net Of Tax": NaN,
        "Tax Provision": NaN,
        "Pretax Income": NaN,
        "Other Income Expense": NaN,
        "Other Non Operating Income Expenses": NaN,
        "Special Income Charges": NaN,
        "Gain On Sale Of Ppe": NaN,
        "Write Off": NaN,
        "Impairment Of Capital Assets": NaN,
        "Restructuring And Mergern Acquisition": NaN,
        "Gain On Sale Of Security": -8626000.0,
        "Net Non Operating Interest Income Expense": NaN,
        "Total Other Finance Cost": NaN,
        "Interest Expense Non Operating": NaN,
        "Operating Income": NaN,
        "Operating Expense": NaN,
        "Selling General And Administration": NaN,
        "Gross Profit": NaN,
        "Cost Of Revenue": NaN,
        "Total Revenue": NaN,
        "Operating Revenue": NaN
    },
    "2024-03-31": {
        "Tax Effect Of Unusual Items": NaN,
        "Tax Rate For Calcs": NaN,
        "Normalized EBITDA": NaN,
        "Total Unusual Items": NaN,
        "Total Unusual Items Excluding Goodwill": NaN,
        "Net Income From Continuing Operation Net Minority Interest": NaN,
        "Reconciled Depreciation": NaN,
        "Reconciled Cost Of Revenue": NaN,
        "EBITDA": NaN,
        "EBIT": NaN,
        "Net Interest Income": NaN,
        "Interest Expense": NaN,
        "Normalized Income": NaN,
        "Net Income From Continuing And Discontinued Operation": NaN,
        "Total Expenses": NaN,
        "Total Operating Income As Reported": NaN,
        "Diluted Average Shares": NaN,
        "Basic Average Shares": NaN,
        "Diluted EPS": NaN,
        "Basic EPS": NaN,
        "Diluted NI Availto Com Stockholders": NaN,
        "Average Dilution Earnings": 0.0,
        "Net Income Common Stockholders": NaN,
        "Otherunder Preferred Stock Dividend": NaN,
        "Preferred Stock Dividends": NaN,
        "Net Income": NaN,
        "Minority Interests": 0.0,
        "Net Income Including Noncontrolling Interests": NaN,
        "Net Income Continuous Operations": NaN,
        "Earnings From Equity Interest Net Of Tax": NaN,
        "Tax Provision": NaN,
        "Pretax Income": NaN,
        "Other Income Expense": NaN,
        "Other Non Operating Income Expenses": NaN,
        "Special Income Charges": NaN,
        "Gain On Sale Of Ppe": NaN,
        "Write Off": NaN,
        "Impairment Of Capital Assets": NaN,
        "Restructuring And Mergern Acquisition": NaN,
        "Gain On Sale Of Security": 41000.0,
        "Net Non Operating Interest Income Expense": NaN,
        "Total Other Finance Cost": 1050000.0,
        "Interest Expense Non Operating": NaN,
        "Operating Income": NaN,
        "Operating Expense": NaN,
        "Selling General And Administration": NaN,
        "Gross Profit": NaN,
        "Cost Of Revenue": NaN,
        "Total Revenue": NaN,
        "Operating Revenue": NaN
    },
    "2024-06-30": {
        "Tax Effect Of Unusual Items": NaN,
        "Tax Rate For Calcs": NaN,
        "Normalized EBITDA": NaN,
        "Total Unusual Items": NaN,
        "Total Unusual Items Excluding Goodwill": NaN,
        "Net Income From Continuing Operation Net Minority Interest": NaN,
        "Reconciled Depreciation": NaN,
        "Reconciled Cost Of Revenue": NaN,
        "EBITDA": NaN,
        "EBIT": NaN,
        "Net Interest Income": NaN,
        "Interest Expense": NaN,
        "Normalized Income": NaN,
        "Net Income From Continuing And Discontinued Operation": NaN,
        "Total Expenses": NaN,
        "Total Operating Income As Reported": NaN,
        "Diluted Average Shares": 88323000.0,
        "Basic Average Shares": 88323000.0,
        "Diluted EPS": -0.2,
        "Basic EPS": -0.2,
        "Diluted NI Availto Com Stockholders": NaN,
        "Average Dilution Earnings": NaN,
        "Net Income Common Stockholders": NaN,
        "Otherunder Preferred Stock Dividend": NaN,
        "Preferred Stock Dividends": NaN,
        "Net Income": NaN,
        "Minority Interests": 0.0,
        "Net Income Including Noncontrolling Interests": NaN,
        "Net Income Continuous Operations": NaN,
        "Earnings From Equity Interest Net Of Tax": NaN,
        "Tax Provision": NaN,
        "Pretax Income": NaN,
        "Other Income Expense": NaN,
        "Other Non Operating Income Expenses": NaN,
        "Special Income Charges": NaN,
        "Gain On Sale Of Ppe": NaN,
        "Write Off": 831000.0,
        "Impairment Of Capital Assets": 831000.0,
        "Restructuring And Mergern Acquisition": NaN,
        "Gain On Sale Of Security": 1612000.0,
        "Net Non Operating Interest Income Expense": NaN,
        "Total Other Finance Cost": NaN,
        "Interest Expense Non Operating": NaN,
        "Operating Income": NaN,
        "Operating Expense": NaN,
        "Selling General And Administration": NaN,
        "Gross Profit": NaN,
        "Cost Of Revenue": NaN,
        "Total Revenue": NaN,
        "Operating Revenue": NaN
    },
    "2024-09-30": {
        "Tax Effect Of Unusual Items": 375060.0,
        "Tax Rate For Calcs": 0.21,
        "Normalized EBITDA": -1357000.0,
        "Total Unusual Items": 1786000.0,
        "Total Unusual Items Excluding Goodwill": 1786000.0,
        "Net Income From Continuing Operation Net Minority Interest": -14259000.0,
        "Reconciled Depreciation": 7680000.0,
        "Reconciled Cost Of Revenue": 183775000.0,
        "EBITDA": 429000.0,
        "EBIT": -7251000.0,
        "Net Interest Income": -6889000.0,
        "Interest Expense": 6889000.0,
        "Normalized Income": -15669940.0,
        "Net Income From Continuing And Discontinued Operation": -14259000.0,
        "Total Expenses": 229907000.0,
        "Total Operating Income As Reported": -12742000.0,
        "Diluted Average Shares": 88540000.0,
        "Basic Average Shares": 88540000.0,
        "Diluted EPS": -0.16,
        "Basic EPS": -0.16,
        "Diluted NI Availto Com Stockholders": -14171000.0,
        "Average Dilution Earnings": NaN,
        "Net Income Common Stockholders": -14171000.0,
        "Otherunder Preferred Stock Dividend": 0.0,
        "Preferred Stock Dividends": -88000.0,
        "Net Income": -14259000.0,
        "Minority Interests": 0.0,
        "Net Income Including Noncontrolling Interests": -14259000.0,
        "Net Income Continuous Operations": -14259000.0,
        "Earnings From Equity Interest Net Of Tax": -35000.0,
        "Tax Provision": 84000.0,
        "Pretax Income": -14140000.0,
        "Other Income Expense": 1796000.0,
        "Other Non Operating Income Expenses": 10000.0,
        "Special Income Charges": -3695000.0,
        "Gain On Sale Of Ppe": 8000.0,
        "Write Off": 1165000.0,
        "Impairment Of Capital Assets": 1165000.0,
        "Restructuring And Mergern Acquisition": 2538000.0,
        "Gain On Sale Of Security": 5481000.0,
        "Net Non Operating Interest Income Expense": -6889000.0,
        "Total Other Finance Cost": NaN,
        "Interest Expense Non Operating": 6889000.0,
        "Operating Income": -9047000.0,
        "Operating Expense": 46132000.0,
        "Selling General And Administration": 46132000.0,
        "Gross Profit": 37085000.0,
        "Cost Of Revenue": 183775000.0,
        "Total Revenue": 220860000.0,
        "Operating Revenue": 220860000.0
    },
    "2024-12-31": {
        "Tax Effect Of Unusual Items": -1053780.0,
        "Tax Rate For Calcs": 0.21,
        "Normalized EBITDA": 6416000.0,
        "Total Unusual Items": -5018000.0,
        "Total Unusual Items Excluding Goodwill": -5018000.0,
        "Net Income From Continuing Operation Net Minority Interest": -24607000.0,
        "Reconciled Depreciation": 11549000.0,
        "Reconciled Cost Of Revenue": 190965000.0,
        "EBITDA": 1398000.0,
        "EBIT": -10151000.0,
        "Net Interest Income": -11935000.0,
        "Interest Expense": 11935000.0,
        "Normalized Income": -20642780.0,
        "Net Income From Continuing And Discontinued Operation": -24607000.0,
        "Total Expenses": 233920000.0,
        "Total Operating Income As Reported": -9842000.0,
        "Diluted Average Shares": NaN,
        "Basic Average Shares": NaN,
        "Diluted EPS": NaN,
        "Basic EPS": NaN,
        "Diluted NI Availto Com Stockholders": -24520000.0,
        "Average Dilution Earnings": NaN,
        "Net Income Common Stockholders": -24520000.0,
        "Otherunder Preferred Stock Dividend": 0.0,
        "Preferred Stock Dividends": -87000.0,
        "Net Income": -24607000.0,
        "Minority Interests": 0.0,
        "Net Income Including Noncontrolling Interests": -24607000.0,
        "Net Income Continuous Operations": -24607000.0,
        "Earnings From Equity Interest Net Of Tax": -47000.0,
        "Tax Provision": 2474000.0,
        "Pretax Income": -22086000.0,
        "Other Income Expense": -5208000.0,
        "Other Non Operating Income Expenses": -190000.0,
        "Special Income Charges": -4899000.0,
        "Gain On Sale Of Ppe": 2687000.0,
        "Write Off": NaN,
        "Impairment Of Capital Assets": 3690000.0,
        "Restructuring And Mergern Acquisition": 3896000.0,
        "Gain On Sale Of Security": -119000.0,
        "Net Non Operating Interest Income Expense": -11935000.0,
        "Total Other Finance Cost": NaN,
        "Interest Expense Non Operating": 11935000.0,
        "Operating Income": -4943000.0,
        "Operating Expense": 42955000.0,
        "Selling General And Administration": 42955000.0,
        "Gross Profit": 38012000.0,
        "Cost Of Revenue": 190965000.0,
        "Total Revenue": 228977000.0,
        "Operating Revenue": 228977000.0
    },
    "2025-03-31": {
        "Tax Effect Of Unusual Items": -377580.0,
        "Tax Rate For Calcs": 0.21,
        "Normalized EBITDA": -268000.0,
        "Total Unusual Items": -1798000.0,
        "Total Unusual Items Excluding Goodwill": -1798000.0,
        "Net Income From Continuing Operation Net Minority Interest": -27218000.0,
        "Reconciled Depreciation": 11755000.0,
        "Reconciled Cost Of Revenue": 184723000.0,
        "EBITDA": -2066000.0,
        "EBIT": -13821000.0,
        "Net Interest Income": -12599000.0,
        "Interest Expense": 11569000.0,
        "Normalized Income": -25797580.0,
        "Net Income From Continuing And Discontinued Operation": -27218000.0,
        "Total Expenses": 225067000.0,
        "Total Operating Income As Reported": -13069000.0,
        "Diluted Average Shares": 94298000.0,
        "Basic Average Shares": 94298000.0,
        "Diluted EPS": -0.29,
        "Basic EPS": -0.29,
        "Diluted NI Availto Com Stockholders": -27132000.0,
        "Average Dilution Earnings": 0.0,
        "Net Income Common Stockholders": -27132000.0,
        "Otherunder Preferred Stock Dividend": NaN,
        "Preferred Stock Dividends": -86000.0,
        "Net Income": -27218000.0,
        "Minority Interests": NaN,
        "Net Income Including Noncontrolling Interests": -27218000.0,
        "Net Income Continuous Operations": -27218000.0,
        "Earnings From Equity Interest Net Of Tax": 0.0,
        "Tax Provision": 1828000.0,
        "Pretax Income": -25390000.0,
        "Other Income Expense": -1520000.0,
        "Other Non Operating Income Expenses": 278000.0,
        "Special Income Charges": -1798000.0,
        "Gain On Sale Of Ppe": -7000.0,
        "Write Off": NaN,
        "Impairment Of Capital Assets": NaN,
        "Restructuring And Mergern Acquisition": 1791000.0,
        "Gain On Sale Of Security": NaN,
        "Net Non Operating Interest Income Expense": -12599000.0,
        "Total Other Finance Cost": 1030000.0,
        "Interest Expense Non Operating": 11569000.0,
        "Operating Income": -11271000.0,
        "Operating Expense": 40344000.0,
        "Selling General And Administration": 40344000.0,
        "Gross Profit": 29073000.0,
        "Cost Of Revenue": 184723000.0,
        "Total Revenue": 213796000.0,
        "Operating Revenue": 213634000.0
    },
    "2025-06-30": {
        "Tax Effect Of Unusual Items": -36025.550314,
        "Tax Rate For Calcs": 0.014544,
        "Normalized EBITDA": 5172000.0,
        "Total Unusual Items": -2477000.0,
        "Total Unusual Items Excluding Goodwill": -2477000.0,
        "Net Income From Continuing Operation Net Minority Interest": -21563000.0,
        "Reconciled Depreciation": 15016000.0,
        "Reconciled Cost Of Revenue": 239464000.0,
        "EBITDA": 2695000.0,
        "EBIT": -12321000.0,
        "Net Interest Income": -13119000.0,
        "Interest Expense": 13119000.0,
        "Normalized Income": -19122025.550314,
        "Net Income From Continuing And Discontinued Operation": -21563000.0,
        "Total Expenses": 293395000.0,
        "Total Operating Income As Reported": -15013000.0,
        "Diluted Average Shares": 94661000.0,
        "Basic Average Shares": 94661000.0,
        "Diluted EPS": -0.23,
        "Basic EPS": -0.23,
        "Diluted NI Availto Com Stockholders": -21477000.0,
        "Average Dilution Earnings": NaN,
        "Net Income Common Stockholders": -21477000.0,
        "Otherunder Preferred Stock Dividend": NaN,
        "Preferred Stock Dividends": -86000.0,
        "Net Income": -21563000.0,
        "Minority Interests": NaN,
        "Net Income Including Noncontrolling Interests": -21563000.0,
        "Net Income Continuous Operations": -21563000.0,
        "Earnings From Equity Interest Net Of Tax": 3507000.0,
        "Tax Provision": -370000.0,
        "Pretax Income": -25440000.0,
        "Other Income Expense": 215000.0,
        "Other Non Operating Income Expenses": 2692000.0,
        "Special Income Charges": -2477000.0,
        "Gain On Sale Of Ppe": 0.0,
        "Write Off": NaN,
        "Impairment Of Capital Assets": 0.0,
        "Restructuring And Mergern Acquisition": 2477000.0,
        "Gain On Sale Of Security": NaN,
        "Net Non Operating Interest Income Expense": -13119000.0,
        "Total Other Finance Cost": NaN,
        "Interest Expense Non Operating": 13119000.0,
        "Operating Income": -12536000.0,
        "Operating Expense": 53931000.0,
        "Selling General And Administration": 53931000.0,
        "Gross Profit": 41395000.0,
        "Cost Of Revenue": 239464000.0,
        "Total Revenue": 280859000.0,
        "Operating Revenue": 279991000.0
    },
    "2025-09-30": {
        "Tax Effect Of Unusual Items": -17104.330163,
        "Tax Rate For Calcs": 0.005632,
        "Normalized EBITDA": 9296000.0,
        "Total Unusual Items": -3037000.0,
        "Total Unusual Items Excluding Goodwill": -3037000.0,
        "Net Income From Continuing Operation Net Minority Interest": -19103000.0,
        "Reconciled Depreciation": 13898000.0,
        "Reconciled Cost Of Revenue": 313423000.0,
        "EBITDA": 6259000.0,
        "EBIT": -7639000.0,
        "Net Interest Income": -14023000.0,
        "Interest Expense": 14023000.0,
        "Normalized Income": -16083104.330163,
        "Net Income From Continuing And Discontinued Operation": -19103000.0,
        "Total Expenses": 360419000.0,
        "Total Operating Income As Reported": -8631000.0,
        "Diluted Average Shares": 95569000.0,
        "Basic Average Shares": 95569000.0,
        "Diluted EPS": -0.2,
        "Basic EPS": -0.2,
        "Diluted NI Availto Com Stockholders": -19015000.0,
        "Average Dilution Earnings": NaN,
        "Net Income Common Stockholders": -19015000.0,
        "Otherunder Preferred Stock Dividend": NaN,
        "Preferred Stock Dividends": -88000.0,
        "Net Income": -19103000.0,
        "Minority Interests": NaN,
        "Net Income Including Noncontrolling Interests": -19103000.0,
        "Net Income Continuous Operations": -19103000.0,
        "Earnings From Equity Interest Net Of Tax": 2437000.0,
        "Tax Provision": -122000.0,
        "Pretax Income": -21662000.0,
        "Other Income Expense": -2045000.0,
        "Other Non Operating Income Expenses": 992000.0,
        "Special Income Charges": -3037000.0,
        "Gain On Sale Of Ppe": -8000.0,
        "Write Off": 0.0,
        "Impairment Of Capital Assets": NaN,
        "Restructuring And Mergern Acquisition": 3029000.0,
        "Gain On Sale Of Security": NaN,
        "Net Non Operating Interest Income Expense": -14023000.0,
        "Total Other Finance Cost": NaN,
        "Interest Expense Non Operating": 14023000.0,
        "Operating Income": -5594000.0,
        "Operating Expense": 46996000.0,
        "Selling General And Administration": 46996000.0,
        "Gross Profit": 41402000.0,
        "Cost Of Revenue": 313423000.0,
        "Total Revenue": 354825000.0,
        "Operating Revenue": 354096000.0
    }
}