{
    "2023-06-30": {
        "Tax Effect Of Unusual Items": NaN,
        "Tax Rate For Calcs": NaN,
        "Normalized EBITDA": NaN,
        "Total Unusual Items": NaN,
        "Total Unusual Items Excluding Goodwill": NaN,
        "Net Income From Continuing Operation Net Minority Interest": NaN,
        "Reconciled Depreciation": NaN,
        "Reconciled Cost Of Revenue": NaN,
        "EBITDA": NaN,
        "EBIT": NaN,
        "Net Interest Income": NaN,
        "Interest Expense": NaN,
        "Normalized Income": NaN,
        "Net Income From Continuing And Discontinued Operation": NaN,
        "Total Expenses": NaN,
        "Total Operating Income As Reported": NaN,
        "Diluted Average Shares": NaN,
        "Basic Average Shares": NaN,
        "Diluted EPS": NaN,
        "Basic EPS": NaN,
        "Diluted NI Availto Com Stockholders": NaN,
        "Net Income Common Stockholders": NaN,
        "Net Income": NaN,
        "Minority Interests": 0.0,
        "Net Income Including Noncontrolling Interests": NaN,
        "Net Income Continuous Operations": NaN,
        "Tax Provision": NaN,
        "Pretax Income": NaN,
        "Other Income Expense": NaN,
        "Special Income Charges": NaN,
        "Other Special Charges": NaN,
        "Impairment Of Capital Assets": NaN,
        "Restructuring And Mergern Acquisition": NaN,
        "Gain On Sale Of Security": NaN,
        "Net Non Operating Interest Income Expense": NaN,
        "Interest Expense Non Operating": NaN,
        "Operating Income": NaN,
        "Operating Expense": NaN,
        "Depreciation Amortization Depletion Income Statement": NaN,
        "Depreciation And Amortization In Income Statement": NaN,
        "Selling General And Administration": NaN,
        "Selling And Marketing Expense": NaN,
        "General And Administrative Expense": NaN,
        "Other Gand A": NaN,
        "Gross Profit": NaN,
        "Cost Of Revenue": NaN,
        "Total Revenue": NaN,
        "Operating Revenue": NaN
    },
    "2023-03-31": {
        "Tax Effect Of Unusual Items": NaN,
        "Tax Rate For Calcs": NaN,
        "Normalized EBITDA": NaN,
        "Total Unusual Items": NaN,
        "Total Unusual Items Excluding Goodwill": NaN,
        "Net Income From Continuing Operation Net Minority Interest": NaN,
        "Reconciled Depreciation": NaN,
        "Reconciled Cost Of Revenue": NaN,
        "EBITDA": NaN,
        "EBIT": NaN,
        "Net Interest Income": NaN,
        "Interest Expense": NaN,
        "Normalized Income": NaN,
        "Net Income From Continuing And Discontinued Operation": NaN,
        "Total Expenses": NaN,
        "Total Operating Income As Reported": NaN,
        "Diluted Average Shares": NaN,
        "Basic Average Shares": NaN,
        "Diluted EPS": NaN,
        "Basic EPS": NaN,
        "Diluted NI Availto Com Stockholders": NaN,
        "Net Income Common Stockholders": NaN,
        "Net Income": NaN,
        "Minority Interests": 0.0,
        "Net Income Including Noncontrolling Interests": NaN,
        "Net Income Continuous Operations": NaN,
        "Tax Provision": NaN,
        "Pretax Income": NaN,
        "Other Income Expense": NaN,
        "Special Income Charges": NaN,
        "Other Special Charges": NaN,
        "Impairment Of Capital Assets": NaN,
        "Restructuring And Mergern Acquisition": NaN,
        "Gain On Sale Of Security": NaN,
        "Net Non Operating Interest Income Expense": NaN,
        "Interest Expense Non Operating": NaN,
        "Operating Income": NaN,
        "Operating Expense": NaN,
        "Depreciation Amortization Depletion Income Statement": NaN,
        "Depreciation And Amortization In Income Statement": NaN,
        "Selling General And Administration": NaN,
        "Selling And Marketing Expense": NaN,
        "General And Administrative Expense": NaN,
        "Other Gand A": NaN,
        "Gross Profit": NaN,
        "Cost Of Revenue": NaN,
        "Total Revenue": NaN,
        "Operating Revenue": NaN
    },
    "2022-12-31": {
        "Tax Effect Of Unusual Items": NaN,
        "Tax Rate For Calcs": NaN,
        "Normalized EBITDA": NaN,
        "Total Unusual Items": NaN,
        "Total Unusual Items Excluding Goodwill": NaN,
        "Net Income From Continuing Operation Net Minority Interest": NaN,
        "Reconciled Depreciation": NaN,
        "Reconciled Cost Of Revenue": NaN,
        "EBITDA": NaN,
        "EBIT": NaN,
        "Net Interest Income": NaN,
        "Interest Expense": NaN,
        "Normalized Income": NaN,
        "Net Income From Continuing And Discontinued Operation": NaN,
        "Total Expenses": NaN,
        "Total Operating Income As Reported": NaN,
        "Diluted Average Shares": NaN,
        "Basic Average Shares": NaN,
        "Diluted EPS": NaN,
        "Basic EPS": NaN,
        "Diluted NI Availto Com Stockholders": NaN,
        "Net Income Common Stockholders": NaN,
        "Net Income": NaN,
        "Minority Interests": 0.0,
        "Net Income Including Noncontrolling Interests": NaN,
        "Net Income Continuous Operations": NaN,
        "Tax Provision": NaN,
        "Pretax Income": NaN,
        "Other Income Expense": NaN,
        "Special Income Charges": NaN,
        "Other Special Charges": NaN,
        "Impairment Of Capital Assets": 0.0,
        "Restructuring And Mergern Acquisition": NaN,
        "Gain On Sale Of Security": NaN,
        "Net Non Operating Interest Income Expense": NaN,
        "Interest Expense Non Operating": NaN,
        "Operating Income": NaN,
        "Operating Expense": NaN,
        "Depreciation Amortization Depletion Income Statement": NaN,
        "Depreciation And Amortization In Income Statement": NaN,
        "Selling General And Administration": NaN,
        "Selling And Marketing Expense": NaN,
        "General And Administrative Expense": NaN,
        "Other Gand A": NaN,
        "Gross Profit": NaN,
        "Cost Of Revenue": NaN,
        "Total Revenue": NaN,
        "Operating Revenue": NaN
    },
    "2022-09-30": {
        "Tax Effect Of Unusual Items": NaN,
        "Tax Rate For Calcs": NaN,
        "Normalized EBITDA": NaN,
        "Total Unusual Items": NaN,
        "Total Unusual Items Excluding Goodwill": NaN,
        "Net Income From Continuing Operation Net Minority Interest": NaN,
        "Reconciled Depreciation": NaN,
        "Reconciled Cost Of Revenue": NaN,
        "EBITDA": NaN,
        "EBIT": NaN,
        "Net Interest Income": NaN,
        "Interest Expense": NaN,
        "Normalized Income": NaN,
        "Net Income From Continuing And Discontinued Operation": NaN,
        "Total Expenses": NaN,
        "Total Operating Income As Reported": NaN,
        "Diluted Average Shares": NaN,
        "Basic Average Shares": NaN,
        "Diluted EPS": NaN,
        "Basic EPS": NaN,
        "Diluted NI Availto Com Stockholders": NaN,
        "Net Income Common Stockholders": NaN,
        "Net Income": NaN,
        "Minority Interests": NaN,
        "Net Income Including Noncontrolling Interests": NaN,
        "Net Income Continuous Operations": NaN,
        "Tax Provision": NaN,
        "Pretax Income": NaN,
        "Other Income Expense": NaN,
        "Special Income Charges": NaN,
        "Other Special Charges": NaN,
        "Impairment Of Capital Assets": 136500000.0,
        "Restructuring And Mergern Acquisition": NaN,
        "Gain On Sale Of Security": NaN,
        "Net Non Operating Interest Income Expense": NaN,
        "Interest Expense Non Operating": NaN,
        "Operating Income": NaN,
        "Operating Expense": NaN,
        "Depreciation Amortization Depletion Income Statement": NaN,
        "Depreciation And Amortization In Income Statement": NaN,
        "Selling General And Administration": NaN,
        "Selling And Marketing Expense": NaN,
        "General And Administrative Expense": NaN,
        "Other Gand A": NaN,
        "Gross Profit": NaN,
        "Cost Of Revenue": NaN,
        "Total Revenue": NaN,
        "Operating Revenue": NaN
    },
    "2022-06-30": {
        "Tax Effect Of Unusual Items": -27006814.247793,
        "Tax Rate For Calcs": 0.297714,
        "Normalized EBITDA": 210008000.0,
        "Total Unusual Items": -90714000.0,
        "Total Unusual Items Excluding Goodwill": -90714000.0,
        "Net Income From Continuing Operation Net Minority Interest": 34129000.0,
        "Reconciled Depreciation": 38877000.0,
        "Reconciled Cost Of Revenue": 224307000.0,
        "EBITDA": 119294000.0,
        "EBIT": 80417000.0,
        "Net Interest Income": -31820000.0,
        "Interest Expense": 31820000.0,
        "Normalized Income": 97836185.752207,
        "Net Income From Continuing And Discontinued Operation": 34129000.0,
        "Total Expenses": 427106000.0,
        "Total Operating Income As Reported": 171131000.0,
        "Diluted Average Shares": 45100000.0,
        "Basic Average Shares": 44800000.0,
        "Diluted EPS": 0.76,
        "Basic EPS": 0.76,
        "Diluted NI Availto Com Stockholders": 34129000.0,
        "Net Income Common Stockholders": 34129000.0,
        "Net Income": 34129000.0,
        "Minority Interests": 0.0,
        "Net Income Including Noncontrolling Interests": 34129000.0,
        "Net Income Continuous Operations": 34129000.0,
        "Tax Provision": 14468000.0,
        "Pretax Income": 48597000.0,
        "Other Income Expense": -90714000.0,
        "Special Income Charges": -88200000.0,
        "Impairment Of Capital Assets": NaN,
        "Restructuring And Mergern Acquisition": 88200000.0,
        "Gain On Sale Of Security": -2514000.0,
        "Net Non Operating Interest Income Expense": -31820000.0,
        "Interest Expense Non Operating": 31820000.0,
        "Operating Income": 171131000.0,
        "Operating Expense": 202799000.0,
        "Depreciation Amortization Depletion Income Statement": 38877000.0,
        "Depreciation And Amortization In Income Statement": 38877000.0,
        "Selling General And Administration": 163922000.0,
        "Selling And Marketing Expense": 80440000.0,
        "General And Administrative Expense": 83482000.0,
        "Other Gand A": 83482000.0,
        "Gross Profit": 373930000.0,
        "Cost Of Revenue": 224307000.0,
        "Total Revenue": 598237000.0,
        "Operating Revenue": 535253000.0
    },
    "2022-03-31": {
        "Diluted EPS": 2.71,
        "Total Revenue": 518,
        "Gross Profit": 318,
        "Operating Income": 122,
        "EBIT": 189,
        "Net Income": 123
    },
    "2021-12-31": {
        "Diluted EPS": -0.25,
        "Total Revenue": 498,
        "Gross Profit": 305,
        "Operating Income": 108,
        "EBIT": 180,
        "Net Income": -12
    },
    "2021-09-30": {
        "Diluted EPS": 1.07,
        "Total Revenue": 483,
        "Gross Profit": 303,
        "Operating Income": 101,
        "EBIT": 169,
        "Net Income": 48
    },
    "2021-06-30": {
        "Diluted EPS": -0.76,
        "Total Revenue": 459,
        "Gross Profit": 288,
        "Operating Income": 82,
        "EBIT": 149,
        "Net Income": -34
    },
    "2021-03-31": {
        "Diluted EPS": -0.06,
        "Total Revenue": 411,
        "Gross Profit": 253,
        "Operating Income": 51,
        "EBIT": 117,
        "Net Income": -3
    },
    "2020-12-31": {
        "Diluted EPS": -5.36,
        "Total Revenue": 399,
        "Gross Profit": 230,
        "Operating Income": -197,
        "EBIT": -130,
        "Net Income": -234
    },
    "2020-09-30": {
        "Diluted EPS": -1.49,
        "Total Revenue": 382,
        "Gross Profit": 225,
        "Operating Income": 2,
        "EBIT": 67,
        "Net Income": -66
    },
    "2020-06-30": {
        "Diluted EPS": 1.66,
        "Total Revenue": 347,
        "Gross Profit": 185,
        "Operating Income": 29,
        "EBIT": 93,
        "Net Income": 73
    },
    "2020-03-31": {
        "Diluted EPS": -0.37,
        "Total Revenue": 432,
        "Gross Profit": 246,
        "Operating Income": 75,
        "EBIT": 140,
        "Net Income": -16
    },
    "2019-12-31": {
        "Diluted EPS": 1.24,
        "Total Revenue": 440,
        "Gross Profit": 260,
        "Operating Income": 104,
        "EBIT": 168,
        "Net Income": 54
    },
    "2019-09-30": {
        "Diluted EPS": 0.33,
        "Total Revenue": 460,
        "Gross Profit": 294,
        "Operating Income": 118,
        "EBIT": 181,
        "Net Income": 15
    },
    "2019-06-30": {
        "Diluted EPS": 0.32,
        "Total Revenue": 442,
        "Gross Profit": 281,
        "Operating Income": 95,
        "EBIT": 154,
        "Net Income": 14
    },
    "2019-03-31": {
        "Diluted EPS": 0.37,
        "Total Revenue": 382,
        "Gross Profit": 229,
        "Operating Income": 69,
        "EBIT": 121,
        "Net Income": 16
    },
    "2018-12-31": {
        "Diluted EPS": 0.48,
        "Total Revenue": 381,
        "Gross Profit": 224,
        "Operating Income": 94,
        "EBIT": 145,
        "Net Income": 21
    },
    "2018-09-30": {
        "Diluted EPS": 1.3,
        "Total Revenue": 387,
        "Gross Profit": 250,
        "Operating Income": 103,
        "EBIT": 161,
        "Net Income": 57
    },
    "2018-06-30": {
        "Diluted EPS": 0.88,
        "Total Revenue": 371,
        "Gross Profit": 245,
        "Operating Income": 100,
        "EBIT": 161,
        "Net Income": 38
    },
    "2018-03-31": {
        "Diluted EPS": 1.2,
        "Total Revenue": 354,
        "Gross Profit": 225,
        "Operating Income": 84,
        "EBIT": 134,
        "Net Income": 52
    },
    "2017-12-31": {
        "Diluted EPS": 1.84,
        "Total Revenue": 329,
        "Gross Profit": 195,
        "Operating Income": 61,
        "EBIT": 115,
        "Net Income": 80
    },
    "2017-09-30": {
        "Diluted EPS": 0.79,
        "Total Revenue": 324,
        "Gross Profit": 189,
        "Operating Income": 64,
        "EBIT": 115,
        "Net Income": 34
    },
    "2017-06-30": {
        "Diluted EPS": 0.4,
        "Total Revenue": 304,
        "Gross Profit": 175,
        "Operating Income": 48,
        "EBIT": 98,
        "Net Income": 17
    },
    "2017-03-31": {
        "Diluted EPS": 0.68,
        "Total Revenue": 291,
        "Gross Profit": 175,
        "Operating Income": 61,
        "EBIT": 110,
        "Net Income": 29
    },
    "2016-12-31": {
        "Diluted EPS": -0.8,
        "Total Revenue": 285,
        "Gross Profit": 38,
        "Operating Income": 11,
        "EBIT": 61,
        "Net Income": -32
    },
    "2016-09-30": {
        "Diluted EPS": 0.46,
        "Total Revenue": 288,
        "Gross Profit": 204,
        "Operating Income": 55,
        "EBIT": 103,
        "Net Income": 20
    },
    "2016-06-30": {
        "Diluted EPS": 0.32,
        "Total Revenue": 234,
        "Gross Profit": 164,
        "Operating Income": 52,
        "EBIT": 76,
        "Net Income": 13
    },
    "2016-03-31": {
        "Diluted EPS": 0.59,
        "Total Revenue": 206,
        "Gross Profit": 148,
        "Operating Income": 41,
        "EBIT": 65,
        "Net Income": 23
    },
    "2015-12-31": {
        "Diluted EPS": 0.54,
        "Total Revenue": 213,
        "Gross Profit": 149,
        "Operating Income": 50,
        "EBIT": 71,
        "Net Income": 21
    },
    "2015-09-30": {
        "Diluted EPS": 0.83,
        "Total Revenue": 226,
        "Gross Profit": 166,
        "Operating Income": 68,
        "EBIT": 88,
        "Net Income": 32
    },
    "2015-06-30": {
        "Diluted EPS": 0.68,
        "Total Revenue": 214,
        "Gross Profit": 160,
        "Operating Income": 63,
        "EBIT": 86,
        "Net Income": 26
    },
    "2015-03-31": {
        "Diluted EPS": 0.57,
        "Total Revenue": 202,
        "Gross Profit": 153,
        "Operating Income": 48,
        "EBIT": 72,
        "Net Income": 22
    },
    "2014-12-31": {
        "Diluted EPS": 1.23,
        "Total Revenue": 212,
        "Gross Profit": 163,
        "Operating Income": 62,
        "EBIT": 82,
        "Net Income": 48
    },
    "2014-09-30": {
        "Diluted EPS": 1.91,
        "Total Revenue": 222,
        "Gross Profit": 166,
        "Operating Income": 103,
        "EBIT": 125,
        "Net Income": 74
    },
    "2014-06-30": {
        "Diluted EPS": 1.11,
        "Total Revenue": 202,
        "Gross Profit": 154,
        "Operating Income": 80,
        "EBIT": 98,
        "Net Income": 43
    },
    "2014-03-31": {
        "Diluted EPS": 0.93,
        "Total Revenue": 182,
        "Gross Profit": 134,
        "Operating Income": 62,
        "EBIT": 78,
        "Net Income": 37
    },
    "2013-12-31": {
        "Diluted EPS": 0.89,
        "Total Revenue": 182,
        "Gross Profit": 146,
        "Operating Income": 71,
        "EBIT": 87,
        "Net Income": 34
    },
    "2013-09-30": {
        "Diluted EPS": 1.12,
        "Total Revenue": 192,
        "Gross Profit": 145,
        "Operating Income": 78,
        "EBIT": 94,
        "Net Income": 44
    },
    "2013-06-30": {
        "Diluted EPS": 1.08,
        "Total Revenue": 178,
        "Gross Profit": 135,
        "Operating Income": 67,
        "EBIT": 83,
        "Net Income": 42
    },
    "2013-03-31": {
        "Diluted EPS": 0.73,
        "Total Revenue": 165,
        "Gross Profit": 127,
        "Operating Income": 61,
        "EBIT": 77,
        "Net Income": 29
    },
    "2012-12-31": {
        "Diluted EPS": 0.74,
        "Total Revenue": 169,
        "Gross Profit": 126,
        "Operating Income": 49,
        "EBIT": 66,
        "Net Income": 29
    },
    "2012-09-30": {
        "Diluted EPS": 0.37,
        "Total Revenue": 161,
        "Gross Profit": 118,
        "Operating Income": 51,
        "EBIT": 65,
        "Net Income": 14
    },
    "2012-06-30": {
        "Diluted EPS": 0.78,
        "Total Revenue": 153,
        "Gross Profit": 115,
        "Operating Income": 63,
        "EBIT": 76,
        "Net Income": 30
    },
    "2012-03-31": {
        "Diluted EPS": 0.59,
        "Total Revenue": 140,
        "Gross Profit": 107,
        "Operating Income": 58,
        "EBIT": 71,
        "Net Income": 23
    },
    "2011-12-31": {
        "Diluted EPS": 0.85,
        "Total Revenue": 140,
        "Gross Profit": 111,
        "Operating Income": 61,
        "EBIT": 76,
        "Net Income": 33
    },
    "2011-09-30": {
        "Diluted EPS": 1.23,
        "Total Revenue": 152,
        "Gross Profit": 115,
        "Operating Income": 65,
        "EBIT": 79,
        "Net Income": 48
    },
    "2011-06-30": {
        "Diluted EPS": 1.04,
        "Total Revenue": 141,
        "Gross Profit": 109,
        "Operating Income": 61,
        "EBIT": 72,
        "Net Income": 41
    },
    "2011-03-31": {
        "Diluted EPS": 0.31,
        "Total Revenue": 120,
        "Gross Profit": 93,
        "Operating Income": 46,
        "EBIT": 60,
        "Net Income": 12
    },
    "2010-12-31": {
        "Diluted EPS": 0.47,
        "Total Revenue": 115,
        "Gross Profit": 90,
        "Operating Income": 43,
        "EBIT": 57,
        "Net Income": 19
    },
    "2010-09-30": {
        "Diluted EPS": 0.53,
        "Total Revenue": 100,
        "Gross Profit": 74,
        "Operating Income": 36,
        "EBIT": 45,
        "Net Income": 21
    },
    "2010-06-30": {
        "Diluted EPS": 0.77,
        "Total Revenue": 91,
        "Gross Profit": 73,
        "Operating Income": 39,
        "EBIT": 47,
        "Net Income": 30
    },
    "2010-03-31": {
        "Diluted EPS": 0.48,
        "Total Revenue": 84,
        "Gross Profit": 65,
        "Operating Income": 32,
        "EBIT": 40,
        "Net Income": 19
    },
    "2009-12-31": {
        "Diluted EPS": 0.31,
        "Total Revenue": 83,
        "Gross Profit": 67,
        "Operating Income": 30,
        "EBIT": 38,
        "Net Income": 12
    },
    "2009-09-30": {
        "Diluted EPS": 0.6,
        "Total Revenue": 86,
        "Gross Profit": 68,
        "Operating Income": 36,
        "EBIT": 44,
        "Net Income": 23
    },
    "2009-06-30": {
        "Diluted EPS": 2.36,
        "Total Revenue": 78,
        "Gross Profit": 64,
        "Operating Income": 32,
        "EBIT": 40,
        "Net Income": 93
    },
    "2009-03-31": {
        "Diluted EPS": 0.28,
        "Total Revenue": 68,
        "Gross Profit": 53,
        "Operating Income": 19,
        "EBIT": 29,
        "Net Income": 11
    },
    "2023-09-30": {
        "Tax Effect Of Unusual Items": NaN,
        "Tax Rate For Calcs": NaN,
        "Normalized EBITDA": NaN,
        "Total Unusual Items": NaN,
        "Total Unusual Items Excluding Goodwill": NaN,
        "Net Income From Continuing Operation Net Minority Interest": NaN,
        "Reconciled Depreciation": NaN,
        "Reconciled Cost Of Revenue": NaN,
        "EBITDA": NaN,
        "EBIT": NaN,
        "Net Interest Income": NaN,
        "Interest Expense": NaN,
        "Normalized Income": NaN,
        "Net Income From Continuing And Discontinued Operation": NaN,
        "Total Expenses": NaN,
        "Total Operating Income As Reported": NaN,
        "Diluted Average Shares": NaN,
        "Basic Average Shares": NaN,
        "Diluted EPS": NaN,
        "Basic EPS": NaN,
        "Diluted NI Availto Com Stockholders": NaN,
        "Net Income Common Stockholders": NaN,
        "Net Income": NaN,
        "Minority Interests": 0.0,
        "Net Income Including Noncontrolling Interests": NaN,
        "Net Income Continuous Operations": NaN,
        "Tax Provision": NaN,
        "Pretax Income": NaN,
        "Other Income Expense": NaN,
        "Special Income Charges": NaN,
        "Other Special Charges": 70100000.0,
        "Impairment Of Capital Assets": 0.0,
        "Restructuring And Mergern Acquisition": NaN,
        "Gain On Sale Of Security": NaN,
        "Net Non Operating Interest Income Expense": NaN,
        "Interest Expense Non Operating": NaN,
        "Operating Income": NaN,
        "Operating Expense": NaN,
        "Depreciation Amortization Depletion Income Statement": NaN,
        "Depreciation And Amortization In Income Statement": NaN,
        "Selling General And Administration": NaN,
        "Selling And Marketing Expense": NaN,
        "General And Administrative Expense": NaN,
        "Other Gand A": NaN,
        "Gross Profit": NaN,
        "Cost Of Revenue": NaN,
        "Total Revenue": NaN,
        "Operating Revenue": NaN
    },
    "2023-12-31": {
        "Tax Effect Of Unusual Items": NaN,
        "Tax Rate For Calcs": NaN,
        "Normalized EBITDA": NaN,
        "Total Unusual Items": NaN,
        "Total Unusual Items Excluding Goodwill": NaN,
        "Net Income From Continuing Operation Net Minority Interest": NaN,
        "Reconciled Depreciation": NaN,
        "Reconciled Cost Of Revenue": NaN,
        "EBITDA": NaN,
        "EBIT": NaN,
        "Net Interest Income": NaN,
        "Interest Expense": NaN,
        "Normalized Income": NaN,
        "Net Income From Continuing And Discontinued Operation": NaN,
        "Total Expenses": NaN,
        "Total Operating Income As Reported": NaN,
        "Diluted Average Shares": NaN,
        "Basic Average Shares": NaN,
        "Diluted EPS": NaN,
        "Basic EPS": NaN,
        "Diluted NI Availto Com Stockholders": NaN,
        "Net Income Common Stockholders": NaN,
        "Net Income": NaN,
        "Minority Interests": 0.0,
        "Net Income Including Noncontrolling Interests": NaN,
        "Net Income Continuous Operations": NaN,
        "Tax Provision": NaN,
        "Pretax Income": NaN,
        "Other Income Expense": NaN,
        "Special Income Charges": NaN,
        "Other Special Charges": 0.0,
        "Impairment Of Capital Assets": 0.0,
        "Restructuring And Mergern Acquisition": NaN,
        "Gain On Sale Of Security": NaN,
        "Net Non Operating Interest Income Expense": NaN,
        "Interest Expense Non Operating": NaN,
        "Operating Income": NaN,
        "Operating Expense": NaN,
        "Depreciation Amortization Depletion Income Statement": NaN,
        "Depreciation And Amortization In Income Statement": NaN,
        "Selling General And Administration": NaN,
        "Selling And Marketing Expense": NaN,
        "General And Administrative Expense": NaN,
        "Other Gand A": NaN,
        "Gross Profit": NaN,
        "Cost Of Revenue": NaN,
        "Total Revenue": NaN,
        "Operating Revenue": NaN
    },
    "2024-03-31": {
        "Tax Effect Of Unusual Items": -3819800.0,
        "Tax Rate For Calcs": 0.269,
        "Normalized EBITDA": 242900000.0,
        "Total Unusual Items": -14200000.0,
        "Total Unusual Items Excluding Goodwill": -14200000.0,
        "Net Income From Continuing Operation Net Minority Interest": 65800000.0,
        "Reconciled Depreciation": 78400000.0,
        "Reconciled Cost Of Revenue": 236000000.0,
        "EBITDA": 228700000.0,
        "EBIT": 150300000.0,
        "Net Interest Income": -60300000.0,
        "Interest Expense": 60300000.0,
        "Normalized Income": 76180200.0,
        "Net Income From Continuing And Discontinued Operation": 65800000.0,
        "Total Expenses": 488200000.0,
        "Total Operating Income As Reported": 164500000.0,
        "Diluted Average Shares": 42400000.0,
        "Basic Average Shares": 41800000.0,
        "Diluted EPS": 1.55,
        "Basic EPS": 1.57,
        "Diluted NI Availto Com Stockholders": 65800000.0,
        "Net Income Common Stockholders": 65800000.0,
        "Net Income": 65800000.0,
        "Minority Interests": NaN,
        "Net Income Including Noncontrolling Interests": 65800000.0,
        "Net Income Continuous Operations": 65800000.0,
        "Tax Provision": 24200000.0,
        "Pretax Income": 90000000.0,
        "Other Income Expense": -14200000.0,
        "Special Income Charges": -1700000.0,
        "Other Special Charges": NaN,
        "Impairment Of Capital Assets": NaN,
        "Restructuring And Mergern Acquisition": 1700000.0,
        "Gain On Sale Of Security": -12500000.0,
        "Net Non Operating Interest Income Expense": -60300000.0,
        "Interest Expense Non Operating": 60300000.0,
        "Operating Income": 164500000.0,
        "Operating Expense": 221000000.0,
        "Depreciation Amortization Depletion Income Statement": 47200000.0,
        "Depreciation And Amortization In Income Statement": 47200000.0,
        "Selling General And Administration": 173800000.0,
        "Selling And Marketing Expense": 85300000.0,
        "General And Administrative Expense": 88500000.0,
        "Other Gand A": 88500000.0,
        "Gross Profit": 385500000.0,
        "Cost Of Revenue": 267200000.0,
        "Total Revenue": 652700000.0,
        "Operating Revenue": 545600000.0
    },
    "2024-06-30": {
        "Tax Effect Of Unusual Items": -577500.0,
        "Tax Rate For Calcs": 0.275,
        "Normalized EBITDA": 247700000.0,
        "Total Unusual Items": -2100000.0,
        "Total Unusual Items Excluding Goodwill": -2100000.0,
        "Net Income From Continuing Operation Net Minority Interest": 77000000.0,
        "Reconciled Depreciation": 79600000.0,
        "Reconciled Cost Of Revenue": 231000000.0,
        "EBITDA": 245600000.0,
        "EBIT": 166000000.0,
        "Net Interest Income": -59900000.0,
        "Interest Expense": 59900000.0,
        "Normalized Income": 78522500.0,
        "Net Income From Continuing And Discontinued Operation": 77000000.0,
        "Total Expenses": 505300000.0,
        "Total Operating Income As Reported": 168100000.0,
        "Diluted Average Shares": 42000000.0,
        "Basic Average Shares": 41700000.0,
        "Diluted EPS": 1.83,
        "Basic EPS": 1.85,
        "Diluted NI Availto Com Stockholders": 77000000.0,
        "Net Income Common Stockholders": 77000000.0,
        "Net Income": 77000000.0,
        "Net Income Including Noncontrolling Interests": 77000000.0,
        "Net Income Continuous Operations": 77000000.0,
        "Tax Provision": 29100000.0,
        "Pretax Income": 106100000.0,
        "Other Income Expense": -2100000.0,
        "Special Income Charges": -1700000.0,
        "Restructuring And Mergern Acquisition": 1700000.0,
        "Gain On Sale Of Security": -400000.0,
        "Net Non Operating Interest Income Expense": -59900000.0,
        "Interest Expense Non Operating": 59900000.0,
        "Operating Income": 168200000.0,
        "Operating Expense": 241600000.0,
        "Depreciation Amortization Depletion Income Statement": 46900000.0,
        "Depreciation And Amortization In Income Statement": 46900000.0,
        "Selling General And Administration": 194700000.0,
        "Selling And Marketing Expense": 93700000.0,
        "General And Administrative Expense": 101000000.0,
        "Other Gand A": 101000000.0,
        "Gross Profit": 409800000.0,
        "Cost Of Revenue": 263700000.0,
        "Total Revenue": 673500000.0,
        "Operating Revenue": 564800000.0
    },
    "2024-09-30": {
        "Tax Effect Of Unusual Items": 840100.0,
        "Tax Rate For Calcs": 0.271,
        "Normalized EBITDA": 277900000.0,
        "Total Unusual Items": 3100000.0,
        "Total Unusual Items Excluding Goodwill": 3100000.0,
        "Net Income From Continuing Operation Net Minority Interest": 102900000.0,
        "Reconciled Depreciation": 81500000.0,
        "Reconciled Cost Of Revenue": 214700000.0,
        "EBITDA": 281000000.0,
        "EBIT": 199500000.0,
        "Net Interest Income": -58400000.0,
        "Interest Expense": 58400000.0,
        "Normalized Income": 100640100.0,
        "Net Income From Continuing And Discontinued Operation": 102900000.0,
        "Total Expenses": 469200000.0,
        "Total Operating Income As Reported": 196400000.0,
        "Diluted Average Shares": 40800000.0,
        "Basic Average Shares": 40300000.0,
        "Diluted EPS": 2.52,
        "Basic EPS": 2.56,
        "Diluted NI Availto Com Stockholders": 102900000.0,
        "Net Income Common Stockholders": 102900000.0,
        "Net Income": 102900000.0,
        "Net Income Including Noncontrolling Interests": 102900000.0,
        "Net Income Continuous Operations": 102900000.0,
        "Tax Provision": 38200000.0,
        "Pretax Income": 141100000.0,
        "Other Income Expense": 3100000.0,
        "Special Income Charges": -100000.0,
        "Restructuring And Mergern Acquisition": 100000.0,
        "Gain On Sale Of Security": 3200000.0,
        "Net Non Operating Interest Income Expense": -58400000.0,
        "Interest Expense Non Operating": 58400000.0,
        "Operating Income": 196300000.0,
        "Operating Expense": 219900000.0,
        "Depreciation Amortization Depletion Income Statement": 46900000.0,
        "Depreciation And Amortization In Income Statement": 46900000.0,
        "Selling General And Administration": 173000000.0,
        "Selling And Marketing Expense": 80900000.0,
        "General And Administrative Expense": 92100000.0,
        "Other Gand A": 92100000.0,
        "Gross Profit": 416200000.0,
        "Cost Of Revenue": 249300000.0,
        "Total Revenue": 665500000.0,
        "Operating Revenue": 555000000.0
    },
    "2024-12-31": {
        "Tax Effect Of Unusual Items": -3995533.498759,
        "Tax Rate For Calcs": 0.205955,
        "Normalized EBITDA": 239200000.0,
        "Total Unusual Items": -19400000.0,
        "Total Unusual Items Excluding Goodwill": -19400000.0,
        "Net Income From Continuing Operation Net Minority Interest": 63900000.0,
        "Reconciled Depreciation": 81800000.0,
        "Reconciled Cost Of Revenue": 222100000.0,
        "EBITDA": 219800000.0,
        "EBIT": 138000000.0,
        "Net Interest Income": -57400000.0,
        "Interest Expense": 57400000.0,
        "Normalized Income": 79304466.501241,
        "Net Income From Continuing And Discontinued Operation": 63900000.0,
        "Total Expenses": 479200000.0,
        "Total Operating Income As Reported": 157300000.0,
        "Diluted Average Shares": 40000000.0,
        "Basic Average Shares": 39400000.0,
        "Diluted EPS": 1.6,
        "Basic EPS": 1.62,
        "Diluted NI Availto Com Stockholders": 63900000.0,
        "Net Income Common Stockholders": 63900000.0,
        "Net Income": 63900000.0,
        "Net Income Including Noncontrolling Interests": 63900000.0,
        "Net Income Continuous Operations": 64000000.0,
        "Tax Provision": 16600000.0,
        "Pretax Income": 80600000.0,
        "Other Income Expense": -19400000.0,
        "Special Income Charges": -3000000.0,
        "Restructuring And Mergern Acquisition": 3000000.0,
        "Gain On Sale Of Security": -16400000.0,
        "Net Non Operating Interest Income Expense": -57400000.0,
        "Interest Expense Non Operating": 57400000.0,
        "Operating Income": 157300000.0,
        "Operating Expense": 221700000.0,
        "Depreciation Amortization Depletion Income Statement": 46400000.0,
        "Depreciation And Amortization In Income Statement": 46400000.0,
        "Selling General And Administration": 175300000.0,
        "Selling And Marketing Expense": 81100000.0,
        "General And Administrative Expense": 94200000.0,
        "Other Gand A": 94200000.0,
        "Gross Profit": 379000000.0,
        "Cost Of Revenue": 257500000.0,
        "Total Revenue": 636500000.0,
        "Operating Revenue": 523900000.0
    },
    "2025-03-31": {
        "Tax Effect Of Unusual Items": -1123200.0,
        "Tax Rate For Calcs": 0.288,
        "Normalized EBITDA": 238800000.0,
        "Total Unusual Items": -3900000.0,
        "Total Unusual Items Excluding Goodwill": -3900000.0,
        "Net Income From Continuing Operation Net Minority Interest": 71500000.0,
        "Reconciled Depreciation": 81500000.0,
        "Reconciled Cost Of Revenue": 233200000.0,
        "EBITDA": 234900000.0,
        "EBIT": 153400000.0,
        "Net Interest Income": -53000000.0,
        "Interest Expense": 53000000.0,
        "Normalized Income": 74276800.0,
        "Net Income From Continuing And Discontinued Operation": 71500000.0,
        "Total Expenses": 479300000.0,
        "Total Operating Income As Reported": 157300000.0,
        "Diluted Average Shares": 39400000.0,
        "Basic Average Shares": 38900000.0,
        "Diluted EPS": 1.81,
        "Basic EPS": 1.84,
        "Diluted NI Availto Com Stockholders": 71500000.0,
        "Net Income Common Stockholders": 71500000.0,
        "Net Income": 71500000.0,
        "Net Income Including Noncontrolling Interests": 71500000.0,
        "Net Income Continuous Operations": 71500000.0,
        "Tax Provision": 28900000.0,
        "Pretax Income": 100400000.0,
        "Other Income Expense": -3900000.0,
        "Special Income Charges": -800000.0,
        "Restructuring And Mergern Acquisition": 800000.0,
        "Gain On Sale Of Security": -3100000.0,
        "Net Non Operating Interest Income Expense": -53000000.0,
        "Interest Expense Non Operating": 53000000.0,
        "Operating Income": 157300000.0,
        "Operating Expense": 209300000.0,
        "Depreciation Amortization Depletion Income Statement": 44700000.0,
        "Depreciation And Amortization In Income Statement": 44700000.0,
        "Selling General And Administration": 164600000.0,
        "Selling And Marketing Expense": 90900000.0,
        "General And Administrative Expense": 73700000.0,
        "Other Gand A": 73700000.0,
        "Gross Profit": 366600000.0,
        "Cost Of Revenue": 270000000.0,
        "Total Revenue": 636600000.0,
        "Operating Revenue": 526600000.0
    },
    "2025-06-30": {
        "Tax Effect Of Unusual Items": 432000.0,
        "Tax Rate For Calcs": 0.27,
        "Normalized EBITDA": 240800000.0,
        "Total Unusual Items": 1600000.0,
        "Total Unusual Items Excluding Goodwill": 1600000.0,
        "Net Income From Continuing Operation Net Minority Interest": 68100000.0,
        "Reconciled Depreciation": 84000000.0,
        "Reconciled Cost Of Revenue": 234800000.0,
        "EBITDA": 242400000.0,
        "EBIT": 158400000.0,
        "Net Interest Income": -65000000.0,
        "Interest Expense": 65000000.0,
        "Normalized Income": 66932000.0,
        "Net Income From Continuing And Discontinued Operation": 68100000.0,
        "Total Expenses": 502800000.0,
        "Total Operating Income As Reported": 156800000.0,
        "Diluted Average Shares": 34400000.0,
        "Basic Average Shares": 34300000.0,
        "Diluted EPS": 1.98,
        "Basic EPS": 1.98,
        "Diluted NI Availto Com Stockholders": 68100000.0,
        "Net Income Common Stockholders": 68100000.0,
        "Net Income": 68100000.0,
        "Net Income Including Noncontrolling Interests": 68100000.0,
        "Net Income Continuous Operations": 68200000.0,
        "Tax Provision": 25200000.0,
        "Pretax Income": 93400000.0,
        "Other Income Expense": 1600000.0,
        "Special Income Charges": -800000.0,
        "Restructuring And Mergern Acquisition": 800000.0,
        "Gain On Sale Of Security": 2400000.0,
        "Net Non Operating Interest Income Expense": -65000000.0,
        "Interest Expense Non Operating": 65000000.0,
        "Operating Income": 156800000.0,
        "Operating Expense": 230000000.0,
        "Depreciation Amortization Depletion Income Statement": 46000000.0,
        "Depreciation And Amortization In Income Statement": 46000000.0,
        "Selling General And Administration": 184000000.0,
        "Selling And Marketing Expense": 97700000.0,
        "General And Administrative Expense": 86300000.0,
        "Other Gand A": 86300000.0,
        "Gross Profit": 386800000.0,
        "Cost Of Revenue": 272800000.0,
        "Total Revenue": 659600000.0,
        "Operating Revenue": 543500000.0
    }
}