{
    "2023-05-31": {
        "Tax Effect Of Unusual Items": NaN,
        "Tax Rate For Calcs": NaN,
        "Normalized EBITDA": NaN,
        "Total Unusual Items": 0.0,
        "Total Unusual Items Excluding Goodwill": 0.0,
        "Net Income From Continuing Operation Net Minority Interest": NaN,
        "Reconciled Depreciation": NaN,
        "Reconciled Cost Of Revenue": NaN,
        "EBITDA": NaN,
        "EBIT": NaN,
        "Net Interest Income": NaN,
        "Interest Expense": NaN,
        "Normalized Income": NaN,
        "Net Income From Continuing And Discontinued Operation": NaN,
        "Total Expenses": NaN,
        "Total Operating Income As Reported": NaN,
        "Diluted Average Shares": 35400000.0,
        "Basic Average Shares": 30400000.0,
        "Diluted EPS": 1.71,
        "Basic EPS": 1.95,
        "Diluted NI Availto Com Stockholders": NaN,
        "Average Dilution Earnings": NaN,
        "Net Income Common Stockholders": NaN,
        "Net Income": NaN,
        "Net Income Including Noncontrolling Interests": NaN,
        "Net Income Continuous Operations": NaN,
        "Tax Provision": NaN,
        "Pretax Income": NaN,
        "Other Income Expense": NaN,
        "Other Non Operating Income Expenses": NaN,
        "Special Income Charges": 0.0,
        "Other Special Charges": NaN,
        "Gain On Sale Of Security": NaN,
        "Net Non Operating Interest Income Expense": NaN,
        "Interest Expense Non Operating": NaN,
        "Operating Income": NaN,
        "Operating Expense": NaN,
        "Depreciation Amortization Depletion Income Statement": NaN,
        "Depreciation And Amortization In Income Statement": NaN,
        "Amortization": NaN,
        "Amortization Of Intangibles Income Statement": NaN,
        "Selling General And Administration": NaN,
        "Gross Profit": NaN,
        "Cost Of Revenue": NaN,
        "Total Revenue": NaN,
        "Operating Revenue": NaN
    },
    "2023-02-28": {
        "Tax Effect Of Unusual Items": NaN,
        "Tax Rate For Calcs": NaN,
        "Normalized EBITDA": NaN,
        "Total Unusual Items": 0.0,
        "Total Unusual Items Excluding Goodwill": 0.0,
        "Net Income From Continuing Operation Net Minority Interest": NaN,
        "Reconciled Depreciation": NaN,
        "Reconciled Cost Of Revenue": NaN,
        "EBITDA": NaN,
        "EBIT": NaN,
        "Net Interest Income": NaN,
        "Interest Expense": NaN,
        "Normalized Income": NaN,
        "Net Income From Continuing And Discontinued Operation": NaN,
        "Total Expenses": NaN,
        "Total Operating Income As Reported": NaN,
        "Diluted Average Shares": 35500000.0,
        "Basic Average Shares": 30500000.0,
        "Diluted EPS": 1.52,
        "Basic EPS": 1.73,
        "Diluted NI Availto Com Stockholders": NaN,
        "Net Income Common Stockholders": NaN,
        "Net Income": NaN,
        "Net Income Including Noncontrolling Interests": NaN,
        "Net Income Continuous Operations": NaN,
        "Tax Provision": NaN,
        "Pretax Income": NaN,
        "Other Income Expense": NaN,
        "Other Non Operating Income Expenses": NaN,
        "Special Income Charges": 0.0,
        "Other Special Charges": NaN,
        "Gain On Sale Of Security": NaN,
        "Net Non Operating Interest Income Expense": NaN,
        "Interest Expense Non Operating": NaN,
        "Operating Income": NaN,
        "Operating Expense": NaN,
        "Depreciation Amortization Depletion Income Statement": NaN,
        "Depreciation And Amortization In Income Statement": NaN,
        "Amortization": NaN,
        "Amortization Of Intangibles Income Statement": NaN,
        "Selling General And Administration": NaN,
        "Gross Profit": NaN,
        "Cost Of Revenue": NaN,
        "Total Revenue": NaN,
        "Operating Revenue": NaN
    },
    "2022-11-30": {
        "Tax Effect Of Unusual Items": NaN,
        "Tax Rate For Calcs": NaN,
        "Normalized EBITDA": NaN,
        "Total Unusual Items": NaN,
        "Total Unusual Items Excluding Goodwill": NaN,
        "Net Income From Continuing Operation Net Minority Interest": NaN,
        "Reconciled Depreciation": NaN,
        "Reconciled Cost Of Revenue": NaN,
        "EBITDA": NaN,
        "EBIT": NaN,
        "Net Interest Income": NaN,
        "Interest Expense": NaN,
        "Normalized Income": NaN,
        "Net Income From Continuing And Discontinued Operation": NaN,
        "Total Expenses": NaN,
        "Total Operating Income As Reported": NaN,
        "Diluted Average Shares": NaN,
        "Basic Average Shares": NaN,
        "Diluted EPS": NaN,
        "Basic EPS": NaN,
        "Diluted NI Availto Com Stockholders": NaN,
        "Average Dilution Earnings": 1200000.0,
        "Net Income Common Stockholders": NaN,
        "Net Income": NaN,
        "Net Income Including Noncontrolling Interests": NaN,
        "Net Income Continuous Operations": NaN,
        "Tax Provision": NaN,
        "Pretax Income": NaN,
        "Other Income Expense": NaN,
        "Other Non Operating Income Expenses": NaN,
        "Special Income Charges": NaN,
        "Other Special Charges": NaN,
        "Gain On Sale Of Security": NaN,
        "Net Non Operating Interest Income Expense": NaN,
        "Interest Expense Non Operating": NaN,
        "Operating Income": NaN,
        "Operating Expense": NaN,
        "Depreciation Amortization Depletion Income Statement": NaN,
        "Depreciation And Amortization In Income Statement": NaN,
        "Amortization": NaN,
        "Amortization Of Intangibles Income Statement": NaN,
        "Selling General And Administration": NaN,
        "Gross Profit": NaN,
        "Cost Of Revenue": NaN,
        "Total Revenue": NaN,
        "Operating Revenue": NaN
    },
    "2022-08-31": {
        "Tax Effect Of Unusual Items": 0.0,
        "Tax Rate For Calcs": 0.252191,
        "Normalized EBITDA": 125919000.0,
        "Net Income From Continuing Operation Net Minority Interest": 82609000.0,
        "Reconciled Depreciation": 5216000.0,
        "Reconciled Cost Of Revenue": 968737000.0,
        "EBITDA": 125919000.0,
        "EBIT": 120703000.0,
        "Net Interest Income": -10235000.0,
        "Interest Expense": 10235000.0,
        "Normalized Income": 82609000.0,
        "Net Income From Continuing And Discontinued Operation": 82609000.0,
        "Total Expenses": 1055477000.0,
        "Total Operating Income As Reported": 123644000.0,
        "Diluted Average Shares": 31593000.0,
        "Basic Average Shares": 31092000.0,
        "Diluted EPS": 2.61,
        "Basic EPS": 2.66,
        "Diluted NI Availto Com Stockholders": 82609000.0,
        "Average Dilution Earnings": NaN,
        "Net Income Common Stockholders": 82609000.0,
        "Net Income": 82609000.0,
        "Net Income Including Noncontrolling Interests": 82609000.0,
        "Net Income Continuous Operations": 82609000.0,
        "Tax Provision": 27859000.0,
        "Pretax Income": 110468000.0,
        "Other Income Expense": -2941000.0,
        "Other Non Operating Income Expenses": -2941000.0,
        "Net Non Operating Interest Income Expense": -10235000.0,
        "Interest Expense Non Operating": 10235000.0,
        "Operating Income": 123644000.0,
        "Operating Expense": 86740000.0,
        "Depreciation Amortization Depletion Income Statement": 5216000.0,
        "Depreciation And Amortization In Income Statement": 5216000.0,
        "Amortization": 5216000.0,
        "Amortization Of Intangibles Income Statement": 5216000.0,
        "Selling General And Administration": 81524000.0,
        "Gross Profit": 210384000.0,
        "Cost Of Revenue": 968737000.0,
        "Total Revenue": 1179121000.0,
        "Operating Revenue": 1179121000.0
    },
    "2022-05-31": {
        "Tax Effect Of Unusual Items": 0.0,
        "Tax Rate For Calcs": 0.242,
        "Normalized EBITDA": 179339000.0,
        "Net Income From Continuing Operation Net Minority Interest": 117222000.0,
        "Reconciled Depreciation": 14280000.0,
        "Reconciled Cost Of Revenue": 1178910000.0,
        "EBIT": 165059000.0,
        "Net Interest Income": -10511000.0,
        "Interest Expense": 10511000.0,
        "Normalized Income": 117222000.0,
        "Net Income From Continuing And Discontinued Operation": 117222000.0,
        "Total Expenses": 1281421000.0,
        "Total Operating Income As Reported": 176717000.0,
        "Diluted Average Shares": 32900000.0,
        "Basic Average Shares": 32400000.0,
        "Diluted EPS": 3.57,
        "Basic EPS": 3.62,
        "Diluted NI Availto Com Stockholders": 117222000.0,
        "Average Dilution Earnings": NaN,
        "Net Income Common Stockholders": 117222000.0,
        "Net Income": 117222000.0,
        "Net Income Including Noncontrolling Interests": 117222000.0,
        "Net Income Continuous Operations": 117222000.0,
        "Tax Provision": 37326000.0,
        "Pretax Income": 154548000.0,
        "Other Income Expense": -11658000.0,
        "Other Non Operating Income Expenses": -11658000.0,
        "Net Non Operating Interest Income Expense": -10511000.0,
        "Interest Expense Non Operating": 10511000.0,
        "Operating Income": 176717000.0,
        "Operating Expense": 96247000.0,
        "Depreciation Amortization Depletion Income Statement": 8016000.0,
        "Depreciation And Amortization In Income Statement": 8016000.0,
        "Amortization": 8016000.0,
        "Amortization Of Intangibles Income Statement": 8016000.0,
        "Selling General And Administration": 88231000.0,
        "Gross Profit": 272964000.0,
        "Cost Of Revenue": 1185174000.0,
        "Total Revenue": 1458138000.0,
        "Operating Revenue": 1458138000.0
    },
    "2022-02-28": {
        "Diluted EPS": 2.69,
        "Total Revenue": NaN,
        "Gross Profit": 217,
        "Operating Income": 137,
        "EBIT": 151,
        "Net Income": 91
    },
    "2021-11-30": {
        "Diluted EPS": 2.9,
        "Total Revenue": NaN,
        "Gross Profit": 229,
        "Operating Income": 146,
        "EBIT": 161,
        "Net Income": 100
    },
    "2021-08-31": {
        "Diluted EPS": 2.49,
        "Total Revenue": NaN,
        "Gross Profit": 187,
        "Operating Income": 120,
        "EBIT": 129,
        "Net Income": 84
    },
    "2021-05-31": {
        "Diluted EPS": 2.05,
        "Total Revenue": 961,
        "Gross Profit": 170,
        "Operating Income": 102,
        "EBIT": 112,
        "Net Income": 71
    },
    "2021-02-28": {
        "Diluted EPS": 2.04,
        "Total Revenue": 840,
        "Gross Profit": 157,
        "Operating Income": 100,
        "EBIT": 109,
        "Net Income": 69
    },
    "2020-11-30": {
        "Diluted EPS": 1.7,
        "Total Revenue": 793,
        "Gross Profit": 137,
        "Operating Income": 85,
        "EBIT": 93,
        "Net Income": 57
    },
    "2020-08-31": {
        "Diluted EPS": 1.26,
        "Total Revenue": 738,
        "Gross Profit": 123,
        "Operating Income": 68,
        "EBIT": 81,
        "Net Income": 42
    },
    "2020-05-31": {
        "Diluted EPS": -0.37,
        "Total Revenue": 402,
        "Gross Profit": 32,
        "Operating Income": -8,
        "EBIT": 4,
        "Net Income": -12
    },
    "2020-02-29": {
        "Diluted EPS": 0.51,
        "Total Revenue": 627,
        "Gross Profit": 80,
        "Operating Income": 30,
        "EBIT": 42,
        "Net Income": 17
    },
    "2019-11-30": {
        "Diluted EPS": 0.44,
        "Total Revenue": 588,
        "Gross Profit": 79,
        "Operating Income": 24,
        "EBIT": 32,
        "Net Income": 14
    },
    "2019-08-31": {
        "Diluted EPS": 1.0,
        "Total Revenue": 530,
        "Gross Profit": 83,
        "Operating Income": 45,
        "EBIT": 52,
        "Net Income": 32
    },
    "2019-05-31": {
        "Diluted EPS": 1.14,
        "Total Revenue": 529,
        "Gross Profit": 87,
        "Operating Income": 49,
        "EBIT": 55,
        "Net Income": 36
    },
    "2019-02-28": {
        "Diluted EPS": 0.68,
        "Total Revenue": 433,
        "Gross Profit": 66,
        "Operating Income": 29,
        "EBIT": 35,
        "Net Income": 22
    },
    "2018-11-30": {
        "Diluted EPS": 0.7,
        "Total Revenue": 494,
        "Gross Profit": 71,
        "Operating Income": 33,
        "EBIT": 39,
        "Net Income": 22
    },
    "2018-08-31": {
        "Diluted EPS": 0.94,
        "Total Revenue": 536,
        "Gross Profit": 84,
        "Operating Income": 46,
        "EBIT": 53,
        "Net Income": 30
    },
    "2018-05-31": {
        "Diluted EPS": 1.02,
        "Total Revenue": 562,
        "Gross Profit": 86,
        "Operating Income": 48,
        "EBIT": 53,
        "Net Income": 33
    },
    "2018-02-28": {
        "Diluted EPS": 0.69,
        "Total Revenue": 468,
        "Gross Profit": 68,
        "Operating Income": 35,
        "EBIT": 40,
        "Net Income": 22
    },
    "2017-11-30": {
        "Diluted EPS": 0.57,
        "Total Revenue": 450,
        "Gross Profit": 63,
        "Operating Income": 31,
        "EBIT": 36,
        "Net Income": 18
    },
    "2017-08-31": {
        "Diluted EPS": 0.81,
        "Total Revenue": 455,
        "Gross Profit": 74,
        "Operating Income": 43,
        "EBIT": 48,
        "Net Income": 25
    },
    "2017-05-31": {
        "Diluted EPS": 0.61,
        "Total Revenue": 476,
        "Gross Profit": 71,
        "Operating Income": 35,
        "EBIT": 47,
        "Net Income": 19
    },
    "2017-02-28": {
        "Diluted EPS": 0.48,
        "Total Revenue": 371,
        "Gross Profit": 49,
        "Operating Income": 28,
        "EBIT": 41,
        "Net Income": 15
    },
    "2016-11-30": {
        "Diluted EPS": 0.42,
        "Total Revenue": 245,
        "Gross Profit": 29,
        "Operating Income": 18,
        "EBIT": 22,
        "Net Income": 12
    },
    "2016-08-31": {
        "Diluted EPS": 0.48,
        "Total Revenue": 263,
        "Gross Profit": 32,
        "Operating Income": 19,
        "EBIT": 20,
        "Net Income": 13
    },
    "2016-05-31": {
        "Diluted EPS": 0.53,
        "Total Revenue": 272,
        "Gross Profit": 30,
        "Operating Income": 21,
        "EBIT": 22,
        "Net Income": 14
    },
    "2016-02-29": {
        "Diluted EPS": 0.35,
        "Total Revenue": 226,
        "Gross Profit": 25,
        "Operating Income": 14,
        "EBIT": 15,
        "Net Income": 9
    },
    "2015-11-30": {
        "Diluted EPS": 0.32,
        "Total Revenue": 214,
        "Gross Profit": 25,
        "Operating Income": 13,
        "EBIT": 14,
        "Net Income": 9
    },
    "2015-08-31": {
        "Diluted EPS": 0.42,
        "Total Revenue": 251,
        "Gross Profit": 28,
        "Operating Income": 17,
        "EBIT": 18,
        "Net Income": 12
    },
    "2015-05-31": {
        "Diluted EPS": 0.43,
        "Total Revenue": 267,
        "Gross Profit": 28,
        "Operating Income": 16,
        "EBIT": 17,
        "Net Income": 12
    },
    "2015-02-28": {
        "Diluted EPS": 0.3,
        "Total Revenue": 235,
        "Gross Profit": 24,
        "Operating Income": 12,
        "EBIT": 13,
        "Net Income": 8
    },
    "2014-11-30": {
        "Diluted EPS": 0.37,
        "Total Revenue": 224,
        "Gross Profit": 24,
        "Operating Income": 14,
        "EBIT": 16,
        "Net Income": 10
    },
    "2014-08-31": {
        "Diluted EPS": 0.47,
        "Total Revenue": 246,
        "Gross Profit": 29,
        "Operating Income": 18,
        "EBIT": 19,
        "Net Income": 13
    },
    "2014-05-31": {
        "Diluted EPS": 0.42,
        "Total Revenue": 248,
        "Gross Profit": 26,
        "Operating Income": 16,
        "EBIT": 17,
        "Net Income": 11
    },
    "2014-02-28": {
        "Diluted EPS": 0.35,
        "Total Revenue": 229,
        "Gross Profit": 23,
        "Operating Income": 14,
        "EBIT": 15,
        "Net Income": 10
    },
    "2013-11-30": {
        "Diluted EPS": 0.4,
        "Total Revenue": 223,
        "Gross Profit": 26,
        "Operating Income": 16,
        "EBIT": 17,
        "Net Income": 11
    },
    "2013-08-31": {
        "Diluted EPS": 0.38,
        "Total Revenue": 214,
        "Gross Profit": 25,
        "Operating Income": 15,
        "EBIT": 17,
        "Net Income": 11
    },
    "2013-05-31": {
        "Diluted EPS": 0.27,
        "Total Revenue": 218,
        "Gross Profit": 21,
        "Operating Income": 10,
        "EBIT": 11,
        "Net Income": 8
    },
    "2013-02-28": {
        "Diluted EPS": 0.22,
        "Total Revenue": 177,
        "Gross Profit": 17,
        "Operating Income": 9,
        "EBIT": 10,
        "Net Income": 6
    },
    "2012-11-30": {
        "Diluted EPS": 0.26,
        "Total Revenue": 194,
        "Gross Profit": 21,
        "Operating Income": 10,
        "EBIT": 11,
        "Net Income": 7
    },
    "2012-08-31": {
        "Diluted EPS": 1.4,
        "Total Revenue": 163,
        "Gross Profit": 16,
        "Operating Income": 7,
        "EBIT": 8,
        "Net Income": 41
    },
    "2012-05-31": {
        "Diluted EPS": 0.13,
        "Total Revenue": 156,
        "Gross Profit": 12,
        "Operating Income": 4,
        "EBIT": 5,
        "Net Income": 4
    },
    "2012-02-29": {
        "Diluted EPS": -0.03,
        "Total Revenue": 132,
        "Gross Profit": 7,
        "Operating Income": -1,
        "EBIT": 0,
        "Net Income": -1
    },
    "2011-11-30": {
        "Diluted EPS": 0.04,
        "Total Revenue": 132,
        "Gross Profit": 8,
        "Operating Income": 1,
        "EBIT": 2,
        "Net Income": 1
    },
    "2011-08-31": {
        "Diluted EPS": 0.13,
        "Total Revenue": 131,
        "Gross Profit": 9,
        "Operating Income": 2,
        "EBIT": 3,
        "Net Income": 4
    },
    "2011-05-31": {
        "Diluted EPS": 0.04,
        "Total Revenue": 136,
        "Gross Profit": 9,
        "Operating Income": 1,
        "EBIT": 2,
        "Net Income": 1
    },
    "2011-02-28": {
        "Diluted EPS": 0.11,
        "Total Revenue": 107,
        "Gross Profit": 11,
        "Operating Income": 4,
        "EBIT": 5,
        "Net Income": 3
    },
    "2010-11-30": {
        "Diluted EPS": 0.13,
        "Total Revenue": 124,
        "Gross Profit": 11,
        "Operating Income": 5,
        "EBIT": 6,
        "Net Income": 4
    },
    "2010-08-31": {
        "Diluted EPS": 0.17,
        "Total Revenue": 123,
        "Gross Profit": 11,
        "Operating Income": 5,
        "EBIT": 6,
        "Net Income": 5
    },
    "2010-05-31": {
        "Diluted EPS": 0.21,
        "Total Revenue": 135,
        "Gross Profit": 10,
        "Operating Income": 3,
        "EBIT": 5,
        "Net Income": 6
    },
    "2010-02-28": {
        "Diluted EPS": 0.02,
        "Total Revenue": 111,
        "Gross Profit": 5,
        "Operating Income": -2,
        "EBIT": 0,
        "Net Income": 1
    },
    "2009-11-30": {
        "Diluted EPS": -0.05,
        "Total Revenue": 81,
        "Gross Profit": 1,
        "Operating Income": -6,
        "EBIT": -4,
        "Net Income": -1
    },
    "2009-08-31": {
        "Diluted EPS": -1.73,
        "Total Revenue": 59,
        "Gross Profit": -2,
        "Operating Income": -9,
        "EBIT": -7,
        "Net Income": -50
    },
    "2009-05-31": {
        "Diluted EPS": -0.29,
        "Total Revenue": 51,
        "Gross Profit": -8,
        "Operating Income": -15,
        "EBIT": -13,
        "Net Income": -9
    },
    "2009-02-28": {
        "Diluted EPS": -0.36,
        "Total Revenue": 32,
        "Gross Profit": -12,
        "Operating Income": -19,
        "EBIT": -17,
        "Net Income": -10
    },
    "2023-08-31": {
        "Tax Effect Of Unusual Items": NaN,
        "Tax Rate For Calcs": NaN,
        "Normalized EBITDA": NaN,
        "Total Unusual Items": NaN,
        "Total Unusual Items Excluding Goodwill": NaN,
        "Net Income From Continuing Operation Net Minority Interest": NaN,
        "Reconciled Depreciation": NaN,
        "Reconciled Cost Of Revenue": NaN,
        "EBITDA": NaN,
        "EBIT": NaN,
        "Net Interest Income": NaN,
        "Interest Expense": NaN,
        "Normalized Income": NaN,
        "Net Income From Continuing And Discontinued Operation": NaN,
        "Total Expenses": NaN,
        "Total Operating Income As Reported": NaN,
        "Diluted Average Shares": NaN,
        "Basic Average Shares": NaN,
        "Diluted EPS": NaN,
        "Basic EPS": NaN,
        "Diluted NI Availto Com Stockholders": NaN,
        "Average Dilution Earnings": NaN,
        "Net Income Common Stockholders": NaN,
        "Net Income": NaN,
        "Net Income Including Noncontrolling Interests": NaN,
        "Net Income Continuous Operations": NaN,
        "Tax Provision": NaN,
        "Pretax Income": NaN,
        "Other Income Expense": 1300000.0,
        "Other Non Operating Income Expenses": 1300000.0,
        "Special Income Charges": NaN,
        "Other Special Charges": NaN,
        "Gain On Sale Of Security": NaN,
        "Net Non Operating Interest Income Expense": NaN,
        "Interest Expense Non Operating": NaN,
        "Operating Income": NaN,
        "Operating Expense": NaN,
        "Depreciation Amortization Depletion Income Statement": NaN,
        "Depreciation And Amortization In Income Statement": NaN,
        "Amortization": NaN,
        "Amortization Of Intangibles Income Statement": NaN,
        "Selling General And Administration": NaN,
        "Gross Profit": NaN,
        "Cost Of Revenue": NaN,
        "Total Revenue": NaN,
        "Operating Revenue": NaN
    },
    "2023-11-30": {
        "Tax Effect Of Unusual Items": NaN,
        "Tax Rate For Calcs": NaN,
        "Normalized EBITDA": NaN,
        "Total Unusual Items": NaN,
        "Total Unusual Items Excluding Goodwill": NaN,
        "Net Income From Continuing Operation Net Minority Interest": NaN,
        "Reconciled Depreciation": NaN,
        "Reconciled Cost Of Revenue": NaN,
        "EBITDA": NaN,
        "EBIT": NaN,
        "Net Interest Income": NaN,
        "Interest Expense": NaN,
        "Normalized Income": NaN,
        "Net Income From Continuing And Discontinued Operation": NaN,
        "Total Expenses": NaN,
        "Total Operating Income As Reported": NaN,
        "Diluted Average Shares": NaN,
        "Basic Average Shares": NaN,
        "Diluted EPS": NaN,
        "Basic EPS": NaN,
        "Diluted NI Availto Com Stockholders": NaN,
        "Average Dilution Earnings": 1200000.0,
        "Net Income Common Stockholders": NaN,
        "Net Income": NaN,
        "Net Income Including Noncontrolling Interests": NaN,
        "Net Income Continuous Operations": NaN,
        "Tax Provision": NaN,
        "Pretax Income": NaN,
        "Other Income Expense": NaN,
        "Other Non Operating Income Expenses": NaN,
        "Special Income Charges": NaN,
        "Other Special Charges": NaN,
        "Gain On Sale Of Security": NaN,
        "Net Non Operating Interest Income Expense": NaN,
        "Interest Expense Non Operating": NaN,
        "Operating Income": NaN,
        "Operating Expense": NaN,
        "Depreciation Amortization Depletion Income Statement": NaN,
        "Depreciation And Amortization In Income Statement": NaN,
        "Amortization": NaN,
        "Amortization Of Intangibles Income Statement": NaN,
        "Selling General And Administration": NaN,
        "Gross Profit": NaN,
        "Cost Of Revenue": NaN,
        "Total Revenue": NaN,
        "Operating Revenue": NaN
    },
    "2024-02-29": {
        "Tax Effect Of Unusual Items": NaN,
        "Tax Rate For Calcs": NaN,
        "Normalized EBITDA": NaN,
        "Total Unusual Items": NaN,
        "Total Unusual Items Excluding Goodwill": NaN,
        "Net Income From Continuing Operation Net Minority Interest": NaN,
        "Reconciled Depreciation": NaN,
        "Reconciled Cost Of Revenue": NaN,
        "EBITDA": NaN,
        "EBIT": NaN,
        "Net Interest Income": NaN,
        "Interest Expense": NaN,
        "Normalized Income": NaN,
        "Net Income From Continuing And Discontinued Operation": NaN,
        "Total Expenses": NaN,
        "Total Operating Income As Reported": NaN,
        "Diluted Average Shares": NaN,
        "Basic Average Shares": NaN,
        "Diluted EPS": NaN,
        "Basic EPS": NaN,
        "Diluted NI Availto Com Stockholders": NaN,
        "Average Dilution Earnings": NaN,
        "Net Income Common Stockholders": NaN,
        "Net Income": NaN,
        "Net Income Including Noncontrolling Interests": NaN,
        "Net Income Continuous Operations": NaN,
        "Tax Provision": NaN,
        "Pretax Income": NaN,
        "Other Income Expense": NaN,
        "Other Non Operating Income Expenses": NaN,
        "Special Income Charges": NaN,
        "Other Special Charges": 32700000.0,
        "Gain On Sale Of Security": -32700000.0,
        "Net Non Operating Interest Income Expense": NaN,
        "Interest Expense Non Operating": NaN,
        "Operating Income": NaN,
        "Operating Expense": NaN,
        "Depreciation Amortization Depletion Income Statement": NaN,
        "Depreciation And Amortization In Income Statement": NaN,
        "Amortization": NaN,
        "Amortization Of Intangibles Income Statement": NaN,
        "Selling General And Administration": NaN,
        "Gross Profit": NaN,
        "Cost Of Revenue": NaN,
        "Total Revenue": NaN,
        "Operating Revenue": NaN
    },
    "2024-05-31": {
        "Tax Effect Of Unusual Items": NaN,
        "Tax Rate For Calcs": NaN,
        "Normalized EBITDA": NaN,
        "Total Unusual Items": 0.0,
        "Total Unusual Items Excluding Goodwill": 0.0,
        "Net Income From Continuing Operation Net Minority Interest": NaN,
        "Reconciled Depreciation": NaN,
        "Reconciled Cost Of Revenue": NaN,
        "EBITDA": NaN,
        "EBIT": NaN,
        "Net Interest Income": NaN,
        "Interest Expense": NaN,
        "Normalized Income": NaN,
        "Net Income From Continuing And Discontinued Operation": NaN,
        "Total Expenses": NaN,
        "Total Operating Income As Reported": NaN,
        "Diluted Average Shares": NaN,
        "Basic Average Shares": NaN,
        "Diluted EPS": NaN,
        "Basic EPS": NaN,
        "Diluted NI Availto Com Stockholders": NaN,
        "Average Dilution Earnings": NaN,
        "Net Income Common Stockholders": NaN,
        "Net Income": NaN,
        "Net Income Including Noncontrolling Interests": NaN,
        "Net Income Continuous Operations": NaN,
        "Tax Provision": NaN,
        "Pretax Income": NaN,
        "Other Income Expense": NaN,
        "Other Non Operating Income Expenses": NaN,
        "Special Income Charges": 0.0,
        "Other Special Charges": NaN,
        "Net Non Operating Interest Income Expense": NaN,
        "Interest Expense Non Operating": NaN,
        "Operating Income": NaN,
        "Operating Expense": NaN,
        "Depreciation Amortization Depletion Income Statement": NaN,
        "Depreciation And Amortization In Income Statement": NaN,
        "Amortization": NaN,
        "Amortization Of Intangibles Income Statement": NaN,
        "Selling General And Administration": NaN,
        "Gross Profit": NaN,
        "Cost Of Revenue": NaN,
        "Total Revenue": NaN,
        "Operating Revenue": NaN
    },
    "2024-08-31": {
        "Tax Effect Of Unusual Items": NaN,
        "Tax Rate For Calcs": NaN,
        "Normalized EBITDA": NaN,
        "Total Unusual Items": -30300000.0,
        "Total Unusual Items Excluding Goodwill": -30300000.0,
        "Net Income From Continuing Operation Net Minority Interest": NaN,
        "Reconciled Depreciation": NaN,
        "Reconciled Cost Of Revenue": NaN,
        "EBITDA": NaN,
        "EBIT": NaN,
        "Net Interest Income": NaN,
        "Interest Expense": NaN,
        "Normalized Income": NaN,
        "Net Income From Continuing And Discontinued Operation": NaN,
        "Total Expenses": NaN,
        "Total Operating Income As Reported": NaN,
        "Diluted Average Shares": NaN,
        "Basic Average Shares": NaN,
        "Diluted EPS": NaN,
        "Basic EPS": NaN,
        "Diluted NI Availto Com Stockholders": NaN,
        "Average Dilution Earnings": NaN,
        "Net Income Common Stockholders": NaN,
        "Net Income": NaN,
        "Net Income Including Noncontrolling Interests": NaN,
        "Net Income Continuous Operations": NaN,
        "Tax Provision": NaN,
        "Pretax Income": NaN,
        "Other Income Expense": -32500000.0,
        "Other Non Operating Income Expenses": -2200000.0,
        "Special Income Charges": -30300000.0,
        "Other Special Charges": 0.0,
        "Net Non Operating Interest Income Expense": NaN,
        "Interest Expense Non Operating": NaN,
        "Operating Income": NaN,
        "Operating Expense": NaN,
        "Depreciation Amortization Depletion Income Statement": NaN,
        "Depreciation And Amortization In Income Statement": NaN,
        "Amortization": NaN,
        "Amortization Of Intangibles Income Statement": NaN,
        "Selling General And Administration": NaN,
        "Gross Profit": NaN,
        "Cost Of Revenue": NaN,
        "Total Revenue": NaN,
        "Operating Revenue": NaN
    },
    "2024-11-30": {
        "Tax Effect Of Unusual Items": 0.0,
        "Tax Rate For Calcs": 0.219,
        "Normalized EBITDA": 14400000.0,
        "Total Unusual Items": NaN,
        "Total Unusual Items Excluding Goodwill": NaN,
        "Net Income From Continuing Operation Net Minority Interest": -5200000.0,
        "Reconciled Depreciation": 15300000.0,
        "Reconciled Cost Of Revenue": 539100000.0,
        "EBITDA": 14400000.0,
        "EBIT": -900000.0,
        "Net Interest Income": -5800000.0,
        "Interest Expense": 5800000.0,
        "Normalized Income": -5200000.0,
        "Net Income From Continuing And Discontinued Operation": -5200000.0,
        "Total Expenses": 626500000.0,
        "Total Operating Income As Reported": -900000.0,
        "Diluted Average Shares": 28600000.0,
        "Basic Average Shares": 28600000.0,
        "Diluted EPS": -0.18,
        "Basic EPS": -0.18,
        "Diluted NI Availto Com Stockholders": -5200000.0,
        "Average Dilution Earnings": 0.0,
        "Net Income Common Stockholders": -5200000.0,
        "Net Income": -5200000.0,
        "Net Income Including Noncontrolling Interests": -5200000.0,
        "Net Income Continuous Operations": -5200000.0,
        "Tax Provision": -1500000.0,
        "Pretax Income": -6700000.0,
        "Other Income Expense": NaN,
        "Other Non Operating Income Expenses": NaN,
        "Special Income Charges": NaN,
        "Other Special Charges": NaN,
        "Net Non Operating Interest Income Expense": -5800000.0,
        "Interest Expense Non Operating": 5800000.0,
        "Operating Income": -900000.0,
        "Operating Expense": 77700000.0,
        "Depreciation Amortization Depletion Income Statement": 5600000.0,
        "Depreciation And Amortization In Income Statement": 5600000.0,
        "Amortization": 5600000.0,
        "Amortization Of Intangibles Income Statement": 5600000.0,
        "Selling General And Administration": 72100000.0,
        "Gross Profit": 76800000.0,
        "Cost Of Revenue": 548800000.0,
        "Total Revenue": 625600000.0,
        "Operating Revenue": 625600000.0
    },
    "2025-02-28": {
        "Tax Effect Of Unusual Items": -162000.0,
        "Tax Rate For Calcs": 0.081,
        "Normalized EBITDA": 23400000.0,
        "Total Unusual Items": -2000000.0,
        "Total Unusual Items Excluding Goodwill": -2000000.0,
        "Net Income From Continuing Operation Net Minority Interest": -400000.0,
        "Reconciled Depreciation": 15000000.0,
        "Reconciled Cost Of Revenue": 527700000.0,
        "EBITDA": 21400000.0,
        "EBIT": 6400000.0,
        "Net Interest Income": -6800000.0,
        "Interest Expense": 6800000.0,
        "Normalized Income": 1438000.0,
        "Net Income From Continuing And Discontinued Operation": -400000.0,
        "Total Expenses": 612400000.0,
        "Total Operating Income As Reported": 7800000.0,
        "Diluted Average Shares": 28100000.0,
        "Basic Average Shares": 28100000.0,
        "Diluted EPS": -0.02,
        "Basic EPS": -0.02,
        "Diluted NI Availto Com Stockholders": -400000.0,
        "Average Dilution Earnings": NaN,
        "Net Income Common Stockholders": -400000.0,
        "Net Income": -400000.0,
        "Net Income Including Noncontrolling Interests": -400000.0,
        "Net Income Continuous Operations": -400000.0,
        "Tax Provision": 0.0,
        "Pretax Income": -400000.0,
        "Other Income Expense": -1400000.0,
        "Other Non Operating Income Expenses": 600000.0,
        "Special Income Charges": -2000000.0,
        "Other Special Charges": 2000000.0,
        "Net Non Operating Interest Income Expense": -6800000.0,
        "Interest Expense Non Operating": 6800000.0,
        "Operating Income": 7800000.0,
        "Operating Expense": 75300000.0,
        "Depreciation Amortization Depletion Income Statement": 5600000.0,
        "Depreciation And Amortization In Income Statement": 5600000.0,
        "Amortization": 5600000.0,
        "Amortization Of Intangibles Income Statement": 5600000.0,
        "Selling General And Administration": 69700000.0,
        "Gross Profit": 83100000.0,
        "Cost Of Revenue": 537100000.0,
        "Total Revenue": 620200000.0,
        "Operating Revenue": 620200000.0
    },
    "2025-05-31": {
        "Tax Effect Of Unusual Items": 0.0,
        "Tax Rate For Calcs": 0.263,
        "Normalized EBITDA": 45700000.0,
        "Total Unusual Items": 0.0,
        "Total Unusual Items Excluding Goodwill": 0.0,
        "Net Income From Continuing Operation Net Minority Interest": 17600000.0,
        "Reconciled Depreciation": 15100000.0,
        "Reconciled Cost Of Revenue": 659500000.0,
        "EBITDA": 45700000.0,
        "EBIT": 30600000.0,
        "Net Interest Income": -6700000.0,
        "Interest Expense": 6700000.0,
        "Normalized Income": 17600000.0,
        "Net Income From Continuing And Discontinued Operation": 17600000.0,
        "Total Expenses": 744900000.0,
        "Total Operating Income As Reported": 30200000.0,
        "Diluted Average Shares": 28400000.0,
        "Basic Average Shares": 28000000.0,
        "Diluted EPS": 0.62,
        "Basic EPS": 0.63,
        "Diluted NI Availto Com Stockholders": 17600000.0,
        "Average Dilution Earnings": NaN,
        "Net Income Common Stockholders": 17600000.0,
        "Net Income": 17600000.0,
        "Net Income Including Noncontrolling Interests": 17600000.0,
        "Net Income Continuous Operations": 17600000.0,
        "Tax Provision": 6300000.0,
        "Pretax Income": 23900000.0,
        "Other Income Expense": 400000.0,
        "Other Non Operating Income Expenses": 400000.0,
        "Special Income Charges": 0.0,
        "Other Special Charges": NaN,
        "Net Non Operating Interest Income Expense": -6700000.0,
        "Interest Expense Non Operating": 6700000.0,
        "Operating Income": 30200000.0,
        "Operating Expense": 75800000.0,
        "Depreciation Amortization Depletion Income Statement": 5500000.0,
        "Depreciation And Amortization In Income Statement": 5500000.0,
        "Amortization": 5500000.0,
        "Amortization Of Intangibles Income Statement": 5500000.0,
        "Selling General And Administration": 70300000.0,
        "Gross Profit": 106000000.0,
        "Cost Of Revenue": 669100000.0,
        "Total Revenue": 775100000.0,
        "Operating Revenue": 775100000.0
    },
    "2025-08-31": {
        "Tax Effect Of Unusual Items": 0.0,
        "Tax Rate For Calcs": 0.21,
        "Normalized EBITDA": 35100000.0,
        "Total Unusual Items": 0.0,
        "Total Unusual Items Excluding Goodwill": 0.0,
        "Net Income From Continuing Operation Net Minority Interest": 13700000.0,
        "Reconciled Depreciation": 15200000.0,
        "Reconciled Cost Of Revenue": 668300000.0,
        "EBITDA": 35100000.0,
        "EBIT": 19900000.0,
        "Net Interest Income": -6600000.0,
        "Interest Expense": 6600000.0,
        "Normalized Income": 13700000.0,
        "Net Income From Continuing And Discontinued Operation": 13700000.0,
        "Total Expenses": 757200000.0,
        "Total Operating Income As Reported": 20100000.0,
        "Diluted Average Shares": 28200000.0,
        "Basic Average Shares": 28000000.0,
        "Diluted EPS": 0.49,
        "Basic EPS": 0.49,
        "Diluted NI Availto Com Stockholders": 13700000.0,
        "Average Dilution Earnings": NaN,
        "Net Income Common Stockholders": 13700000.0,
        "Net Income": 13700000.0,
        "Net Income Including Noncontrolling Interests": 13700000.0,
        "Net Income Continuous Operations": 13700000.0,
        "Tax Provision": -400000.0,
        "Pretax Income": 13300000.0,
        "Other Income Expense": -200000.0,
        "Other Non Operating Income Expenses": -200000.0,
        "Special Income Charges": 0.0,
        "Other Special Charges": 0.0,
        "Net Non Operating Interest Income Expense": -6600000.0,
        "Interest Expense Non Operating": 6600000.0,
        "Operating Income": 20100000.0,
        "Operating Expense": 79100000.0,
        "Depreciation Amortization Depletion Income Statement": 5400000.0,
        "Depreciation And Amortization In Income Statement": 5400000.0,
        "Amortization": 5400000.0,
        "Amortization Of Intangibles Income Statement": 5400000.0,
        "Selling General And Administration": 73700000.0,
        "Gross Profit": 99200000.0,
        "Cost Of Revenue": 678100000.0,
        "Total Revenue": 777300000.0,
        "Operating Revenue": 777300000.0
    },
    "2025-11-30": {
        "Tax Effect Of Unusual Items": 0.0,
        "Tax Rate For Calcs": 0.348,
        "Normalized EBITDA": 29100000.0,
        "Total Unusual Items": NaN,
        "Total Unusual Items Excluding Goodwill": NaN,
        "Net Income From Continuing Operation Net Minority Interest": 5500000.0,
        "Reconciled Depreciation": 15200000.0,
        "Reconciled Cost Of Revenue": 603900000.0,
        "EBITDA": 29100000.0,
        "EBIT": 13900000.0,
        "Net Interest Income": -5500000.0,
        "Interest Expense": 5500000.0,
        "Normalized Income": 5500000.0,
        "Net Income From Continuing And Discontinued Operation": 5500000.0,
        "Total Expenses": 688900000.0,
        "Total Operating Income As Reported": 13800000.0,
        "Diluted Average Shares": 28300000.0,
        "Basic Average Shares": 28200000.0,
        "Diluted EPS": 0.19,
        "Basic EPS": 0.19,
        "Diluted NI Availto Com Stockholders": 5500000.0,
        "Average Dilution Earnings": NaN,
        "Net Income Common Stockholders": 5500000.0,
        "Net Income": 5500000.0,
        "Net Income Including Noncontrolling Interests": 5500000.0,
        "Net Income Continuous Operations": 5500000.0,
        "Tax Provision": 2900000.0,
        "Pretax Income": 8400000.0,
        "Other Income Expense": 100000.0,
        "Other Non Operating Income Expenses": 100000.0,
        "Special Income Charges": NaN,
        "Other Special Charges": NaN,
        "Net Non Operating Interest Income Expense": -5500000.0,
        "Interest Expense Non Operating": 5500000.0,
        "Operating Income": 13800000.0,
        "Operating Expense": 75200000.0,
        "Depreciation Amortization Depletion Income Statement": 5400000.0,
        "Depreciation And Amortization In Income Statement": 5400000.0,
        "Amortization": 5400000.0,
        "Amortization Of Intangibles Income Statement": 5400000.0,
        "Selling General And Administration": 69800000.0,
        "Gross Profit": 89000000.0,
        "Cost Of Revenue": 613700000.0,
        "Total Revenue": 702700000.0,
        "Operating Revenue": 702700000.0
    }
}