{
    "2023-03-31": {
        "Tax Effect Of Unusual Items": NaN,
        "Tax Rate For Calcs": NaN,
        "Normalized EBITDA": NaN,
        "Total Unusual Items": NaN,
        "Total Unusual Items Excluding Goodwill": NaN,
        "Net Income From Continuing Operation Net Minority Interest": NaN,
        "Reconciled Depreciation": NaN,
        "Reconciled Cost Of Revenue": NaN,
        "EBITDA": NaN,
        "EBIT": NaN,
        "Net Interest Income": NaN,
        "Interest Expense": 35000.0,
        "Interest Income": 732000.0,
        "Normalized Income": NaN,
        "Net Income From Continuing And Discontinued Operation": NaN,
        "Total Expenses": NaN,
        "Total Operating Income As Reported": NaN,
        "Diluted Average Shares": NaN,
        "Basic Average Shares": NaN,
        "Diluted EPS": NaN,
        "Basic EPS": NaN,
        "Diluted NI Availto Com Stockholders": NaN,
        "Net Income Common Stockholders": NaN,
        "Net Income": NaN,
        "Net Income Including Noncontrolling Interests": NaN,
        "Net Income Continuous Operations": NaN,
        "Tax Provision": NaN,
        "Pretax Income": NaN,
        "Other Income Expense": NaN,
        "Other Non Operating Income Expenses": NaN,
        "Special Income Charges": NaN,
        "Write Off": NaN,
        "Gain On Sale Of Security": NaN,
        "Net Non Operating Interest Income Expense": NaN,
        "Total Other Finance Cost": NaN,
        "Interest Expense Non Operating": 35000.0,
        "Interest Income Non Operating": 732000.0,
        "Operating Income": NaN,
        "Operating Expense": NaN,
        "Other Operating Expenses": NaN,
        "Research And Development": NaN,
        "Selling General And Administration": NaN,
        "Selling And Marketing Expense": NaN,
        "General And Administrative Expense": NaN,
        "Other Gand A": NaN,
        "Salaries And Wages": NaN,
        "Gross Profit": NaN,
        "Cost Of Revenue": NaN,
        "Total Revenue": NaN,
        "Operating Revenue": NaN
    },
    "2022-12-31": {
        "Tax Effect Of Unusual Items": NaN,
        "Tax Rate For Calcs": NaN,
        "Normalized EBITDA": NaN,
        "Total Unusual Items": NaN,
        "Total Unusual Items Excluding Goodwill": NaN,
        "Net Income From Continuing Operation Net Minority Interest": NaN,
        "Reconciled Depreciation": NaN,
        "Reconciled Cost Of Revenue": NaN,
        "EBITDA": NaN,
        "EBIT": NaN,
        "Net Interest Income": NaN,
        "Interest Expense": 803000.0,
        "Interest Income": 1136000.0,
        "Normalized Income": NaN,
        "Net Income From Continuing And Discontinued Operation": NaN,
        "Total Expenses": NaN,
        "Total Operating Income As Reported": NaN,
        "Diluted Average Shares": NaN,
        "Basic Average Shares": NaN,
        "Diluted EPS": NaN,
        "Basic EPS": NaN,
        "Diluted NI Availto Com Stockholders": NaN,
        "Net Income Common Stockholders": NaN,
        "Net Income": NaN,
        "Net Income Including Noncontrolling Interests": NaN,
        "Net Income Continuous Operations": NaN,
        "Tax Provision": NaN,
        "Pretax Income": NaN,
        "Other Income Expense": NaN,
        "Other Non Operating Income Expenses": NaN,
        "Special Income Charges": NaN,
        "Write Off": NaN,
        "Gain On Sale Of Security": NaN,
        "Net Non Operating Interest Income Expense": NaN,
        "Total Other Finance Cost": NaN,
        "Interest Expense Non Operating": 803000.0,
        "Interest Income Non Operating": 1136000.0,
        "Operating Income": NaN,
        "Operating Expense": NaN,
        "Other Operating Expenses": NaN,
        "Research And Development": NaN,
        "Selling General And Administration": NaN,
        "Selling And Marketing Expense": NaN,
        "General And Administrative Expense": NaN,
        "Other Gand A": NaN,
        "Salaries And Wages": NaN,
        "Gross Profit": NaN,
        "Cost Of Revenue": NaN,
        "Total Revenue": NaN,
        "Operating Revenue": NaN
    },
    "2022-09-30": {
        "Tax Effect Of Unusual Items": NaN,
        "Tax Rate For Calcs": NaN,
        "Normalized EBITDA": NaN,
        "Total Unusual Items": NaN,
        "Total Unusual Items Excluding Goodwill": NaN,
        "Net Income From Continuing Operation Net Minority Interest": NaN,
        "Reconciled Depreciation": NaN,
        "Reconciled Cost Of Revenue": NaN,
        "EBITDA": NaN,
        "EBIT": NaN,
        "Net Interest Income": NaN,
        "Interest Expense": 806000.0,
        "Interest Income": 996000.0,
        "Normalized Income": NaN,
        "Net Income From Continuing And Discontinued Operation": NaN,
        "Total Expenses": NaN,
        "Total Operating Income As Reported": NaN,
        "Diluted Average Shares": 11538308.0,
        "Basic Average Shares": 11538308.0,
        "Diluted EPS": -6.72,
        "Basic EPS": -6.72,
        "Diluted NI Availto Com Stockholders": NaN,
        "Net Income Common Stockholders": NaN,
        "Net Income": NaN,
        "Net Income Including Noncontrolling Interests": NaN,
        "Net Income Continuous Operations": NaN,
        "Tax Provision": NaN,
        "Pretax Income": NaN,
        "Other Income Expense": NaN,
        "Other Non Operating Income Expenses": NaN,
        "Special Income Charges": NaN,
        "Write Off": NaN,
        "Gain On Sale Of Security": NaN,
        "Net Non Operating Interest Income Expense": NaN,
        "Total Other Finance Cost": -190000.0,
        "Interest Expense Non Operating": 806000.0,
        "Interest Income Non Operating": 996000.0,
        "Operating Income": NaN,
        "Operating Expense": NaN,
        "Other Operating Expenses": NaN,
        "Research And Development": NaN,
        "Selling General And Administration": NaN,
        "Selling And Marketing Expense": NaN,
        "General And Administrative Expense": NaN,
        "Other Gand A": NaN,
        "Salaries And Wages": NaN,
        "Gross Profit": NaN,
        "Cost Of Revenue": NaN,
        "Total Revenue": NaN,
        "Operating Revenue": NaN
    },
    "2022-06-30": {
        "Tax Effect Of Unusual Items": 10258850.8593,
        "Tax Rate For Calcs": 0.364021,
        "Normalized EBITDA": -153247000.0,
        "Total Unusual Items": 28182000.0,
        "Total Unusual Items Excluding Goodwill": 28182000.0,
        "Net Income From Continuing Operation Net Minority Interest": -85742000.0,
        "Reconciled Depreciation": 8964000.0,
        "Reconciled Cost Of Revenue": 65767000.0,
        "EBITDA": -125065000.0,
        "EBIT": -134029000.0,
        "Net Interest Income": -408000.0,
        "Interest Expense": 790000.0,
        "Interest Income": 382000.0,
        "Normalized Income": -103665149.1407,
        "Net Income From Continuing And Discontinued Operation": -85742000.0,
        "Total Expenses": 198818000.0,
        "Total Operating Income As Reported": -162649000.0,
        "Diluted Average Shares": 10234910.0,
        "Basic Average Shares": 10234910.0,
        "Diluted EPS": -8.38,
        "Basic EPS": -8.38,
        "Diluted NI Availto Com Stockholders": -85742000.0,
        "Net Income Common Stockholders": -85742000.0,
        "Net Income": -85742000.0,
        "Net Income Including Noncontrolling Interests": -85742000.0,
        "Net Income Continuous Operations": -85742000.0,
        "Tax Provision": -49077000.0,
        "Pretax Income": -134819000.0,
        "Other Income Expense": 28238000.0,
        "Other Non Operating Income Expenses": 56000.0,
        "Special Income Charges": NaN,
        "Write Off": NaN,
        "Gain On Sale Of Security": 28182000.0,
        "Net Non Operating Interest Income Expense": -408000.0,
        "Interest Expense Non Operating": 790000.0,
        "Interest Income Non Operating": 382000.0,
        "Operating Income": -162649000.0,
        "Operating Expense": 133051000.0,
        "Other Operating Expenses": 1731000.0,
        "Research And Development": 27168000.0,
        "Selling General And Administration": 104152000.0,
        "Selling And Marketing Expense": 36118000.0,
        "General And Administrative Expense": 68034000.0,
        "Other Gand A": 68034000.0,
        "Salaries And Wages": NaN,
        "Gross Profit": -29598000.0,
        "Cost Of Revenue": 65767000.0,
        "Total Revenue": 36169000.0,
        "Operating Revenue": 34004000.0
    },
    "2022-03-31": {
        "Diluted EPS": -10.38,
        "Total Revenue": 54,
        "Gross Profit": 6,
        "Operating Income": -89,
        "EBIT": -83,
        "Net Income": -77
    },
    "2021-12-31": {
        "Diluted EPS": NaN,
        "Total Revenue": 58,
        "Gross Profit": -3,
        "Operating Income": -116,
        "EBIT": -110,
        "Net Income": -40
    },
    "2021-09-30": {
        "Diluted EPS": 5.28,
        "Total Revenue": 43,
        "Gross Profit": -8,
        "Operating Income": -88,
        "EBIT": -83,
        "Net Income": 33
    },
    "2021-06-30": {
        "Diluted EPS": NaN,
        "Total Revenue": 47,
        "Gross Profit": -1,
        "Operating Income": -45,
        "EBIT": -40,
        "Net Income": -46
    },
    "2021-03-31": {
        "Diluted EPS": NaN,
        "Total Revenue": 64,
        "Gross Profit": -4,
        "Operating Income": -197,
        "EBIT": -192,
        "Net Income": -192
    },
    "2020-12-31": {
        "Diluted EPS": 0.0,
        "Total Revenue": NaN,
        "Gross Profit": NaN,
        "Operating Income": NaN,
        "EBIT": NaN,
        "Net Income": NaN
    },
    "2020-09-30": {
        "Diluted EPS": NaN,
        "Total Revenue": 39,
        "Gross Profit": 2,
        "Operating Income": -56,
        "EBIT": -56,
        "Net Income": -57
    },
    "2019-12-31": {
        "Diluted EPS": 0.0,
        "Total Revenue": NaN,
        "Gross Profit": NaN,
        "Operating Income": NaN,
        "EBIT": NaN,
        "Net Income": NaN
    },
    "2023-06-30": {
        "Tax Effect Of Unusual Items": NaN,
        "Tax Rate For Calcs": NaN,
        "Normalized EBITDA": NaN,
        "Total Unusual Items": NaN,
        "Total Unusual Items Excluding Goodwill": NaN,
        "Net Income From Continuing Operation Net Minority Interest": NaN,
        "Reconciled Depreciation": NaN,
        "Reconciled Cost Of Revenue": NaN,
        "EBITDA": NaN,
        "EBIT": NaN,
        "Net Interest Income": NaN,
        "Interest Expense": 626000.0,
        "Interest Income": 1074000.0,
        "Normalized Income": NaN,
        "Net Income From Continuing And Discontinued Operation": NaN,
        "Total Expenses": NaN,
        "Total Operating Income As Reported": NaN,
        "Diluted Average Shares": 25418358.0,
        "Basic Average Shares": 25418358.0,
        "Diluted EPS": -1.84,
        "Basic EPS": -1.84,
        "Diluted NI Availto Com Stockholders": NaN,
        "Net Income Common Stockholders": NaN,
        "Net Income": NaN,
        "Net Income Including Noncontrolling Interests": NaN,
        "Net Income Continuous Operations": NaN,
        "Tax Provision": NaN,
        "Pretax Income": NaN,
        "Other Income Expense": NaN,
        "Other Non Operating Income Expenses": NaN,
        "Special Income Charges": NaN,
        "Write Off": NaN,
        "Gain On Sale Of Security": NaN,
        "Net Non Operating Interest Income Expense": NaN,
        "Total Other Finance Cost": NaN,
        "Interest Expense Non Operating": 626000.0,
        "Interest Income Non Operating": 1074000.0,
        "Operating Income": NaN,
        "Operating Expense": NaN,
        "Other Operating Expenses": NaN,
        "Research And Development": NaN,
        "Selling General And Administration": NaN,
        "Selling And Marketing Expense": NaN,
        "General And Administrative Expense": NaN,
        "Other Gand A": NaN,
        "Salaries And Wages": 532000.0,
        "Gross Profit": NaN,
        "Cost Of Revenue": NaN,
        "Total Revenue": NaN,
        "Operating Revenue": NaN
    },
    "2023-09-30": {
        "Tax Effect Of Unusual Items": NaN,
        "Tax Rate For Calcs": NaN,
        "Normalized EBITDA": NaN,
        "Total Unusual Items": NaN,
        "Total Unusual Items Excluding Goodwill": NaN,
        "Net Income From Continuing Operation Net Minority Interest": NaN,
        "Reconciled Depreciation": NaN,
        "Reconciled Cost Of Revenue": NaN,
        "EBITDA": NaN,
        "EBIT": NaN,
        "Net Interest Income": NaN,
        "Interest Expense": NaN,
        "Normalized Income": NaN,
        "Net Income From Continuing And Discontinued Operation": NaN,
        "Total Expenses": NaN,
        "Total Operating Income As Reported": NaN,
        "Diluted Average Shares": 25788747.0,
        "Basic Average Shares": 25788747.0,
        "Diluted EPS": -1.64,
        "Basic EPS": -1.64,
        "Diluted NI Availto Com Stockholders": NaN,
        "Net Income Common Stockholders": NaN,
        "Net Income": NaN,
        "Net Income Including Noncontrolling Interests": NaN,
        "Net Income Continuous Operations": NaN,
        "Tax Provision": NaN,
        "Pretax Income": NaN,
        "Other Income Expense": NaN,
        "Other Non Operating Income Expenses": NaN,
        "Special Income Charges": NaN,
        "Write Off": NaN,
        "Gain On Sale Of Security": NaN,
        "Net Non Operating Interest Income Expense": NaN,
        "Total Other Finance Cost": -1053000.0,
        "Interest Expense Non Operating": NaN,
        "Operating Income": NaN,
        "Operating Expense": NaN,
        "Other Operating Expenses": NaN,
        "Research And Development": NaN,
        "Selling General And Administration": NaN,
        "Selling And Marketing Expense": NaN,
        "General And Administrative Expense": NaN,
        "Other Gand A": NaN,
        "Gross Profit": NaN,
        "Cost Of Revenue": NaN,
        "Total Revenue": NaN,
        "Operating Revenue": NaN
    },
    "2023-12-31": {
        "Tax Effect Of Unusual Items": NaN,
        "Tax Rate For Calcs": NaN,
        "Normalized EBITDA": NaN,
        "Total Unusual Items": NaN,
        "Total Unusual Items Excluding Goodwill": NaN,
        "Net Income From Continuing Operation Net Minority Interest": NaN,
        "Reconciled Depreciation": NaN,
        "Reconciled Cost Of Revenue": NaN,
        "EBITDA": NaN,
        "EBIT": NaN,
        "Net Interest Income": NaN,
        "Interest Expense": NaN,
        "Normalized Income": NaN,
        "Net Income From Continuing And Discontinued Operation": NaN,
        "Total Expenses": NaN,
        "Total Operating Income As Reported": NaN,
        "Diluted Average Shares": NaN,
        "Basic Average Shares": NaN,
        "Diluted EPS": NaN,
        "Basic EPS": NaN,
        "Diluted NI Availto Com Stockholders": NaN,
        "Net Income Common Stockholders": NaN,
        "Net Income": NaN,
        "Net Income Including Noncontrolling Interests": NaN,
        "Net Income Continuous Operations": NaN,
        "Tax Provision": NaN,
        "Pretax Income": NaN,
        "Other Income Expense": NaN,
        "Other Non Operating Income Expenses": NaN,
        "Special Income Charges": 0.0,
        "Write Off": 0.0,
        "Gain On Sale Of Security": NaN,
        "Net Non Operating Interest Income Expense": NaN,
        "Total Other Finance Cost": 978000.0,
        "Interest Expense Non Operating": NaN,
        "Operating Income": NaN,
        "Operating Expense": NaN,
        "Other Operating Expenses": 1964000.0,
        "Depreciation Amortization Depletion Income Statement": NaN,
        "Depreciation And Amortization In Income Statement": NaN,
        "Research And Development": NaN,
        "Selling General And Administration": NaN,
        "Selling And Marketing Expense": NaN,
        "General And Administrative Expense": NaN,
        "Other Gand A": NaN,
        "Gross Profit": NaN,
        "Cost Of Revenue": NaN,
        "Total Revenue": NaN,
        "Operating Revenue": NaN
    },
    "2024-03-31": {
        "Tax Effect Of Unusual Items": NaN,
        "Tax Rate For Calcs": NaN,
        "Normalized EBITDA": NaN,
        "Total Unusual Items": NaN,
        "Total Unusual Items Excluding Goodwill": NaN,
        "Net Income From Continuing Operation Net Minority Interest": NaN,
        "Reconciled Depreciation": NaN,
        "Reconciled Cost Of Revenue": NaN,
        "EBITDA": NaN,
        "EBIT": NaN,
        "Net Interest Income": NaN,
        "Interest Expense": 597000.0,
        "Normalized Income": NaN,
        "Net Income From Continuing And Discontinued Operation": NaN,
        "Total Expenses": NaN,
        "Total Operating Income As Reported": NaN,
        "Diluted Average Shares": 26062170.0,
        "Basic Average Shares": 26062170.0,
        "Diluted EPS": -0.78,
        "Basic EPS": -0.78,
        "Diluted NI Availto Com Stockholders": NaN,
        "Net Income Common Stockholders": NaN,
        "Net Income": NaN,
        "Net Income Including Noncontrolling Interests": NaN,
        "Net Income Continuous Operations": NaN,
        "Tax Provision": NaN,
        "Pretax Income": NaN,
        "Other Income Expense": NaN,
        "Other Non Operating Income Expenses": NaN,
        "Special Income Charges": 0.0,
        "Write Off": 0.0,
        "Gain On Sale Of Security": NaN,
        "Net Non Operating Interest Income Expense": NaN,
        "Total Other Finance Cost": NaN,
        "Interest Expense Non Operating": 597000.0,
        "Operating Income": NaN,
        "Operating Expense": NaN,
        "Other Operating Expenses": 974000.0,
        "Depreciation Amortization Depletion Income Statement": NaN,
        "Depreciation And Amortization In Income Statement": NaN,
        "Research And Development": NaN,
        "Selling General And Administration": NaN,
        "Selling And Marketing Expense": NaN,
        "General And Administrative Expense": NaN,
        "Other Gand A": NaN,
        "Gross Profit": NaN,
        "Cost Of Revenue": NaN,
        "Total Revenue": NaN,
        "Operating Revenue": NaN
    },
    "2024-06-30": {
        "Tax Effect Of Unusual Items": -28529.441815,
        "Tax Rate For Calcs": 0.006471,
        "Normalized EBITDA": -18842000.0,
        "Total Unusual Items": -4409000.0,
        "Total Unusual Items Excluding Goodwill": -4409000.0,
        "Net Income From Continuing Operation Net Minority Interest": -29173000.0,
        "Reconciled Depreciation": 5218000.0,
        "Reconciled Cost Of Revenue": 23037000.0,
        "EBITDA": -23251000.0,
        "EBIT": -28469000.0,
        "Net Interest Income": -894000.0,
        "Interest Expense": 894000.0,
        "Normalized Income": -24792529.441815,
        "Net Income From Continuing And Discontinued Operation": -29173000.0,
        "Total Expenses": 81093000.0,
        "Total Operating Income As Reported": -10579000.0,
        "Diluted Average Shares": 26617955.0,
        "Basic Average Shares": 26617955.0,
        "Diluted EPS": -1.1,
        "Basic EPS": -1.1,
        "Diluted NI Availto Com Stockholders": -29173000.0,
        "Net Income Common Stockholders": -29173000.0,
        "Net Income": -29173000.0,
        "Net Income Including Noncontrolling Interests": -29173000.0,
        "Net Income Continuous Operations": -29173000.0,
        "Tax Provision": -190000.0,
        "Pretax Income": -29363000.0,
        "Other Income Expense": -17890000.0,
        "Other Non Operating Income Expenses": -13481000.0,
        "Special Income Charges": 0.0,
        "Write Off": 0.0,
        "Gain On Sale Of Security": -4409000.0,
        "Net Non Operating Interest Income Expense": -894000.0,
        "Total Other Finance Cost": NaN,
        "Interest Expense Non Operating": 894000.0,
        "Operating Income": -10579000.0,
        "Operating Expense": 53531000.0,
        "Other Operating Expenses": 874000.0,
        "Depreciation Amortization Depletion Income Statement": 693000.0,
        "Depreciation And Amortization In Income Statement": 693000.0,
        "Research And Development": 10691000.0,
        "Selling General And Administration": 42147000.0,
        "Selling And Marketing Expense": 16585000.0,
        "General And Administrative Expense": 25562000.0,
        "Other Gand A": 25562000.0,
        "Gross Profit": 42952000.0,
        "Cost Of Revenue": 27562000.0,
        "Total Revenue": 70514000.0,
        "Operating Revenue": 69439000.0
    },
    "2024-09-30": {
        "Tax Effect Of Unusual Items": -4947.960282,
        "Tax Rate For Calcs": 0.005623,
        "Normalized EBITDA": -971000.0,
        "Total Unusual Items": -880000.0,
        "Total Unusual Items Excluding Goodwill": -880000.0,
        "Net Income From Continuing Operation Net Minority Interest": -8312000.0,
        "Reconciled Depreciation": 5929000.0,
        "Reconciled Cost Of Revenue": 29045000.0,
        "EBITDA": -1851000.0,
        "EBIT": -7780000.0,
        "Net Interest Income": -843000.0,
        "Interest Expense": NaN,
        "Normalized Income": -7436947.960282,
        "Net Income From Continuing And Discontinued Operation": -8312000.0,
        "Total Expenses": 84654000.0,
        "Total Operating Income As Reported": -7780000.0,
        "Diluted Average Shares": 27095986.0,
        "Basic Average Shares": 27095986.0,
        "Diluted EPS": -0.31,
        "Basic EPS": -0.31,
        "Diluted NI Availto Com Stockholders": -8312000.0,
        "Net Income Common Stockholders": -8312000.0,
        "Net Income": -8312000.0,
        "Net Income Including Noncontrolling Interests": -8312000.0,
        "Net Income Continuous Operations": -8312000.0,
        "Tax Provision": -47000.0,
        "Pretax Income": -8359000.0,
        "Other Income Expense": 264000.0,
        "Other Non Operating Income Expenses": 1144000.0,
        "Special Income Charges": 0.0,
        "Write Off": 0.0,
        "Gain On Sale Of Security": -880000.0,
        "Net Non Operating Interest Income Expense": -843000.0,
        "Total Other Finance Cost": 843000.0,
        "Interest Expense Non Operating": NaN,
        "Operating Income": -7780000.0,
        "Operating Expense": 55609000.0,
        "Other Operating Expenses": 774000.0,
        "Depreciation Amortization Depletion Income Statement": NaN,
        "Depreciation And Amortization In Income Statement": NaN,
        "Research And Development": 11665000.0,
        "Selling General And Administration": 43170000.0,
        "Selling And Marketing Expense": 17025000.0,
        "General And Administrative Expense": 26145000.0,
        "Other Gand A": 26145000.0,
        "Gross Profit": 47829000.0,
        "Cost Of Revenue": 29045000.0,
        "Total Revenue": 76874000.0,
        "Operating Revenue": 77418000.0
    },
    "2024-12-31": {
        "Tax Effect Of Unusual Items": -415800.0,
        "Tax Rate For Calcs": 0.21,
        "Normalized EBITDA": 16344000.0,
        "Total Unusual Items": -1980000.0,
        "Total Unusual Items Excluding Goodwill": -1980000.0,
        "Net Income From Continuing Operation Net Minority Interest": 5438000.0,
        "Reconciled Depreciation": 5558000.0,
        "Reconciled Cost Of Revenue": 29435000.0,
        "EBITDA": 14364000.0,
        "EBIT": 8806000.0,
        "Net Interest Income": -698000.0,
        "Interest Expense": NaN,
        "Normalized Income": 7002200.0,
        "Net Income From Continuing And Discontinued Operation": 5438000.0,
        "Total Expenses": 86834000.0,
        "Total Operating Income As Reported": 8806000.0,
        "Diluted Average Shares": NaN,
        "Basic Average Shares": NaN,
        "Diluted EPS": NaN,
        "Basic EPS": NaN,
        "Diluted NI Availto Com Stockholders": 5438000.0,
        "Net Income Common Stockholders": 5438000.0,
        "Net Income": 5438000.0,
        "Net Income Including Noncontrolling Interests": 5438000.0,
        "Net Income Continuous Operations": 5438000.0,
        "Tax Provision": -24000.0,
        "Pretax Income": 5414000.0,
        "Other Income Expense": -2694000.0,
        "Other Non Operating Income Expenses": -714000.0,
        "Special Income Charges": 0.0,
        "Write Off": 0.0,
        "Gain On Sale Of Security": -1980000.0,
        "Net Non Operating Interest Income Expense": -698000.0,
        "Total Other Finance Cost": 698000.0,
        "Interest Expense Non Operating": NaN,
        "Operating Income": 8806000.0,
        "Operating Expense": 57399000.0,
        "Other Operating Expenses": 785000.0,
        "Depreciation Amortization Depletion Income Statement": NaN,
        "Depreciation And Amortization In Income Statement": NaN,
        "Research And Development": 11588000.0,
        "Selling General And Administration": 45026000.0,
        "Selling And Marketing Expense": 17676000.0,
        "General And Administrative Expense": 27350000.0,
        "Other Gand A": 27350000.0,
        "Gross Profit": 66205000.0,
        "Cost Of Revenue": 29435000.0,
        "Total Revenue": 95640000.0,
        "Operating Revenue": 94196000.0
    },
    "2025-03-31": {
        "Tax Effect Of Unusual Items": -231000.0,
        "Tax Rate For Calcs": 0.21,
        "Normalized EBITDA": 1336000.0,
        "Total Unusual Items": -1100000.0,
        "Total Unusual Items Excluding Goodwill": -1100000.0,
        "Net Income From Continuing Operation Net Minority Interest": -6529000.0,
        "Reconciled Depreciation": 5678000.0,
        "Reconciled Cost Of Revenue": 28639000.0,
        "EBITDA": 236000.0,
        "EBIT": -5442000.0,
        "Net Interest Income": -640000.0,
        "Interest Expense": 640000.0,
        "Normalized Income": -5660000.0,
        "Net Income From Continuing And Discontinued Operation": -6529000.0,
        "Total Expenses": 91666000.0,
        "Total Operating Income As Reported": -4551000.0,
        "Diluted Average Shares": 28147948.0,
        "Basic Average Shares": 28147948.0,
        "Diluted EPS": -0.23,
        "Basic EPS": -0.23,
        "Diluted NI Availto Com Stockholders": -6529000.0,
        "Net Income Common Stockholders": -6529000.0,
        "Net Income": -6529000.0,
        "Net Income Including Noncontrolling Interests": -6529000.0,
        "Net Income Continuous Operations": -6529000.0,
        "Tax Provision": 447000.0,
        "Pretax Income": -6082000.0,
        "Other Income Expense": -891000.0,
        "Other Non Operating Income Expenses": 209000.0,
        "Special Income Charges": NaN,
        "Write Off": NaN,
        "Gain On Sale Of Security": -1100000.0,
        "Net Non Operating Interest Income Expense": -640000.0,
        "Total Other Finance Cost": NaN,
        "Interest Expense Non Operating": 640000.0,
        "Operating Income": -4551000.0,
        "Operating Expense": 63027000.0,
        "Other Operating Expenses": NaN,
        "Depreciation Amortization Depletion Income Statement": NaN,
        "Depreciation And Amortization In Income Statement": NaN,
        "Research And Development": 12577000.0,
        "Selling General And Administration": 50450000.0,
        "Selling And Marketing Expense": 18316000.0,
        "General And Administrative Expense": 32134000.0,
        "Other Gand A": 32134000.0,
        "Gross Profit": 58476000.0,
        "Cost Of Revenue": 28639000.0,
        "Total Revenue": 87115000.0,
        "Operating Revenue": 85759000.0
    },
    "2025-06-30": {
        "Tax Effect Of Unusual Items": 458010.0,
        "Tax Rate For Calcs": 0.21,
        "Normalized EBITDA": 15390000.0,
        "Total Unusual Items": 2181000.0,
        "Total Unusual Items Excluding Goodwill": 2181000.0,
        "Net Income From Continuing Operation Net Minority Interest": 10809000.0,
        "Reconciled Depreciation": 6191000.0,
        "Reconciled Cost Of Revenue": 26287000.0,
        "EBITDA": 17571000.0,
        "EBIT": 11380000.0,
        "Net Interest Income": -817000.0,
        "Interest Expense": 817000.0,
        "Normalized Income": 9086010.0,
        "Net Income From Continuing And Discontinued Operation": 10809000.0,
        "Total Expenses": 93732000.0,
        "Total Operating Income As Reported": 8960000.0,
        "Diluted Average Shares": 29753933.0,
        "Basic Average Shares": 28579704.0,
        "Diluted EPS": 0.36,
        "Basic EPS": 0.38,
        "Diluted NI Availto Com Stockholders": 10809000.0,
        "Net Income Common Stockholders": 10809000.0,
        "Net Income": 10809000.0,
        "Net Income Including Noncontrolling Interests": 10809000.0,
        "Net Income Continuous Operations": 10809000.0,
        "Tax Provision": -246000.0,
        "Pretax Income": 10563000.0,
        "Other Income Expense": 2420000.0,
        "Other Non Operating Income Expenses": 239000.0,
        "Special Income Charges": NaN,
        "Write Off": NaN,
        "Gain On Sale Of Security": 2181000.0,
        "Net Non Operating Interest Income Expense": -817000.0,
        "Total Other Finance Cost": NaN,
        "Interest Expense Non Operating": 817000.0,
        "Operating Income": 8960000.0,
        "Operating Expense": 61942000.0,
        "Other Operating Expenses": NaN,
        "Depreciation Amortization Depletion Income Statement": 688000.0,
        "Depreciation And Amortization In Income Statement": 688000.0,
        "Research And Development": 14870000.0,
        "Selling General And Administration": 46384000.0,
        "Selling And Marketing Expense": 19448000.0,
        "General And Administrative Expense": 26936000.0,
        "Other Gand A": 26936000.0,
        "Gross Profit": 70902000.0,
        "Cost Of Revenue": 31790000.0,
        "Total Revenue": 102692000.0,
        "Operating Revenue": 99823000.0
    }
}