{
    "2023-03-31": {
        "Tax Effect Of Unusual Items": NaN,
        "Tax Rate For Calcs": NaN,
        "Normalized EBITDA": NaN,
        "Total Unusual Items": NaN,
        "Total Unusual Items Excluding Goodwill": NaN,
        "Net Income From Continuing Operation Net Minority Interest": NaN,
        "Reconciled Depreciation": NaN,
        "Reconciled Cost Of Revenue": NaN,
        "EBITDA": NaN,
        "EBIT": NaN,
        "Net Interest Income": NaN,
        "Interest Income": 1002000.0,
        "Normalized Income": NaN,
        "Net Income From Continuing And Discontinued Operation": NaN,
        "Total Expenses": NaN,
        "Total Operating Income As Reported": NaN,
        "Diluted Average Shares": NaN,
        "Basic Average Shares": NaN,
        "Diluted EPS": NaN,
        "Basic EPS": NaN,
        "Diluted NI Availto Com Stockholders": NaN,
        "Average Dilution Earnings": NaN,
        "Net Income Common Stockholders": NaN,
        "Net Income": NaN,
        "Minority Interests": NaN,
        "Net Income Including Noncontrolling Interests": NaN,
        "Net Income Continuous Operations": NaN,
        "Tax Provision": NaN,
        "Pretax Income": NaN,
        "Other Income Expense": NaN,
        "Other Non Operating Income Expenses": 3538000.0,
        "Special Income Charges": NaN,
        "Restructuring And Mergern Acquisition": NaN,
        "Net Non Operating Interest Income Expense": NaN,
        "Total Other Finance Cost": NaN,
        "Interest Income Non Operating": 1002000.0,
        "Operating Income": NaN,
        "Operating Expense": NaN,
        "Selling General And Administration": NaN,
        "Gross Profit": NaN,
        "Cost Of Revenue": NaN,
        "Total Revenue": NaN,
        "Operating Revenue": NaN
    },
    "2022-12-31": {
        "Tax Effect Of Unusual Items": NaN,
        "Tax Rate For Calcs": NaN,
        "Normalized EBITDA": NaN,
        "Total Unusual Items": NaN,
        "Total Unusual Items Excluding Goodwill": NaN,
        "Net Income From Continuing Operation Net Minority Interest": NaN,
        "Reconciled Depreciation": NaN,
        "Reconciled Cost Of Revenue": NaN,
        "EBITDA": NaN,
        "EBIT": NaN,
        "Net Interest Income": NaN,
        "Interest Income": NaN,
        "Normalized Income": NaN,
        "Net Income From Continuing And Discontinued Operation": NaN,
        "Total Expenses": NaN,
        "Total Operating Income As Reported": NaN,
        "Diluted Average Shares": NaN,
        "Basic Average Shares": NaN,
        "Diluted EPS": NaN,
        "Basic EPS": NaN,
        "Diluted NI Availto Com Stockholders": NaN,
        "Average Dilution Earnings": NaN,
        "Net Income Common Stockholders": NaN,
        "Net Income": NaN,
        "Minority Interests": NaN,
        "Net Income Including Noncontrolling Interests": NaN,
        "Net Income Continuous Operations": NaN,
        "Tax Provision": NaN,
        "Pretax Income": NaN,
        "Other Income Expense": NaN,
        "Other Non Operating Income Expenses": -1920000.0,
        "Special Income Charges": NaN,
        "Restructuring And Mergern Acquisition": NaN,
        "Net Non Operating Interest Income Expense": NaN,
        "Total Other Finance Cost": NaN,
        "Interest Income Non Operating": NaN,
        "Operating Income": NaN,
        "Operating Expense": NaN,
        "Selling General And Administration": NaN,
        "Gross Profit": NaN,
        "Cost Of Revenue": NaN,
        "Total Revenue": NaN,
        "Operating Revenue": NaN
    },
    "2022-09-30": {
        "Tax Effect Of Unusual Items": NaN,
        "Tax Rate For Calcs": NaN,
        "Normalized EBITDA": NaN,
        "Total Unusual Items": NaN,
        "Total Unusual Items Excluding Goodwill": NaN,
        "Net Income From Continuing Operation Net Minority Interest": NaN,
        "Reconciled Depreciation": NaN,
        "Reconciled Cost Of Revenue": NaN,
        "EBITDA": NaN,
        "EBIT": NaN,
        "Net Interest Income": NaN,
        "Interest Income": NaN,
        "Normalized Income": NaN,
        "Net Income From Continuing And Discontinued Operation": NaN,
        "Total Expenses": NaN,
        "Total Operating Income As Reported": NaN,
        "Diluted Average Shares": NaN,
        "Basic Average Shares": NaN,
        "Diluted EPS": NaN,
        "Basic EPS": NaN,
        "Diluted NI Availto Com Stockholders": NaN,
        "Average Dilution Earnings": NaN,
        "Net Income Common Stockholders": NaN,
        "Net Income": NaN,
        "Minority Interests": NaN,
        "Net Income Including Noncontrolling Interests": NaN,
        "Net Income Continuous Operations": NaN,
        "Tax Provision": NaN,
        "Pretax Income": NaN,
        "Other Income Expense": NaN,
        "Other Non Operating Income Expenses": 1125000.0,
        "Special Income Charges": NaN,
        "Restructuring And Mergern Acquisition": NaN,
        "Net Non Operating Interest Income Expense": NaN,
        "Total Other Finance Cost": NaN,
        "Interest Income Non Operating": NaN,
        "Operating Income": NaN,
        "Operating Expense": NaN,
        "Selling General And Administration": NaN,
        "Gross Profit": NaN,
        "Cost Of Revenue": NaN,
        "Total Revenue": NaN,
        "Operating Revenue": NaN
    },
    "2022-06-30": {
        "Tax Effect Of Unusual Items": 0.0,
        "Tax Rate For Calcs": 0.25,
        "Normalized EBITDA": 53156000.0,
        "Total Unusual Items": NaN,
        "Total Unusual Items Excluding Goodwill": NaN,
        "Net Income From Continuing Operation Net Minority Interest": 27144000.0,
        "Reconciled Depreciation": 8915000.0,
        "Reconciled Cost Of Revenue": 111234000.0,
        "EBITDA": 53156000.0,
        "EBIT": 44241000.0,
        "Net Interest Income": 304000.0,
        "Normalized Income": 27144000.0,
        "Net Income From Continuing And Discontinued Operation": 27144000.0,
        "Total Expenses": 125974000.0,
        "Total Operating Income As Reported": 44241000.0,
        "Diluted Average Shares": 76322000.0,
        "Basic Average Shares": 60523000.0,
        "Diluted EPS": 0.44,
        "Basic EPS": 0.45,
        "Diluted NI Availto Com Stockholders": 33903000.0,
        "Average Dilution Earnings": 6759000.0,
        "Net Income Common Stockholders": 27144000.0,
        "Net Income": 27144000.0,
        "Minority Interests": -8636000.0,
        "Net Income Including Noncontrolling Interests": 35780000.0,
        "Net Income Continuous Operations": 35780000.0,
        "Tax Provision": 8765000.0,
        "Pretax Income": 44545000.0,
        "Other Income Expense": NaN,
        "Other Non Operating Income Expenses": NaN,
        "Special Income Charges": NaN,
        "Restructuring And Mergern Acquisition": NaN,
        "Net Non Operating Interest Income Expense": 304000.0,
        "Total Other Finance Cost": -304000.0,
        "Operating Income": 44241000.0,
        "Operating Expense": 14740000.0,
        "Selling General And Administration": 14740000.0,
        "Gross Profit": 58981000.0,
        "Cost Of Revenue": 111234000.0,
        "Total Revenue": 170215000.0,
        "Operating Revenue": 170215000.0
    },
    "2022-03-31": {
        "Diluted EPS": 0.34,
        "Total Revenue": 146,
        "Gross Profit": 45,
        "Operating Income": 31,
        "EBIT": 40,
        "Net Income": 21
    },
    "2021-12-31": {
        "Diluted EPS": 0.25,
        "Total Revenue": 130,
        "Gross Profit": 39,
        "Operating Income": 26,
        "EBIT": 35,
        "Net Income": 15
    },
    "2021-09-30": {
        "Diluted EPS": 0.21,
        "Total Revenue": 115,
        "Gross Profit": 33,
        "Operating Income": 21,
        "EBIT": 30,
        "Net Income": 13
    },
    "2021-06-30": {
        "Diluted EPS": 0.18,
        "Total Revenue": 109,
        "Gross Profit": 29,
        "Operating Income": 17,
        "EBIT": 27,
        "Net Income": 10
    },
    "2021-03-31": {
        "Diluted EPS": 0.19,
        "Total Revenue": 84,
        "Gross Profit": 21,
        "Operating Income": 12,
        "EBIT": 21,
        "Net Income": 12
    },
    "2020-12-31": {
        "Diluted EPS": 0.08,
        "Total Revenue": 68,
        "Gross Profit": 17,
        "Operating Income": 8,
        "EBIT": 18,
        "Net Income": 3
    },
    "2020-09-30": {
        "Diluted EPS": 0.13,
        "Total Revenue": 60,
        "Gross Profit": 21,
        "Operating Income": 13,
        "EBIT": 22,
        "Net Income": 6
    },
    "2020-06-30": {
        "Diluted EPS": 0.11,
        "Total Revenue": 67,
        "Gross Profit": 18,
        "Operating Income": 9,
        "EBIT": 19,
        "Net Income": 6
    },
    "2020-03-31": {
        "Diluted EPS": 0.4,
        "Total Revenue": 154,
        "Gross Profit": 55,
        "Operating Income": 40,
        "EBIT": 51,
        "Net Income": 19
    },
    "2019-12-31": {
        "Diluted EPS": 0.43,
        "Total Revenue": 140,
        "Gross Profit": 48,
        "Operating Income": 36,
        "EBIT": 47,
        "Net Income": 18
    },
    "2019-09-30": {
        "Diluted EPS": 0.41,
        "Total Revenue": 161,
        "Gross Profit": 60,
        "Operating Income": 47,
        "EBIT": 57,
        "Net Income": 19
    },
    "2019-06-30": {
        "Diluted EPS": 0.45,
        "Total Revenue": 168,
        "Gross Profit": 65,
        "Operating Income": 51,
        "EBIT": 61,
        "Net Income": 21
    },
    "2019-03-31": {
        "Diluted EPS": 0.59,
        "Total Revenue": 159,
        "Gross Profit": 61,
        "Operating Income": 48,
        "EBIT": 57,
        "Net Income": 27
    },
    "2018-12-31": {
        "Diluted EPS": 0.46,
        "Total Revenue": 140,
        "Gross Profit": 54,
        "Operating Income": 44,
        "EBIT": 52,
        "Net Income": 17
    },
    "2018-09-30": {
        "Diluted EPS": 0.52,
        "Total Revenue": 151,
        "Gross Profit": 63,
        "Operating Income": 52,
        "EBIT": 60,
        "Net Income": 19
    },
    "2018-06-30": {
        "Diluted EPS": 0.46,
        "Total Revenue": 139,
        "Gross Profit": 56,
        "Operating Income": 46,
        "EBIT": 54,
        "Net Income": 12
    },
    "2018-03-31": {
        "Diluted EPS": 0.14,
        "Total Revenue": 115,
        "Gross Profit": 44,
        "Operating Income": 35,
        "EBIT": 42,
        "Net Income": 4
    },
    "2017-12-31": {
        "Diluted EPS": 431.4,
        "Total Revenue": 105,
        "Gross Profit": 35,
        "Operating Income": 29,
        "EBIT": 35,
        "Net Income": 23
    },
    "2017-09-30": {
        "Diluted EPS": 0.0,
        "Total Revenue": 96,
        "Gross Profit": 35,
        "Operating Income": 28,
        "EBIT": 35,
        "Net Income": NaN
    },
    "2017-06-30": {
        "Diluted EPS": 0.0,
        "Total Revenue": 82,
        "Gross Profit": 29,
        "Operating Income": 22,
        "EBIT": 28,
        "Net Income": NaN
    },
    "2017-03-31": {
        "Diluted EPS": 0.0,
        "Total Revenue": 59,
        "Gross Profit": 16,
        "Operating Income": 10,
        "EBIT": 16,
        "Net Income": NaN
    },
    "2016-12-31": {
        "Diluted EPS": 0.0,
        "Total Revenue": NaN,
        "Gross Profit": NaN,
        "Operating Income": NaN,
        "EBIT": NaN,
        "Net Income": NaN
    },
    "2015-12-31": {
        "Diluted EPS": 0.0,
        "Total Revenue": NaN,
        "Gross Profit": NaN,
        "Operating Income": NaN,
        "EBIT": NaN,
        "Net Income": NaN
    },
    "2023-06-30": {
        "Tax Effect Of Unusual Items": NaN,
        "Tax Rate For Calcs": NaN,
        "Normalized EBITDA": NaN,
        "Total Unusual Items": NaN,
        "Total Unusual Items Excluding Goodwill": NaN,
        "Net Income From Continuing Operation Net Minority Interest": NaN,
        "Reconciled Depreciation": NaN,
        "Reconciled Cost Of Revenue": NaN,
        "EBITDA": NaN,
        "EBIT": NaN,
        "Net Interest Income": NaN,
        "Interest Income": NaN,
        "Normalized Income": NaN,
        "Net Income From Continuing And Discontinued Operation": NaN,
        "Total Expenses": NaN,
        "Total Operating Income As Reported": NaN,
        "Diluted Average Shares": 65003000.0,
        "Basic Average Shares": 64566000.0,
        "Diluted EPS": 0.38,
        "Basic EPS": 0.38,
        "Diluted NI Availto Com Stockholders": NaN,
        "Average Dilution Earnings": NaN,
        "Net Income Common Stockholders": NaN,
        "Net Income": NaN,
        "Minority Interests": NaN,
        "Net Income Including Noncontrolling Interests": NaN,
        "Net Income Continuous Operations": NaN,
        "Tax Provision": NaN,
        "Pretax Income": NaN,
        "Other Income Expense": NaN,
        "Other Non Operating Income Expenses": NaN,
        "Special Income Charges": NaN,
        "Restructuring And Mergern Acquisition": NaN,
        "Net Non Operating Interest Income Expense": NaN,
        "Total Other Finance Cost": NaN,
        "Interest Income Non Operating": NaN,
        "Operating Income": NaN,
        "Operating Expense": NaN,
        "Selling General And Administration": NaN,
        "Gross Profit": NaN,
        "Cost Of Revenue": NaN,
        "Total Revenue": NaN,
        "Operating Revenue": NaN
    },
    "2023-09-30": {
        "Tax Effect Of Unusual Items": NaN,
        "Tax Rate For Calcs": NaN,
        "Normalized EBITDA": NaN,
        "Total Unusual Items": NaN,
        "Total Unusual Items Excluding Goodwill": NaN,
        "Net Income From Continuing Operation Net Minority Interest": NaN,
        "Reconciled Depreciation": NaN,
        "Reconciled Cost Of Revenue": NaN,
        "EBITDA": NaN,
        "EBIT": NaN,
        "Net Interest Income": NaN,
        "Interest Income": NaN,
        "Normalized Income": NaN,
        "Net Income From Continuing And Discontinued Operation": NaN,
        "Total Expenses": NaN,
        "Total Operating Income As Reported": NaN,
        "Diluted Average Shares": NaN,
        "Basic Average Shares": NaN,
        "Diluted EPS": NaN,
        "Basic EPS": NaN,
        "Diluted NI Availto Com Stockholders": NaN,
        "Average Dilution Earnings": NaN,
        "Net Income Common Stockholders": NaN,
        "Net Income": NaN,
        "Minority Interests": NaN,
        "Net Income Including Noncontrolling Interests": NaN,
        "Net Income Continuous Operations": NaN,
        "Tax Provision": NaN,
        "Pretax Income": NaN,
        "Other Income Expense": NaN,
        "Other Non Operating Income Expenses": 266000.0,
        "Special Income Charges": NaN,
        "Restructuring And Mergern Acquisition": NaN,
        "Net Non Operating Interest Income Expense": NaN,
        "Total Other Finance Cost": 1372000.0,
        "Interest Income Non Operating": NaN,
        "Operating Income": NaN,
        "Operating Expense": NaN,
        "Selling General And Administration": NaN,
        "Gross Profit": NaN,
        "Cost Of Revenue": NaN,
        "Total Revenue": NaN,
        "Operating Revenue": NaN
    },
    "2023-12-31": {
        "Tax Effect Of Unusual Items": NaN,
        "Tax Rate For Calcs": NaN,
        "Normalized EBITDA": NaN,
        "Total Unusual Items": NaN,
        "Total Unusual Items Excluding Goodwill": NaN,
        "Net Income From Continuing Operation Net Minority Interest": NaN,
        "Reconciled Depreciation": NaN,
        "Reconciled Cost Of Revenue": NaN,
        "EBITDA": NaN,
        "EBIT": NaN,
        "Net Interest Income": NaN,
        "Interest Income": NaN,
        "Normalized Income": NaN,
        "Net Income From Continuing And Discontinued Operation": NaN,
        "Total Expenses": NaN,
        "Total Operating Income As Reported": NaN,
        "Diluted Average Shares": NaN,
        "Basic Average Shares": NaN,
        "Diluted EPS": NaN,
        "Basic EPS": NaN,
        "Diluted NI Availto Com Stockholders": NaN,
        "Average Dilution Earnings": NaN,
        "Net Income Common Stockholders": NaN,
        "Net Income": NaN,
        "Minority Interests": NaN,
        "Net Income Including Noncontrolling Interests": NaN,
        "Net Income Continuous Operations": NaN,
        "Tax Provision": NaN,
        "Pretax Income": NaN,
        "Other Income Expense": -1111000.0,
        "Other Non Operating Income Expenses": 686000.0,
        "Special Income Charges": NaN,
        "Restructuring And Mergern Acquisition": NaN,
        "Net Non Operating Interest Income Expense": NaN,
        "Total Other Finance Cost": -990000.0,
        "Interest Income Non Operating": NaN,
        "Operating Income": NaN,
        "Operating Expense": NaN,
        "Selling General And Administration": NaN,
        "Gross Profit": NaN,
        "Cost Of Revenue": NaN,
        "Total Revenue": NaN,
        "Operating Revenue": NaN
    },
    "2024-03-31": {
        "Tax Effect Of Unusual Items": -2824094.24564,
        "Tax Rate For Calcs": 0.212274,
        "Normalized EBITDA": 104204000.0,
        "Total Unusual Items": -13304000.0,
        "Total Unusual Items Excluding Goodwill": -13304000.0,
        "Net Income From Continuing Operation Net Minority Interest": 38965000.0,
        "Reconciled Depreciation": 15046000.0,
        "Reconciled Cost Of Revenue": 168847000.0,
        "EBITDA": 90900000.0,
        "EBIT": 75854000.0,
        "Net Interest Income": 689000.0,
        "Interest Income": 689000.0,
        "Normalized Income": 49444905.75436,
        "Net Income From Continuing And Discontinued Operation": 38965000.0,
        "Total Expenses": 198269000.0,
        "Total Operating Income As Reported": 62550000.0,
        "Diluted Average Shares": 79556000.0,
        "Basic Average Shares": 65378000.0,
        "Diluted EPS": 0.59,
        "Basic EPS": 0.6,
        "Diluted NI Availto Com Stockholders": 47206000.0,
        "Average Dilution Earnings": 8241000.0,
        "Net Income Common Stockholders": 38965000.0,
        "Net Income": 38965000.0,
        "Minority Interests": -10850000.0,
        "Net Income Including Noncontrolling Interests": 49815000.0,
        "Net Income Continuous Operations": 49815000.0,
        "Tax Provision": 13424000.0,
        "Pretax Income": 63239000.0,
        "Other Income Expense": -13304000.0,
        "Other Non Operating Income Expenses": NaN,
        "Special Income Charges": -13304000.0,
        "Restructuring And Mergern Acquisition": 13304000.0,
        "Net Non Operating Interest Income Expense": 689000.0,
        "Total Other Finance Cost": NaN,
        "Interest Income Non Operating": 689000.0,
        "Operating Income": 75854000.0,
        "Operating Expense": 29422000.0,
        "Selling General And Administration": 29422000.0,
        "Gross Profit": 105276000.0,
        "Cost Of Revenue": 168847000.0,
        "Total Revenue": 274123000.0,
        "Operating Revenue": 274123000.0
    },
    "2024-06-30": {
        "Tax Effect Of Unusual Items": -643190.92879,
        "Tax Rate For Calcs": 0.223641,
        "Normalized EBITDA": 100572000.0,
        "Total Unusual Items": -2876000.0,
        "Total Unusual Items Excluding Goodwill": -2876000.0,
        "Net Income From Continuing Operation Net Minority Interest": 49828000.0,
        "Reconciled Depreciation": 15001000.0,
        "Reconciled Cost Of Revenue": 176467000.0,
        "EBITDA": 97696000.0,
        "EBIT": 82695000.0,
        "Net Interest Income": 1405000.0,
        "Interest Income": NaN,
        "Normalized Income": 52060809.07121,
        "Net Income From Continuing And Discontinued Operation": 49828000.0,
        "Total Expenses": 207694000.0,
        "Total Operating Income As Reported": 79819000.0,
        "Diluted Average Shares": 66579000.0,
        "Basic Average Shares": 66142000.0,
        "Diluted EPS": 0.75,
        "Basic EPS": 0.75,
        "Diluted NI Availto Com Stockholders": 49828000.0,
        "Average Dilution Earnings": 0.0,
        "Net Income Common Stockholders": 49828000.0,
        "Net Income": 49828000.0,
        "Minority Interests": -13231000.0,
        "Net Income Including Noncontrolling Interests": 63059000.0,
        "Net Income Continuous Operations": 63059000.0,
        "Tax Provision": 18165000.0,
        "Pretax Income": 81224000.0,
        "Other Income Expense": -2876000.0,
        "Other Non Operating Income Expenses": NaN,
        "Special Income Charges": -2876000.0,
        "Restructuring And Mergern Acquisition": 2876000.0,
        "Net Non Operating Interest Income Expense": 1405000.0,
        "Total Other Finance Cost": -1405000.0,
        "Interest Income Non Operating": NaN,
        "Operating Income": 82695000.0,
        "Operating Expense": 31227000.0,
        "Selling General And Administration": 31227000.0,
        "Gross Profit": 113922000.0,
        "Cost Of Revenue": 176467000.0,
        "Total Revenue": 290389000.0,
        "Operating Revenue": 290389000.0
    },
    "2024-09-30": {
        "Tax Effect Of Unusual Items": -28730.895072,
        "Tax Rate For Calcs": 0.208195,
        "Normalized EBITDA": 92145000.0,
        "Total Unusual Items": -138000.0,
        "Total Unusual Items Excluding Goodwill": -138000.0,
        "Net Income From Continuing Operation Net Minority Interest": 49927000.0,
        "Reconciled Depreciation": 15077000.0,
        "Reconciled Cost Of Revenue": 178879000.0,
        "EBITDA": 92007000.0,
        "EBIT": 76930000.0,
        "Net Interest Income": 2062000.0,
        "Interest Income": NaN,
        "Normalized Income": 50036269.104928,
        "Net Income From Continuing And Discontinued Operation": 49927000.0,
        "Total Expenses": 216251000.0,
        "Total Operating Income As Reported": 76792000.0,
        "Diluted Average Shares": 80190000.0,
        "Basic Average Shares": 66563000.0,
        "Diluted EPS": 0.74,
        "Basic EPS": 0.75,
        "Diluted NI Availto Com Stockholders": 59494000.0,
        "Average Dilution Earnings": 9567000.0,
        "Net Income Common Stockholders": 49927000.0,
        "Net Income": 49927000.0,
        "Minority Interests": -12510000.0,
        "Net Income Including Noncontrolling Interests": 62437000.0,
        "Net Income Continuous Operations": 62437000.0,
        "Tax Provision": 16417000.0,
        "Pretax Income": 78854000.0,
        "Other Income Expense": -138000.0,
        "Other Non Operating Income Expenses": NaN,
        "Special Income Charges": -138000.0,
        "Restructuring And Mergern Acquisition": 138000.0,
        "Net Non Operating Interest Income Expense": 2062000.0,
        "Total Other Finance Cost": -2062000.0,
        "Interest Income Non Operating": NaN,
        "Operating Income": 76930000.0,
        "Operating Expense": 37372000.0,
        "Selling General And Administration": 37372000.0,
        "Gross Profit": 114302000.0,
        "Cost Of Revenue": 178879000.0,
        "Total Revenue": 293181000.0,
        "Operating Revenue": 293181000.0
    },
    "2024-12-31": {
        "Tax Effect Of Unusual Items": 0.0,
        "Tax Rate For Calcs": 0.24371,
        "Normalized EBITDA": 81385000.0,
        "Total Unusual Items": 0.0,
        "Total Unusual Items Excluding Goodwill": 0.0,
        "Net Income From Continuing Operation Net Minority Interest": 46687000.0,
        "Reconciled Depreciation": 15314000.0,
        "Reconciled Cost Of Revenue": 169228000.0,
        "EBITDA": 81385000.0,
        "EBIT": 66071000.0,
        "Net Interest Income": 2303000.0,
        "Interest Income": NaN,
        "Normalized Income": 46687000.0,
        "Net Income From Continuing And Discontinued Operation": 46687000.0,
        "Total Expenses": 201669000.0,
        "Total Operating Income As Reported": 70452000.0,
        "Diluted Average Shares": 80359000.0,
        "Basic Average Shares": 67474000.0,
        "Diluted EPS": 0.68,
        "Basic EPS": 0.69,
        "Diluted NI Availto Com Stockholders": 54955000.0,
        "Average Dilution Earnings": 8268000.0,
        "Net Income Common Stockholders": 46687000.0,
        "Net Income": 46687000.0,
        "Minority Interests": -10760000.0,
        "Net Income Including Noncontrolling Interests": 57447000.0,
        "Net Income Continuous Operations": 57447000.0,
        "Tax Provision": 18512000.0,
        "Pretax Income": 75959000.0,
        "Other Income Expense": 3204000.0,
        "Other Non Operating Income Expenses": NaN,
        "Special Income Charges": 0.0,
        "Restructuring And Mergern Acquisition": 0.0,
        "Net Non Operating Interest Income Expense": 2303000.0,
        "Total Other Finance Cost": 5706000.0,
        "Interest Income Non Operating": NaN,
        "Operating Income": 70452000.0,
        "Operating Expense": 32441000.0,
        "Selling General And Administration": 32441000.0,
        "Gross Profit": 102893000.0,
        "Cost Of Revenue": 169228000.0,
        "Total Revenue": 272121000.0,
        "Operating Revenue": 272121000.0
    },
    "2025-03-31": {
        "Tax Effect Of Unusual Items": 0.0,
        "Tax Rate For Calcs": 0.237281,
        "Normalized EBITDA": 84290000.0,
        "Total Unusual Items": 0.0,
        "Total Unusual Items Excluding Goodwill": 0.0,
        "Net Income From Continuing Operation Net Minority Interest": 44223000.0,
        "Reconciled Depreciation": 15678000.0,
        "Reconciled Cost Of Revenue": 172581000.0,
        "EBITDA": 84290000.0,
        "EBIT": 68612000.0,
        "Net Interest Income": 2325000.0,
        "Interest Income": 2325000.0,
        "Normalized Income": 44223000.0,
        "Net Income From Continuing And Discontinued Operation": 44223000.0,
        "Total Expenses": 211707000.0,
        "Total Operating Income As Reported": 68612000.0,
        "Diluted Average Shares": 68664000.0,
        "Basic Average Shares": 68194000.0,
        "Diluted EPS": 0.64,
        "Basic EPS": 0.65,
        "Diluted NI Availto Com Stockholders": 44223000.0,
        "Average Dilution Earnings": 0.0,
        "Net Income Common Stockholders": 44223000.0,
        "Net Income": 44223000.0,
        "Minority Interests": -9882000.0,
        "Net Income Including Noncontrolling Interests": 54105000.0,
        "Net Income Continuous Operations": 54105000.0,
        "Tax Provision": 16832000.0,
        "Pretax Income": 70937000.0,
        "Other Income Expense": NaN,
        "Other Non Operating Income Expenses": NaN,
        "Special Income Charges": 0.0,
        "Restructuring And Mergern Acquisition": 0.0,
        "Net Non Operating Interest Income Expense": 2325000.0,
        "Total Other Finance Cost": NaN,
        "Interest Income Non Operating": 2325000.0,
        "Operating Income": 68612000.0,
        "Operating Expense": 39126000.0,
        "Selling General And Administration": 39126000.0,
        "Gross Profit": 107738000.0,
        "Cost Of Revenue": 172581000.0,
        "Total Revenue": 280319000.0,
        "Operating Revenue": 280319000.0
    }
}