{
    "2023-03-31": {
        "Tax Effect Of Unusual Items": 214830.0,
        "Tax Rate For Calcs": 0.21,
        "Normalized EBITDA": 269000.0,
        "Total Unusual Items": 1023000.0,
        "Total Unusual Items Excluding Goodwill": 1023000.0,
        "Net Income From Continuing Operation Net Minority Interest": 714000.0,
        "Reconciled Depreciation": 1197000.0,
        "Reconciled Cost Of Revenue": 14202000.0,
        "EBITDA": 1292000.0,
        "EBIT": 95000.0,
        "Normalized Income": -94170.0,
        "Net Income From Continuing And Discontinued Operation": 714000.0,
        "Total Expenses": 22632000.0,
        "Total Operating Income As Reported": 946000.0,
        "Diluted Average Shares": 7968504.0,
        "Basic Average Shares": 7853921.0,
        "Diluted EPS": 0.09,
        "Basic EPS": 0.09,
        "Diluted NI Availto Com Stockholders": 714000.0,
        "Net Income Common Stockholders": 714000.0,
        "Net Income": 714000.0,
        "Net Income Including Noncontrolling Interests": 714000.0,
        "Net Income Continuous Operations": 714000.0,
        "Tax Provision": 776000.0,
        "Pretax Income": 1490000.0,
        "Other Income Expense": 1395000.0,
        "Other Non Operating Income Expenses": 372000.0,
        "Special Income Charges": 851000.0,
        "Restructuring And Mergern Acquisition": -851000.0,
        "Gain On Sale Of Security": 172000.0,
        "Operating Income": 95000.0,
        "Operating Expense": 8430000.0,
        "Other Operating Expenses": 3115000.0,
        "Selling General And Administration": 5315000.0,
        "Selling And Marketing Expense": 740000.0,
        "General And Administrative Expense": 4575000.0,
        "Other Gand A": 4575000.0,
        "Gross Profit": 8525000.0,
        "Cost Of Revenue": 14202000.0,
        "Total Revenue": 22727000.0,
        "Operating Revenue": 22619000.0
    },
    "2022-12-31": {
        "Tax Effect Of Unusual Items": -2173141.531323,
        "Tax Rate For Calcs": 0.274942,
        "Normalized EBITDA": 12059000.0,
        "Total Unusual Items": -7904000.0,
        "Total Unusual Items Excluding Goodwill": -7904000.0,
        "Net Income From Continuing Operation Net Minority Interest": -3125000.0,
        "Reconciled Depreciation": 870000.0,
        "Reconciled Cost Of Revenue": 11131000.0,
        "EBITDA": 4155000.0,
        "EBIT": 3285000.0,
        "Normalized Income": 2605858.468677,
        "Net Income From Continuing And Discontinued Operation": -3125000.0,
        "Total Expenses": 17171000.0,
        "Total Operating Income As Reported": -3808000.0,
        "Diluted Average Shares": 7775545.0,
        "Basic Average Shares": 7775545.0,
        "Diluted EPS": -0.4,
        "Basic EPS": -0.4,
        "Diluted NI Availto Com Stockholders": -3125000.0,
        "Net Income Common Stockholders": -3125000.0,
        "Net Income": -3125000.0,
        "Net Income Including Noncontrolling Interests": -3125000.0,
        "Net Income Continuous Operations": -3125000.0,
        "Tax Provision": -1185000.0,
        "Pretax Income": -4310000.0,
        "Other Income Expense": -7595000.0,
        "Other Non Operating Income Expenses": 309000.0,
        "Special Income Charges": NaN,
        "Restructuring And Mergern Acquisition": NaN,
        "Gain On Sale Of Security": -811000.0,
        "Operating Income": 3285000.0,
        "Operating Expense": 6040000.0,
        "Other Operating Expenses": 8108000.0,
        "Selling General And Administration": -2068000.0,
        "Selling And Marketing Expense": 677000.0,
        "General And Administrative Expense": -2745000.0,
        "Other Gand A": -2745000.0,
        "Gross Profit": 9325000.0,
        "Cost Of Revenue": 11131000.0,
        "Total Revenue": 20456000.0,
        "Operating Revenue": 19888000.0
    },
    "2022-09-30": {
        "Tax Effect Of Unusual Items": -58000.0,
        "Tax Rate For Calcs": 0.4,
        "Normalized EBITDA": -394000.0,
        "Total Unusual Items": -145000.0,
        "Total Unusual Items Excluding Goodwill": -145000.0,
        "Net Income From Continuing Operation Net Minority Interest": -1175000.0,
        "Reconciled Depreciation": 543000.0,
        "Reconciled Cost Of Revenue": 9526000.0,
        "EBITDA": -539000.0,
        "EBIT": -1082000.0,
        "Normalized Income": -1088000.0,
        "Net Income From Continuing And Discontinued Operation": -1175000.0,
        "Total Expenses": 16488000.0,
        "Total Operating Income As Reported": -1082000.0,
        "Diluted Average Shares": 7794060.0,
        "Basic Average Shares": 7794060.0,
        "Diluted EPS": -0.15,
        "Basic EPS": -0.15,
        "Diluted NI Availto Com Stockholders": -1175000.0,
        "Net Income Common Stockholders": -1175000.0,
        "Net Income": -1175000.0,
        "Net Income Including Noncontrolling Interests": -1175000.0,
        "Net Income Continuous Operations": -1175000.0,
        "Tax Provision": 154000.0,
        "Pretax Income": -1021000.0,
        "Other Income Expense": 61000.0,
        "Other Non Operating Income Expenses": 206000.0,
        "Special Income Charges": NaN,
        "Restructuring And Mergern Acquisition": NaN,
        "Gain On Sale Of Security": -145000.0,
        "Operating Income": -1082000.0,
        "Operating Expense": 6962000.0,
        "Other Operating Expenses": 615000.0,
        "Selling General And Administration": 6347000.0,
        "Selling And Marketing Expense": 335000.0,
        "General And Administrative Expense": 6012000.0,
        "Other Gand A": 6012000.0,
        "Gross Profit": 5880000.0,
        "Cost Of Revenue": 9526000.0,
        "Total Revenue": 15406000.0,
        "Operating Revenue": 15651000.0
    },
    "2022-06-30": {
        "Tax Effect Of Unusual Items": -51353.71179,
        "Tax Rate For Calcs": 0.174672,
        "Normalized EBITDA": 477000.0,
        "Total Unusual Items": -294000.0,
        "Total Unusual Items Excluding Goodwill": -294000.0,
        "Net Income From Continuing Operation Net Minority Interest": -378000.0,
        "Reconciled Depreciation": 581000.0,
        "Reconciled Cost Of Revenue": 9133000.0,
        "EBITDA": 183000.0,
        "EBIT": -398000.0,
        "Normalized Income": -135353.71179,
        "Net Income From Continuing And Discontinued Operation": -378000.0,
        "Total Expenses": 16001000.0,
        "Total Operating Income As Reported": -398000.0,
        "Diluted Average Shares": 7944212.0,
        "Basic Average Shares": 7944212.0,
        "Diluted EPS": -0.05,
        "Basic EPS": -0.05,
        "Diluted NI Availto Com Stockholders": -378000.0,
        "Net Income Common Stockholders": -378000.0,
        "Net Income": -378000.0,
        "Net Income Including Noncontrolling Interests": -378000.0,
        "Net Income Continuous Operations": -378000.0,
        "Tax Provision": -80000.0,
        "Pretax Income": -458000.0,
        "Other Income Expense": -60000.0,
        "Other Non Operating Income Expenses": 234000.0,
        "Special Income Charges": NaN,
        "Restructuring And Mergern Acquisition": NaN,
        "Gain On Sale Of Security": -294000.0,
        "Operating Income": -398000.0,
        "Operating Expense": 6868000.0,
        "Other Operating Expenses": 601000.0,
        "Selling General And Administration": 6267000.0,
        "Selling And Marketing Expense": 509000.0,
        "General And Administrative Expense": 5758000.0,
        "Other Gand A": 5758000.0,
        "Gross Profit": 6470000.0,
        "Cost Of Revenue": 9133000.0,
        "Total Revenue": 15603000.0,
        "Operating Revenue": 16345000.0
    },
    "2023-06-30": {
        "Tax Effect Of Unusual Items": 1295045.136375,
        "Tax Rate For Calcs": 0.300266,
        "Normalized EBITDA": -3510000.0,
        "Total Unusual Items": 4313000.0,
        "Total Unusual Items Excluding Goodwill": 4313000.0,
        "Net Income From Continuing Operation Net Minority Interest": 2899000.0,
        "Reconciled Depreciation": 1212000.0,
        "Reconciled Cost Of Revenue": 13688000.0,
        "EBITDA": 803000.0,
        "EBIT": -409000.0,
        "Normalized Income": -118954.863625,
        "Net Income From Continuing And Discontinued Operation": 2899000.0,
        "Total Expenses": 22354000.0,
        "Total Operating Income As Reported": 3669000.0,
        "Diluted Average Shares": 8131333.0,
        "Basic Average Shares": 7991228.0,
        "Diluted EPS": 0.36,
        "Basic EPS": 0.36,
        "Diluted NI Availto Com Stockholders": 2899000.0,
        "Net Income Common Stockholders": 2899000.0,
        "Net Income": 2899000.0,
        "Net Income Including Noncontrolling Interests": 2899000.0,
        "Net Income Continuous Operations": 2899000.0,
        "Tax Provision": 1244000.0,
        "Pretax Income": 4143000.0,
        "Other Income Expense": 4552000.0,
        "Other Non Operating Income Expenses": 239000.0,
        "Special Income Charges": 4078000.0,
        "Restructuring And Mergern Acquisition": -4078000.0,
        "Gain On Sale Of Security": 235000.0,
        "Operating Income": -409000.0,
        "Operating Expense": 8666000.0,
        "Other Operating Expenses": 3312000.0,
        "Selling General And Administration": 5354000.0,
        "Selling And Marketing Expense": 764000.0,
        "General And Administrative Expense": 4590000.0,
        "Other Gand A": 4590000.0,
        "Gross Profit": 8257000.0,
        "Cost Of Revenue": 13688000.0,
        "Total Revenue": 21945000.0,
        "Operating Revenue": 21823000.0
    },
    "2022-03-31": {
        "Diluted EPS": 0.01,
        "Total Revenue": 17,
        "Gross Profit": 17,
        "Operating Income": 0,
        "EBIT": 1,
        "Net Income": 0
    },
    "2021-12-31": {
        "Diluted EPS": 0.35,
        "Total Revenue": 19,
        "Gross Profit": 19,
        "Operating Income": 2,
        "EBIT": 3,
        "Net Income": 3
    },
    "2021-09-30": {
        "Diluted EPS": 0.24,
        "Total Revenue": 18,
        "Gross Profit": 18,
        "Operating Income": 2,
        "EBIT": 3,
        "Net Income": 2
    },
    "2021-06-30": {
        "Diluted EPS": 0.12,
        "Total Revenue": 17,
        "Gross Profit": 17,
        "Operating Income": 1,
        "EBIT": 1,
        "Net Income": 1
    },
    "2021-03-31": {
        "Diluted EPS": 0.52,
        "Total Revenue": 18,
        "Gross Profit": 18,
        "Operating Income": 1,
        "EBIT": 1,
        "Net Income": 4
    },
    "2020-12-31": {
        "Diluted EPS": 0.39,
        "Total Revenue": 17,
        "Gross Profit": 17,
        "Operating Income": 2,
        "EBIT": 3,
        "Net Income": 3
    },
    "2020-09-30": {
        "Diluted EPS": -1.31,
        "Total Revenue": 15,
        "Gross Profit": 15,
        "Operating Income": -4,
        "EBIT": -3,
        "Net Income": -10
    },
    "2020-06-30": {
        "Diluted EPS": -0.33,
        "Total Revenue": 16,
        "Gross Profit": 16,
        "Operating Income": -2,
        "EBIT": -1,
        "Net Income": -3
    },
    "2020-03-31": {
        "Diluted EPS": 0.13,
        "Total Revenue": 17,
        "Gross Profit": 17,
        "Operating Income": 0,
        "EBIT": 1,
        "Net Income": 1
    },
    "2019-12-31": {
        "Diluted EPS": 0.3,
        "Total Revenue": 19,
        "Gross Profit": 19,
        "Operating Income": -1,
        "EBIT": 0,
        "Net Income": 3
    },
    "2019-09-30": {
        "Diluted EPS": 0.13,
        "Total Revenue": 20,
        "Gross Profit": 20,
        "Operating Income": 2,
        "EBIT": 2,
        "Net Income": 1
    },
    "2019-06-30": {
        "Diluted EPS": 0.22,
        "Total Revenue": 22,
        "Gross Profit": 22,
        "Operating Income": 3,
        "EBIT": 3,
        "Net Income": 2
    },
    "2019-03-31": {
        "Diluted EPS": 0.05,
        "Total Revenue": 24,
        "Gross Profit": 24,
        "Operating Income": 1,
        "EBIT": 2,
        "Net Income": 0
    },
    "2018-12-31": {
        "Diluted EPS": 0.64,
        "Total Revenue": 26,
        "Gross Profit": 26,
        "Operating Income": 8,
        "EBIT": 9,
        "Net Income": 5
    },
    "2018-09-30": {
        "Diluted EPS": 0.62,
        "Total Revenue": 30,
        "Gross Profit": 30,
        "Operating Income": 7,
        "EBIT": 8,
        "Net Income": 5
    },
    "2018-06-30": {
        "Diluted EPS": 0.94,
        "Total Revenue": 33,
        "Gross Profit": 33,
        "Operating Income": 11,
        "EBIT": 12,
        "Net Income": 8
    },
    "2018-03-31": {
        "Diluted EPS": 0.93,
        "Total Revenue": 34,
        "Gross Profit": 34,
        "Operating Income": 10,
        "EBIT": 11,
        "Net Income": 8
    },
    "2017-12-31": {
        "Diluted EPS": 0.33,
        "Total Revenue": 34,
        "Gross Profit": 34,
        "Operating Income": 10,
        "EBIT": 11,
        "Net Income": 3
    },
    "2017-09-30": {
        "Diluted EPS": 0.49,
        "Total Revenue": 33,
        "Gross Profit": 33,
        "Operating Income": 6,
        "EBIT": 6,
        "Net Income": 4
    },
    "2017-06-30": {
        "Diluted EPS": 0.83,
        "Total Revenue": 34,
        "Gross Profit": 34,
        "Operating Income": 11,
        "EBIT": 11,
        "Net Income": 7
    },
    "2017-03-31": {
        "Diluted EPS": 0.73,
        "Total Revenue": 33,
        "Gross Profit": 33,
        "Operating Income": 8,
        "EBIT": 9,
        "Net Income": 6
    },
    "2016-12-31": {
        "Diluted EPS": 0.92,
        "Total Revenue": 31,
        "Gross Profit": 31,
        "Operating Income": 11,
        "EBIT": 12,
        "Net Income": 8
    },
    "2016-09-30": {
        "Diluted EPS": 0.72,
        "Total Revenue": 32,
        "Gross Profit": 32,
        "Operating Income": 9,
        "EBIT": 10,
        "Net Income": 6
    },
    "2016-06-30": {
        "Diluted EPS": 0.69,
        "Total Revenue": 31,
        "Gross Profit": 31,
        "Operating Income": 9,
        "EBIT": 9,
        "Net Income": 6
    },
    "2016-03-31": {
        "Diluted EPS": 0.44,
        "Total Revenue": 29,
        "Gross Profit": 29,
        "Operating Income": 6,
        "EBIT": 6,
        "Net Income": 4
    },
    "2015-12-31": {
        "Diluted EPS": 0.52,
        "Total Revenue": 32,
        "Gross Profit": 32,
        "Operating Income": 9,
        "EBIT": 10,
        "Net Income": 5
    },
    "2015-09-30": {
        "Diluted EPS": 0.87,
        "Total Revenue": 32,
        "Gross Profit": 32,
        "Operating Income": 11,
        "EBIT": 11,
        "Net Income": 7
    },
    "2015-06-30": {
        "Diluted EPS": 1.23,
        "Total Revenue": 37,
        "Gross Profit": 37,
        "Operating Income": 15,
        "EBIT": 15,
        "Net Income": 10
    },
    "2015-03-31": {
        "Diluted EPS": 0.71,
        "Total Revenue": 30,
        "Gross Profit": 30,
        "Operating Income": 8,
        "EBIT": 9,
        "Net Income": 6
    },
    "2014-12-31": {
        "Diluted EPS": 0.69,
        "Total Revenue": 28,
        "Gross Profit": 28,
        "Operating Income": 9,
        "EBIT": 10,
        "Net Income": 6
    },
    "2014-09-30": {
        "Diluted EPS": 0.92,
        "Total Revenue": 28,
        "Gross Profit": 28,
        "Operating Income": 11,
        "EBIT": 11,
        "Net Income": 7
    },
    "2014-06-30": {
        "Diluted EPS": 1.12,
        "Total Revenue": 31,
        "Gross Profit": 31,
        "Operating Income": 13,
        "EBIT": 14,
        "Net Income": 9
    },
    "2014-03-31": {
        "Diluted EPS": 0.72,
        "Total Revenue": 26,
        "Gross Profit": 26,
        "Operating Income": 9,
        "EBIT": 9,
        "Net Income": 6
    },
    "2013-12-31": {
        "Diluted EPS": 0.72,
        "Total Revenue": 25,
        "Gross Profit": 25,
        "Operating Income": 9,
        "EBIT": 9,
        "Net Income": 6
    },
    "2013-09-30": {
        "Diluted EPS": 0.57,
        "Total Revenue": 23,
        "Gross Profit": 23,
        "Operating Income": 7,
        "EBIT": 7,
        "Net Income": 4
    },
    "2013-06-30": {
        "Diluted EPS": 0.65,
        "Total Revenue": 23,
        "Gross Profit": 23,
        "Operating Income": 8,
        "EBIT": 8,
        "Net Income": 5
    },
    "2013-03-31": {
        "Diluted EPS": 0.38,
        "Total Revenue": 20,
        "Gross Profit": 20,
        "Operating Income": 5,
        "EBIT": 5,
        "Net Income": 3
    },
    "2012-12-31": {
        "Diluted EPS": 0.49,
        "Total Revenue": 21,
        "Gross Profit": 21,
        "Operating Income": 6,
        "EBIT": 6,
        "Net Income": 4
    },
    "2012-09-30": {
        "Diluted EPS": 0.34,
        "Total Revenue": 19,
        "Gross Profit": 19,
        "Operating Income": 4,
        "EBIT": 5,
        "Net Income": 3
    },
    "2012-06-30": {
        "Diluted EPS": 0.3,
        "Total Revenue": 20,
        "Gross Profit": 20,
        "Operating Income": 4,
        "EBIT": 4,
        "Net Income": 2
    },
    "2012-03-31": {
        "Diluted EPS": 0.52,
        "Total Revenue": 18,
        "Gross Profit": 18,
        "Operating Income": 6,
        "EBIT": 6,
        "Net Income": 4
    },
    "2011-12-31": {
        "Diluted EPS": 0.56,
        "Total Revenue": 17,
        "Gross Profit": 17,
        "Operating Income": 6,
        "EBIT": 6,
        "Net Income": 4
    },
    "2011-09-30": {
        "Diluted EPS": 0.46,
        "Total Revenue": 16,
        "Gross Profit": 16,
        "Operating Income": 5,
        "EBIT": 5,
        "Net Income": 3
    },
    "2011-06-30": {
        "Diluted EPS": 0.52,
        "Total Revenue": 19,
        "Gross Profit": 19,
        "Operating Income": 6,
        "EBIT": 6,
        "Net Income": 4
    },
    "2011-03-31": {
        "Diluted EPS": 0.5,
        "Total Revenue": 17,
        "Gross Profit": 17,
        "Operating Income": 6,
        "EBIT": 6,
        "Net Income": 4
    },
    "2010-12-31": {
        "Diluted EPS": 0.46,
        "Total Revenue": 15,
        "Gross Profit": 15,
        "Operating Income": 5,
        "EBIT": 5,
        "Net Income": 3
    },
    "2010-09-30": {
        "Diluted EPS": 0.38,
        "Total Revenue": 13,
        "Gross Profit": 13,
        "Operating Income": 4,
        "EBIT": 4,
        "Net Income": 3
    },
    "2010-06-30": {
        "Diluted EPS": 0.34,
        "Total Revenue": 13,
        "Gross Profit": 13,
        "Operating Income": 4,
        "EBIT": 4,
        "Net Income": 2
    },
    "2010-03-31": {
        "Diluted EPS": 0.4,
        "Total Revenue": 13,
        "Gross Profit": 13,
        "Operating Income": 5,
        "EBIT": 5,
        "Net Income": 3
    },
    "2009-12-31": {
        "Diluted EPS": 0.35,
        "Total Revenue": 13,
        "Gross Profit": 13,
        "Operating Income": 4,
        "EBIT": 4,
        "Net Income": 3
    },
    "2009-09-30": {
        "Diluted EPS": 0.32,
        "Total Revenue": 12,
        "Gross Profit": 12,
        "Operating Income": 4,
        "EBIT": 4,
        "Net Income": 2
    },
    "2009-06-30": {
        "Diluted EPS": 0.23,
        "Total Revenue": 10,
        "Gross Profit": 10,
        "Operating Income": 3,
        "EBIT": 3,
        "Net Income": 2
    },
    "2009-03-31": {
        "Diluted EPS": 0.19,
        "Total Revenue": 8,
        "Gross Profit": 8,
        "Operating Income": 2,
        "EBIT": 2,
        "Net Income": 1
    },
    "2023-09-30": {
        "Tax Effect Of Unusual Items": NaN,
        "Tax Rate For Calcs": NaN,
        "Normalized EBITDA": NaN,
        "Total Unusual Items": NaN,
        "Total Unusual Items Excluding Goodwill": NaN,
        "Net Income From Continuing Operation Net Minority Interest": NaN,
        "Reconciled Depreciation": NaN,
        "Reconciled Cost Of Revenue": NaN,
        "EBITDA": NaN,
        "EBIT": NaN,
        "Normalized Income": NaN,
        "Net Income From Continuing And Discontinued Operation": NaN,
        "Total Expenses": NaN,
        "Total Operating Income As Reported": NaN,
        "Diluted Average Shares": 8116747.0,
        "Basic Average Shares": 8002537.0,
        "Diluted EPS": 0.41,
        "Basic EPS": 0.42,
        "Diluted NI Availto Com Stockholders": NaN,
        "Net Income Common Stockholders": NaN,
        "Net Income": NaN,
        "Net Income Including Noncontrolling Interests": NaN,
        "Net Income Continuous Operations": NaN,
        "Tax Provision": NaN,
        "Pretax Income": NaN,
        "Other Income Expense": NaN,
        "Other Non Operating Income Expenses": NaN,
        "Special Income Charges": NaN,
        "Restructuring And Mergern Acquisition": NaN,
        "Gain On Sale Of Security": NaN,
        "Operating Income": NaN,
        "Operating Expense": NaN,
        "Other Operating Expenses": NaN,
        "Selling General And Administration": NaN,
        "Selling And Marketing Expense": NaN,
        "General And Administrative Expense": NaN,
        "Other Gand A": NaN,
        "Gross Profit": NaN,
        "Cost Of Revenue": NaN,
        "Total Revenue": NaN,
        "Operating Revenue": NaN
    },
    "2023-12-31": {
        "Tax Effect Of Unusual Items": 204267.661957,
        "Tax Rate For Calcs": 0.311384,
        "Normalized EBITDA": 3276000.0,
        "Total Unusual Items": 656000.0,
        "Total Unusual Items Excluding Goodwill": 656000.0,
        "Net Income From Continuing Operation Net Minority Interest": 2583000.0,
        "Reconciled Depreciation": 1202000.0,
        "Reconciled Cost Of Revenue": 12367000.0,
        "EBITDA": 3932000.0,
        "EBIT": 2730000.0,
        "Normalized Income": 2131267.661957,
        "Net Income From Continuing And Discontinued Operation": 2583000.0,
        "Total Expenses": 20499000.0,
        "Total Operating Income As Reported": 2843000.0,
        "Diluted Average Shares": 8184736.0,
        "Basic Average Shares": 8007896.0,
        "Diluted EPS": 0.32,
        "Basic EPS": 0.32,
        "Diluted NI Availto Com Stockholders": 2583000.0,
        "Net Income Common Stockholders": 2583000.0,
        "Net Income": 2583000.0,
        "Net Income Including Noncontrolling Interests": 2583000.0,
        "Net Income Continuous Operations": 2583000.0,
        "Tax Provision": 1168000.0,
        "Pretax Income": 3751000.0,
        "Other Income Expense": 1021000.0,
        "Other Non Operating Income Expenses": 365000.0,
        "Special Income Charges": 113000.0,
        "Restructuring And Mergern Acquisition": -113000.0,
        "Gain On Sale Of Security": 543000.0,
        "Operating Income": 2730000.0,
        "Operating Expense": 8132000.0,
        "Other Operating Expenses": 3150000.0,
        "Selling General And Administration": 4982000.0,
        "Selling And Marketing Expense": 810000.0,
        "General And Administrative Expense": 4172000.0,
        "Other Gand A": 4172000.0,
        "Gross Profit": 10862000.0,
        "Cost Of Revenue": 12367000.0,
        "Total Revenue": 23229000.0,
        "Operating Revenue": 22840000.0
    },
    "2024-03-31": {
        "Tax Effect Of Unusual Items": 1345060.039095,
        "Tax Rate For Calcs": 0.395141,
        "Normalized EBITDA": -2196000.0,
        "Total Unusual Items": 3404000.0,
        "Total Unusual Items Excluding Goodwill": 3404000.0,
        "Net Income From Continuing Operation Net Minority Interest": 2166000.0,
        "Reconciled Depreciation": 1216000.0,
        "Reconciled Cost Of Revenue": 14711000.0,
        "EBITDA": 1208000.0,
        "EBIT": -8000.0,
        "Normalized Income": 107060.039095,
        "Net Income From Continuing And Discontinued Operation": 2166000.0,
        "Total Expenses": 22740000.0,
        "Total Operating Income As Reported": 2941000.0,
        "Diluted Average Shares": 8392496.0,
        "Basic Average Shares": 8099028.0,
        "Diluted EPS": 0.27,
        "Basic EPS": 0.28,
        "Diluted NI Availto Com Stockholders": 2166000.0,
        "Net Income Common Stockholders": 2166000.0,
        "Net Income": 2166000.0,
        "Net Income Including Noncontrolling Interests": 2166000.0,
        "Net Income Continuous Operations": 2166000.0,
        "Tax Provision": 1415000.0,
        "Pretax Income": 3581000.0,
        "Other Income Expense": 3589000.0,
        "Other Non Operating Income Expenses": 185000.0,
        "Special Income Charges": 2949000.0,
        "Restructuring And Mergern Acquisition": -2949000.0,
        "Gain On Sale Of Security": 455000.0,
        "Operating Income": -8000.0,
        "Operating Expense": 8029000.0,
        "Other Operating Expenses": 3011000.0,
        "Selling General And Administration": 5018000.0,
        "Selling And Marketing Expense": 628000.0,
        "General And Administrative Expense": 4390000.0,
        "Other Gand A": 4390000.0,
        "Gross Profit": 8021000.0,
        "Cost Of Revenue": 14711000.0,
        "Total Revenue": 22732000.0,
        "Operating Revenue": 21930000.0
    },
    "2024-06-30": {
        "Tax Effect Of Unusual Items": -1491775.396359,
        "Tax Rate For Calcs": 0.350264,
        "Normalized EBITDA": 6072000.0,
        "Total Unusual Items": -4259000.0,
        "Total Unusual Items Excluding Goodwill": -4259000.0,
        "Net Income From Continuing Operation Net Minority Interest": -2213000.0,
        "Reconciled Depreciation": 1184000.0,
        "Reconciled Cost Of Revenue": 13638000.0,
        "EBITDA": 1813000.0,
        "EBIT": 629000.0,
        "Normalized Income": 554224.603641,
        "Net Income From Continuing And Discontinued Operation": -2213000.0,
        "Total Expenses": 22059000.0,
        "Total Operating Income As Reported": -4178000.0,
        "Diluted Average Shares": 8218596.0,
        "Basic Average Shares": 8218596.0,
        "Diluted EPS": -0.27,
        "Basic EPS": -0.27,
        "Diluted NI Availto Com Stockholders": -2213000.0,
        "Net Income Common Stockholders": -2213000.0,
        "Net Income": -2213000.0,
        "Net Income Including Noncontrolling Interests": -2213000.0,
        "Net Income Continuous Operations": -2213000.0,
        "Tax Provision": -1193000.0,
        "Pretax Income": -3406000.0,
        "Other Income Expense": -4035000.0,
        "Other Non Operating Income Expenses": 224000.0,
        "Special Income Charges": -4807000.0,
        "Restructuring And Mergern Acquisition": 4807000.0,
        "Gain On Sale Of Security": 548000.0,
        "Operating Income": 629000.0,
        "Operating Expense": 8421000.0,
        "Other Operating Expenses": 3205000.0,
        "Selling General And Administration": 5216000.0,
        "Selling And Marketing Expense": 755000.0,
        "General And Administrative Expense": 4461000.0,
        "Other Gand A": 4461000.0,
        "Gross Profit": 9050000.0,
        "Cost Of Revenue": 13638000.0,
        "Total Revenue": 22688000.0,
        "Operating Revenue": 22366000.0
    },
    "2024-09-30": {
        "Tax Effect Of Unusual Items": -259770.0,
        "Tax Rate For Calcs": 0.21,
        "Normalized EBITDA": 3716000.0,
        "Total Unusual Items": -1237000.0,
        "Total Unusual Items Excluding Goodwill": -1237000.0,
        "Net Income From Continuing Operation Net Minority Interest": 159000.0,
        "Reconciled Depreciation": 1149000.0,
        "Reconciled Cost Of Revenue": 13572000.0,
        "EBITDA": 2479000.0,
        "EBIT": 1330000.0,
        "Normalized Income": 1136230.0,
        "Net Income From Continuing And Discontinued Operation": 159000.0,
        "Total Expenses": 22389000.0,
        "Total Operating Income As Reported": -494000.0,
        "Diluted Average Shares": 8488372.0,
        "Basic Average Shares": 8123714.0,
        "Diluted EPS": 0.01,
        "Basic EPS": 0.01,
        "Diluted NI Availto Com Stockholders": 159000.0,
        "Net Income Common Stockholders": 159000.0,
        "Net Income": 159000.0,
        "Net Income Including Noncontrolling Interests": 159000.0,
        "Net Income Continuous Operations": 159000.0,
        "Tax Provision": 308000.0,
        "Pretax Income": 467000.0,
        "Other Income Expense": -863000.0,
        "Other Non Operating Income Expenses": 374000.0,
        "Special Income Charges": -1824000.0,
        "Restructuring And Mergern Acquisition": 1824000.0,
        "Gain On Sale Of Security": 587000.0,
        "Operating Income": 1330000.0,
        "Operating Expense": 8817000.0,
        "Other Operating Expenses": 3370000.0,
        "Selling General And Administration": 5447000.0,
        "Selling And Marketing Expense": 644000.0,
        "General And Administrative Expense": 4803000.0,
        "Other Gand A": 4803000.0,
        "Gross Profit": 10147000.0,
        "Cost Of Revenue": 13572000.0,
        "Total Revenue": 23719000.0,
        "Operating Revenue": 23221000.0
    },
    "2024-12-31": {
        "Tax Effect Of Unusual Items": -228889.41595,
        "Tax Rate For Calcs": 0.377705,
        "Normalized EBITDA": 5567000.0,
        "Total Unusual Items": -606000.0,
        "Total Unusual Items Excluding Goodwill": -606000.0,
        "Net Income From Continuing Operation Net Minority Interest": 2099000.0,
        "Reconciled Depreciation": 1201000.0,
        "Reconciled Cost Of Revenue": 14090000.0,
        "EBITDA": 4961000.0,
        "EBIT": 3760000.0,
        "Normalized Income": 2476110.58405,
        "Net Income From Continuing And Discontinued Operation": 2099000.0,
        "Total Expenses": 21822000.0,
        "Total Operating Income As Reported": 2561000.0,
        "Diluted Average Shares": NaN,
        "Basic Average Shares": NaN,
        "Diluted EPS": NaN,
        "Basic EPS": NaN,
        "Diluted NI Availto Com Stockholders": 2099000.0,
        "Net Income Common Stockholders": 2099000.0,
        "Net Income": 2099000.0,
        "Net Income Including Noncontrolling Interests": 2099000.0,
        "Net Income Continuous Operations": 2099000.0,
        "Tax Provision": 1274000.0,
        "Pretax Income": 3373000.0,
        "Other Income Expense": -387000.0,
        "Other Non Operating Income Expenses": 219000.0,
        "Special Income Charges": -1199000.0,
        "Restructuring And Mergern Acquisition": 1199000.0,
        "Gain On Sale Of Security": 593000.0,
        "Operating Income": 3760000.0,
        "Operating Expense": 7732000.0,
        "Other Operating Expenses": 3330000.0,
        "Selling General And Administration": 4402000.0,
        "Selling And Marketing Expense": 641000.0,
        "General And Administrative Expense": 3761000.0,
        "Other Gand A": 3761000.0,
        "Gross Profit": 11492000.0,
        "Cost Of Revenue": 14090000.0,
        "Total Revenue": 25582000.0,
        "Operating Revenue": 25535000.0
    }
}