{
    "2023-03-31": {
        "Tax Effect Of Unusual Items": -19327.0,
        "Tax Rate For Calcs": 0.251,
        "Normalized EBITDA": 28550000.0,
        "Total Unusual Items": -77000.0,
        "Total Unusual Items Excluding Goodwill": -77000.0,
        "Net Income From Continuing Operation Net Minority Interest": 15669000.0,
        "Reconciled Depreciation": 2989000.0,
        "Reconciled Cost Of Revenue": 56338000.0,
        "EBITDA": 28473000.0,
        "EBIT": 25484000.0,
        "Net Interest Income": -4573000.0,
        "Interest Expense": 4573000.0,
        "Normalized Income": 15726673.0,
        "Net Income From Continuing And Discontinued Operation": 15669000.0,
        "Total Expenses": 82972000.0,
        "Total Operating Income As Reported": 25672000.0,
        "Diluted Average Shares": 30031000.0,
        "Basic Average Shares": 29947000.0,
        "Diluted EPS": 0.52,
        "Basic EPS": 0.52,
        "Diluted NI Availto Com Stockholders": 15669000.0,
        "Net Income Common Stockholders": 15669000.0,
        "Net Income": 15669000.0,
        "Net Income Including Noncontrolling Interests": 15669000.0,
        "Net Income Continuous Operations": 15669000.0,
        "Tax Provision": 5242000.0,
        "Pretax Income": 20911000.0,
        "Other Income Expense": -265000.0,
        "Other Non Operating Income Expenses": -188000.0,
        "Special Income Charges": -77000.0,
        "Gain On Sale Of Ppe": -77000.0,
        "Other Special Charges": NaN,
        "Net Non Operating Interest Income Expense": -4573000.0,
        "Interest Expense Non Operating": 4573000.0,
        "Operating Income": 25749000.0,
        "Operating Expense": 26634000.0,
        "Depreciation Amortization Depletion Income Statement": 2989000.0,
        "Depreciation And Amortization In Income Statement": 2989000.0,
        "Selling General And Administration": 23645000.0,
        "Gross Profit": 52383000.0,
        "Cost Of Revenue": 56338000.0,
        "Total Revenue": 108721000.0,
        "Operating Revenue": 108721000.0
    },
    "2022-12-31": {
        "Tax Effect Of Unusual Items": NaN,
        "Tax Rate For Calcs": NaN,
        "Normalized EBITDA": NaN,
        "Total Unusual Items": NaN,
        "Total Unusual Items Excluding Goodwill": NaN,
        "Net Income From Continuing Operation Net Minority Interest": NaN,
        "Reconciled Depreciation": NaN,
        "Reconciled Cost Of Revenue": NaN,
        "EBITDA": NaN,
        "EBIT": NaN,
        "Net Interest Income": NaN,
        "Interest Expense": NaN,
        "Normalized Income": NaN,
        "Net Income From Continuing And Discontinued Operation": NaN,
        "Total Expenses": NaN,
        "Total Operating Income As Reported": NaN,
        "Diluted Average Shares": NaN,
        "Basic Average Shares": NaN,
        "Diluted EPS": NaN,
        "Basic EPS": NaN,
        "Diluted NI Availto Com Stockholders": NaN,
        "Net Income Common Stockholders": NaN,
        "Net Income": NaN,
        "Net Income Including Noncontrolling Interests": NaN,
        "Net Income Continuous Operations": NaN,
        "Tax Provision": NaN,
        "Pretax Income": NaN,
        "Other Income Expense": NaN,
        "Other Non Operating Income Expenses": NaN,
        "Special Income Charges": NaN,
        "Gain On Sale Of Ppe": NaN,
        "Other Special Charges": 0.0,
        "Net Non Operating Interest Income Expense": NaN,
        "Interest Expense Non Operating": NaN,
        "Operating Income": NaN,
        "Operating Expense": NaN,
        "Depreciation Amortization Depletion Income Statement": NaN,
        "Depreciation And Amortization In Income Statement": NaN,
        "Selling General And Administration": NaN,
        "Gross Profit": NaN,
        "Cost Of Revenue": NaN,
        "Total Revenue": NaN,
        "Operating Revenue": NaN
    },
    "2022-09-30": {
        "Tax Effect Of Unusual Items": -61901.0,
        "Tax Rate For Calcs": 0.259,
        "Normalized EBITDA": 26866000.0,
        "Total Unusual Items": -239000.0,
        "Total Unusual Items Excluding Goodwill": -239000.0,
        "Net Income From Continuing Operation Net Minority Interest": 13368000.0,
        "Reconciled Depreciation": 2836000.0,
        "Reconciled Cost Of Revenue": 48830000.0,
        "EBITDA": 26627000.0,
        "EBIT": 23791000.0,
        "Net Interest Income": -5742000.0,
        "Interest Expense": 5742000.0,
        "Normalized Income": 13545099.0,
        "Net Income From Continuing And Discontinued Operation": 13368000.0,
        "Total Expenses": 68352000.0,
        "Total Operating Income As Reported": 24081000.0,
        "Diluted Average Shares": 29967000.0,
        "Basic Average Shares": 29915000.0,
        "Diluted EPS": 0.45,
        "Basic EPS": 0.45,
        "Diluted NI Availto Com Stockholders": 13368000.0,
        "Net Income Common Stockholders": 13368000.0,
        "Net Income": 13368000.0,
        "Net Income Including Noncontrolling Interests": 13368000.0,
        "Net Income Continuous Operations": 13368000.0,
        "Tax Provision": 4681000.0,
        "Pretax Income": 18049000.0,
        "Other Income Expense": -529000.0,
        "Other Non Operating Income Expenses": -290000.0,
        "Special Income Charges": -239000.0,
        "Gain On Sale Of Ppe": -239000.0,
        "Other Special Charges": NaN,
        "Net Non Operating Interest Income Expense": -5742000.0,
        "Interest Expense Non Operating": 5742000.0,
        "Operating Income": 24320000.0,
        "Operating Expense": 19522000.0,
        "Depreciation Amortization Depletion Income Statement": 2836000.0,
        "Depreciation And Amortization In Income Statement": 2836000.0,
        "Selling General And Administration": 16686000.0,
        "Gross Profit": 43842000.0,
        "Cost Of Revenue": 48830000.0,
        "Total Revenue": 92672000.0,
        "Operating Revenue": 92672000.0
    },
    "2022-06-30": {
        "Tax Effect Of Unusual Items": -60401.0,
        "Tax Rate For Calcs": 0.187,
        "Normalized EBITDA": 25218000.0,
        "Total Unusual Items": -323000.0,
        "Total Unusual Items Excluding Goodwill": -323000.0,
        "Net Income From Continuing Operation Net Minority Interest": 13307000.0,
        "Reconciled Depreciation": 2547000.0,
        "Reconciled Cost Of Revenue": 44584000.0,
        "EBITDA": 24895000.0,
        "EBIT": 22348000.0,
        "Net Interest Income": -5986000.0,
        "Interest Expense": 5986000.0,
        "Normalized Income": 13569599.0,
        "Net Income From Continuing And Discontinued Operation": 13307000.0,
        "Total Expenses": 61080000.0,
        "Total Operating Income As Reported": 22374000.0,
        "Diluted Average Shares": 29914000.0,
        "Basic Average Shares": 29882000.0,
        "Diluted EPS": 0.44,
        "Basic EPS": 0.45,
        "Diluted NI Availto Com Stockholders": 13307000.0,
        "Net Income Common Stockholders": 13307000.0,
        "Net Income": 13307000.0,
        "Net Income Including Noncontrolling Interests": 13307000.0,
        "Net Income Continuous Operations": 13307000.0,
        "Tax Provision": 3055000.0,
        "Pretax Income": 16362000.0,
        "Other Income Expense": -349000.0,
        "Other Non Operating Income Expenses": -26000.0,
        "Special Income Charges": -323000.0,
        "Gain On Sale Of Ppe": -323000.0,
        "Other Special Charges": NaN,
        "Net Non Operating Interest Income Expense": -5986000.0,
        "Interest Expense Non Operating": 5986000.0,
        "Operating Income": 22697000.0,
        "Operating Expense": 16496000.0,
        "Depreciation Amortization Depletion Income Statement": 2547000.0,
        "Depreciation And Amortization In Income Statement": 2547000.0,
        "Selling General And Administration": 13949000.0,
        "Gross Profit": 39193000.0,
        "Cost Of Revenue": 44584000.0,
        "Total Revenue": 83777000.0,
        "Operating Revenue": 83777000.0
    },
    "2023-06-30": {
        "Tax Effect Of Unusual Items": 0.0,
        "Tax Rate For Calcs": 0.273,
        "Normalized EBITDA": 29720000.0,
        "Total Unusual Items": 0.0,
        "Total Unusual Items Excluding Goodwill": 0.0,
        "Net Income From Continuing Operation Net Minority Interest": 16181000.0,
        "Reconciled Depreciation": 3218000.0,
        "Reconciled Cost Of Revenue": 55371000.0,
        "EBITDA": 29720000.0,
        "EBIT": 26502000.0,
        "Net Interest Income": -4244000.0,
        "Interest Expense": 4244000.0,
        "Normalized Income": 16181000.0,
        "Net Income From Continuing And Discontinued Operation": 16181000.0,
        "Total Expenses": 80717000.0,
        "Total Operating Income As Reported": 26456000.0,
        "Diluted Average Shares": 30049000.0,
        "Basic Average Shares": 29972000.0,
        "Diluted EPS": 0.54,
        "Basic EPS": 0.54,
        "Diluted NI Availto Com Stockholders": 16181000.0,
        "Net Income Common Stockholders": 16181000.0,
        "Net Income": 16181000.0,
        "Net Income Including Noncontrolling Interests": 16181000.0,
        "Net Income Continuous Operations": 16181000.0,
        "Tax Provision": 6077000.0,
        "Pretax Income": 22258000.0,
        "Other Income Expense": 46000.0,
        "Other Non Operating Income Expenses": 46000.0,
        "Special Income Charges": 0.0,
        "Gain On Sale Of Ppe": 0.0,
        "Net Non Operating Interest Income Expense": -4244000.0,
        "Interest Expense Non Operating": 4244000.0,
        "Operating Income": 26456000.0,
        "Operating Expense": 25346000.0,
        "Depreciation Amortization Depletion Income Statement": 3218000.0,
        "Depreciation And Amortization In Income Statement": 3218000.0,
        "Selling General And Administration": 22128000.0,
        "Gross Profit": 51802000.0,
        "Cost Of Revenue": 55371000.0,
        "Total Revenue": 107173000.0,
        "Operating Revenue": 107173000.0
    },
    "2022-03-31": {
        "Diluted EPS": 0.29,
        "Total Revenue": 76,
        "Gross Profit": 61,
        "Operating Income": 17,
        "EBIT": 19,
        "Net Income": 9
    },
    "2021-12-31": {
        "Diluted EPS": 0.22,
        "Total Revenue": 72,
        "Gross Profit": 57,
        "Operating Income": 14,
        "EBIT": 17,
        "Net Income": 7
    },
    "2021-09-30": {
        "Diluted EPS": 0.38,
        "Total Revenue": 66,
        "Gross Profit": 51,
        "Operating Income": 21,
        "EBIT": 23,
        "Net Income": 11
    },
    "2021-06-30": {
        "Diluted EPS": 0.38,
        "Total Revenue": 74,
        "Gross Profit": 60,
        "Operating Income": 19,
        "EBIT": 21,
        "Net Income": 11
    },
    "2021-03-31": {
        "Diluted EPS": 0.44,
        "Total Revenue": 71,
        "Gross Profit": 57,
        "Operating Income": 20,
        "EBIT": 22,
        "Net Income": 13
    },
    "2020-12-31": {
        "Diluted EPS": -0.22,
        "Total Revenue": 63,
        "Gross Profit": 51,
        "Operating Income": 10,
        "EBIT": 13,
        "Net Income": -6
    },
    "2020-09-30": {
        "Diluted EPS": 0.34,
        "Total Revenue": 64,
        "Gross Profit": 52,
        "Operating Income": 14,
        "EBIT": 17,
        "Net Income": 10
    },
    "2020-06-30": {
        "Diluted EPS": 0.39,
        "Total Revenue": 66,
        "Gross Profit": 53,
        "Operating Income": 20,
        "EBIT": 21,
        "Net Income": 12
    },
    "2020-03-31": {
        "Diluted EPS": 0.27,
        "Total Revenue": 55,
        "Gross Profit": 44,
        "Operating Income": 13,
        "EBIT": 15,
        "Net Income": 8
    },
    "2019-12-31": {
        "Diluted EPS": 0.1,
        "Total Revenue": 53,
        "Gross Profit": 43,
        "Operating Income": 9,
        "EBIT": 11,
        "Net Income": 3
    },
    "2019-09-30": {
        "Diluted EPS": 0.2,
        "Total Revenue": 50,
        "Gross Profit": 40,
        "Operating Income": 12,
        "EBIT": 14,
        "Net Income": 6
    },
    "2019-06-30": {
        "Diluted EPS": 0.17,
        "Total Revenue": 49,
        "Gross Profit": 38,
        "Operating Income": 10,
        "EBIT": 12,
        "Net Income": 5
    },
    "2019-03-31": {
        "Diluted EPS": 0.22,
        "Total Revenue": 48,
        "Gross Profit": 38,
        "Operating Income": 12,
        "EBIT": 13,
        "Net Income": 7
    },
    "2018-12-31": {
        "Diluted EPS": 0.08,
        "Total Revenue": 41,
        "Gross Profit": 32,
        "Operating Income": 9,
        "EBIT": 10,
        "Net Income": 2
    },
    "2018-09-30": {
        "Diluted EPS": 0.21,
        "Total Revenue": 38,
        "Gross Profit": 30,
        "Operating Income": 10,
        "EBIT": 12,
        "Net Income": 6
    },
    "2018-06-30": {
        "Diluted EPS": 0.23,
        "Total Revenue": 37,
        "Gross Profit": 29,
        "Operating Income": 10,
        "EBIT": 11,
        "Net Income": 7
    },
    "2018-03-31": {
        "Diluted EPS": 0.21,
        "Total Revenue": 37,
        "Gross Profit": 30,
        "Operating Income": 10,
        "EBIT": 11,
        "Net Income": 6
    },
    "2017-12-31": {
        "Diluted EPS": 0.28,
        "Total Revenue": 35,
        "Gross Profit": 28,
        "Operating Income": 8,
        "EBIT": 10,
        "Net Income": 8
    },
    "2017-09-30": {
        "Diluted EPS": 0.16,
        "Total Revenue": 33,
        "Gross Profit": 25,
        "Operating Income": 9,
        "EBIT": 10,
        "Net Income": 5
    },
    "2017-06-30": {
        "Diluted EPS": 0.17,
        "Total Revenue": 32,
        "Gross Profit": 25,
        "Operating Income": 8,
        "EBIT": 9,
        "Net Income": 5
    },
    "2017-03-31": {
        "Diluted EPS": 0.21,
        "Total Revenue": 33,
        "Gross Profit": 27,
        "Operating Income": 9,
        "EBIT": 9,
        "Net Income": 6
    },
    "2016-12-31": {
        "Diluted EPS": 0.09,
        "Total Revenue": 37,
        "Gross Profit": 30,
        "Operating Income": 6,
        "EBIT": 7,
        "Net Income": 3
    },
    "2016-09-30": {
        "Diluted EPS": 0.09,
        "Total Revenue": 22,
        "Gross Profit": 16,
        "Operating Income": 6,
        "EBIT": 7,
        "Net Income": 3
    },
    "2016-06-30": {
        "Diluted EPS": 0.14,
        "Total Revenue": 23,
        "Gross Profit": 17,
        "Operating Income": 7,
        "EBIT": 8,
        "Net Income": 4
    },
    "2016-03-31": {
        "Diluted EPS": 0.15,
        "Total Revenue": 22,
        "Gross Profit": 16,
        "Operating Income": 8,
        "EBIT": 8,
        "Net Income": 4
    },
    "2015-12-31": {
        "Diluted EPS": 0.13,
        "Total Revenue": 21,
        "Gross Profit": 15,
        "Operating Income": 7,
        "EBIT": 7,
        "Net Income": 4
    },
    "2015-09-30": {
        "Diluted EPS": 0.11,
        "Total Revenue": 19,
        "Gross Profit": 14,
        "Operating Income": 6,
        "EBIT": 7,
        "Net Income": 3
    },
    "2015-06-30": {
        "Diluted EPS": 0.02,
        "Total Revenue": 19,
        "Gross Profit": 14,
        "Operating Income": 2,
        "EBIT": 3,
        "Net Income": 1
    },
    "2015-03-31": {
        "Diluted EPS": 0.1,
        "Total Revenue": 19,
        "Gross Profit": 13,
        "Operating Income": 5,
        "EBIT": 6,
        "Net Income": 3
    },
    "2014-12-31": {
        "Diluted EPS": 0.06,
        "Total Revenue": 18,
        "Gross Profit": 13,
        "Operating Income": 3,
        "EBIT": 4,
        "Net Income": 2
    },
    "2014-09-30": {
        "Diluted EPS": 0.08,
        "Total Revenue": 16,
        "Gross Profit": 12,
        "Operating Income": 4,
        "EBIT": 5,
        "Net Income": 2
    },
    "2014-06-30": {
        "Diluted EPS": 0.1,
        "Total Revenue": 16,
        "Gross Profit": 11,
        "Operating Income": 5,
        "EBIT": 6,
        "Net Income": 3
    },
    "2014-03-31": {
        "Diluted EPS": 0.11,
        "Total Revenue": 17,
        "Gross Profit": 11,
        "Operating Income": 6,
        "EBIT": 7,
        "Net Income": 3
    },
    "2013-12-31": {
        "Diluted EPS": 0.0,
        "Total Revenue": NaN,
        "Gross Profit": NaN,
        "Operating Income": NaN,
        "EBIT": NaN,
        "Net Income": NaN
    },
    "2012-12-31": {
        "Diluted EPS": 0.0,
        "Total Revenue": NaN,
        "Gross Profit": NaN,
        "Operating Income": NaN,
        "EBIT": NaN,
        "Net Income": NaN
    },
    "2023-09-30": {
        "Tax Effect Of Unusual Items": NaN,
        "Tax Rate For Calcs": NaN,
        "Normalized EBITDA": NaN,
        "Total Unusual Items": NaN,
        "Total Unusual Items Excluding Goodwill": NaN,
        "Net Income From Continuing Operation Net Minority Interest": NaN,
        "Reconciled Depreciation": NaN,
        "Reconciled Cost Of Revenue": NaN,
        "EBITDA": NaN,
        "EBIT": NaN,
        "Net Interest Income": NaN,
        "Interest Expense": NaN,
        "Normalized Income": NaN,
        "Net Income From Continuing And Discontinued Operation": NaN,
        "Total Expenses": NaN,
        "Total Operating Income As Reported": NaN,
        "Diluted Average Shares": 29818000.0,
        "Basic Average Shares": 29750000.0,
        "Diluted EPS": 0.65,
        "Basic EPS": 0.66,
        "Diluted NI Availto Com Stockholders": NaN,
        "Net Income Common Stockholders": NaN,
        "Net Income": NaN,
        "Net Income Including Noncontrolling Interests": NaN,
        "Net Income Continuous Operations": NaN,
        "Tax Provision": NaN,
        "Pretax Income": NaN,
        "Other Income Expense": NaN,
        "Other Non Operating Income Expenses": NaN,
        "Special Income Charges": NaN,
        "Gain On Sale Of Ppe": NaN,
        "Net Non Operating Interest Income Expense": NaN,
        "Interest Expense Non Operating": NaN,
        "Operating Income": NaN,
        "Operating Expense": NaN,
        "Depreciation Amortization Depletion Income Statement": NaN,
        "Depreciation And Amortization In Income Statement": NaN,
        "Selling General And Administration": NaN,
        "Gross Profit": NaN,
        "Cost Of Revenue": NaN,
        "Total Revenue": NaN,
        "Operating Revenue": NaN
    },
    "2023-12-31": {
        "Tax Effect Of Unusual Items": NaN,
        "Tax Rate For Calcs": NaN,
        "Normalized EBITDA": NaN,
        "Total Unusual Items": NaN,
        "Total Unusual Items Excluding Goodwill": NaN,
        "Net Income From Continuing Operation Net Minority Interest": NaN,
        "Reconciled Depreciation": NaN,
        "Reconciled Cost Of Revenue": NaN,
        "EBITDA": NaN,
        "EBIT": NaN,
        "Net Interest Income": NaN,
        "Interest Expense": NaN,
        "Normalized Income": NaN,
        "Net Income From Continuing And Discontinued Operation": NaN,
        "Total Expenses": NaN,
        "Total Operating Income As Reported": NaN,
        "Diluted Average Shares": NaN,
        "Basic Average Shares": NaN,
        "Diluted EPS": NaN,
        "Basic EPS": NaN,
        "Diluted NI Availto Com Stockholders": NaN,
        "Net Income Common Stockholders": NaN,
        "Net Income": NaN,
        "Net Income Including Noncontrolling Interests": NaN,
        "Net Income Continuous Operations": NaN,
        "Tax Provision": NaN,
        "Pretax Income": NaN,
        "Other Income Expense": NaN,
        "Other Non Operating Income Expenses": 66000.0,
        "Special Income Charges": NaN,
        "Gain On Sale Of Ppe": NaN,
        "Gain On Sale Of Security": NaN,
        "Net Non Operating Interest Income Expense": NaN,
        "Interest Expense Non Operating": NaN,
        "Operating Income": NaN,
        "Operating Expense": NaN,
        "Depreciation Amortization Depletion Income Statement": NaN,
        "Depreciation And Amortization In Income Statement": NaN,
        "Selling General And Administration": NaN,
        "Gross Profit": NaN,
        "Cost Of Revenue": NaN,
        "Total Revenue": NaN,
        "Operating Revenue": NaN
    },
    "2024-03-31": {
        "Tax Effect Of Unusual Items": NaN,
        "Tax Rate For Calcs": NaN,
        "Normalized EBITDA": NaN,
        "Total Unusual Items": NaN,
        "Total Unusual Items Excluding Goodwill": NaN,
        "Net Income From Continuing Operation Net Minority Interest": NaN,
        "Reconciled Depreciation": NaN,
        "Reconciled Cost Of Revenue": NaN,
        "EBITDA": NaN,
        "EBIT": NaN,
        "Net Interest Income": NaN,
        "Interest Expense": NaN,
        "Normalized Income": NaN,
        "Net Income From Continuing And Discontinued Operation": NaN,
        "Total Expenses": NaN,
        "Total Operating Income As Reported": NaN,
        "Diluted Average Shares": NaN,
        "Basic Average Shares": NaN,
        "Diluted EPS": NaN,
        "Basic EPS": NaN,
        "Diluted NI Availto Com Stockholders": NaN,
        "Net Income Common Stockholders": NaN,
        "Net Income": NaN,
        "Net Income Including Noncontrolling Interests": NaN,
        "Net Income Continuous Operations": NaN,
        "Tax Provision": NaN,
        "Pretax Income": NaN,
        "Other Income Expense": 303000.0,
        "Other Non Operating Income Expenses": 303000.0,
        "Special Income Charges": NaN,
        "Gain On Sale Of Ppe": NaN,
        "Gain On Sale Of Security": 303000.0,
        "Net Non Operating Interest Income Expense": NaN,
        "Interest Expense Non Operating": NaN,
        "Operating Income": NaN,
        "Operating Expense": NaN,
        "Depreciation Amortization Depletion Income Statement": NaN,
        "Depreciation And Amortization In Income Statement": NaN,
        "Selling General And Administration": NaN,
        "Gross Profit": NaN,
        "Cost Of Revenue": NaN,
        "Total Revenue": NaN,
        "Operating Revenue": NaN
    },
    "2024-06-30": {
        "Tax Effect Of Unusual Items": 116243.073635,
        "Tax Rate For Calcs": 0.246801,
        "Normalized EBITDA": 46381000.0,
        "Total Unusual Items": 471000.0,
        "Total Unusual Items Excluding Goodwill": 471000.0,
        "Net Income From Continuing Operation Net Minority Interest": 27485000.0,
        "Reconciled Depreciation": 5161000.0,
        "Reconciled Cost Of Revenue": 81221000.0,
        "EBITDA": 46852000.0,
        "EBIT": 41691000.0,
        "Net Interest Income": -5200000.0,
        "Interest Expense": 5200000.0,
        "Normalized Income": 27130243.073635,
        "Net Income From Continuing And Discontinued Operation": 27485000.0,
        "Total Expenses": 114479000.0,
        "Total Operating Income As Reported": 41220000.0,
        "Diluted Average Shares": 29457000.0,
        "Basic Average Shares": 29343000.0,
        "Diluted EPS": 0.93,
        "Basic EPS": 0.94,
        "Diluted NI Availto Com Stockholders": 27485000.0,
        "Net Income Common Stockholders": 27485000.0,
        "Net Income": 27485000.0,
        "Net Income Including Noncontrolling Interests": 27485000.0,
        "Net Income Continuous Operations": 27485000.0,
        "Tax Provision": 9006000.0,
        "Pretax Income": 36491000.0,
        "Other Income Expense": 471000.0,
        "Other Non Operating Income Expenses": 471000.0,
        "Special Income Charges": 0.0,
        "Gain On Sale Of Ppe": 0.0,
        "Gain On Sale Of Security": 471000.0,
        "Net Non Operating Interest Income Expense": -5200000.0,
        "Interest Expense Non Operating": 5200000.0,
        "Operating Income": 41220000.0,
        "Operating Expense": 33258000.0,
        "Depreciation Amortization Depletion Income Statement": 5161000.0,
        "Depreciation And Amortization In Income Statement": 5161000.0,
        "Selling General And Administration": 28097000.0,
        "Gross Profit": 74478000.0,
        "Cost Of Revenue": 81221000.0,
        "Total Revenue": 155699000.0,
        "Operating Revenue": 155699000.0
    },
    "2024-09-30": {
        "Tax Effect Of Unusual Items": 0.0,
        "Tax Rate For Calcs": 0.275,
        "Normalized EBITDA": 45672000.0,
        "Total Unusual Items": 0.0,
        "Total Unusual Items Excluding Goodwill": 0.0,
        "Net Income From Continuing Operation Net Minority Interest": 25732000.0,
        "Reconciled Depreciation": 5054000.0,
        "Reconciled Cost Of Revenue": 85332000.0,
        "EBITDA": 45672000.0,
        "EBIT": 40618000.0,
        "Net Interest Income": -5130000.0,
        "Interest Expense": 5130000.0,
        "Normalized Income": 25732000.0,
        "Net Income From Continuing And Discontinued Operation": 25732000.0,
        "Total Expenses": 122680000.0,
        "Total Operating Income As Reported": 39818000.0,
        "Diluted Average Shares": 29383000.0,
        "Basic Average Shares": 29265000.0,
        "Diluted EPS": 0.88,
        "Basic EPS": 0.88,
        "Diluted NI Availto Com Stockholders": 25732000.0,
        "Net Income Common Stockholders": 25732000.0,
        "Net Income": 25732000.0,
        "Net Income Including Noncontrolling Interests": 25732000.0,
        "Net Income Continuous Operations": 25732000.0,
        "Tax Provision": 9756000.0,
        "Pretax Income": 35488000.0,
        "Other Income Expense": 800000.0,
        "Other Non Operating Income Expenses": 800000.0,
        "Special Income Charges": 0.0,
        "Gain On Sale Of Ppe": 0.0,
        "Gain On Sale Of Security": NaN,
        "Net Non Operating Interest Income Expense": -5130000.0,
        "Interest Expense Non Operating": 5130000.0,
        "Operating Income": 39818000.0,
        "Operating Expense": 37348000.0,
        "Depreciation Amortization Depletion Income Statement": 5054000.0,
        "Depreciation And Amortization In Income Statement": 5054000.0,
        "Selling General And Administration": 32294000.0,
        "Gross Profit": 77166000.0,
        "Cost Of Revenue": 85332000.0,
        "Total Revenue": 162498000.0,
        "Operating Revenue": 162498000.0
    },
    "2024-12-31": {
        "Tax Effect Of Unusual Items": 281623.304462,
        "Tax Rate For Calcs": 0.271313,
        "Normalized EBITDA": 47959000.0,
        "Total Unusual Items": 1038000.0,
        "Total Unusual Items Excluding Goodwill": 1038000.0,
        "Net Income From Continuing Operation Net Minority Interest": 26753000.0,
        "Reconciled Depreciation": 5865000.0,
        "Reconciled Cost Of Revenue": 83922000.0,
        "EBITDA": 48997000.0,
        "EBIT": 43132000.0,
        "Net Interest Income": -6418000.0,
        "Interest Expense": 6418000.0,
        "Normalized Income": 25996623.304462,
        "Net Income From Continuing And Discontinued Operation": 26753000.0,
        "Total Expenses": 121019000.0,
        "Total Operating Income As Reported": 41840000.0,
        "Diluted Average Shares": 29210000.0,
        "Basic Average Shares": 29091000.0,
        "Diluted EPS": 0.92,
        "Basic EPS": 0.92,
        "Diluted NI Availto Com Stockholders": 26753000.0,
        "Net Income Common Stockholders": 26753000.0,
        "Net Income": 26753000.0,
        "Net Income Including Noncontrolling Interests": 26753000.0,
        "Net Income Continuous Operations": 26753000.0,
        "Tax Provision": 9961000.0,
        "Pretax Income": 36714000.0,
        "Other Income Expense": 2330000.0,
        "Other Non Operating Income Expenses": 1292000.0,
        "Special Income Charges": 1038000.0,
        "Gain On Sale Of Ppe": 1038000.0,
        "Gain On Sale Of Security": NaN,
        "Net Non Operating Interest Income Expense": -6418000.0,
        "Interest Expense Non Operating": 6418000.0,
        "Operating Income": 40802000.0,
        "Operating Expense": 37097000.0,
        "Depreciation Amortization Depletion Income Statement": 5865000.0,
        "Depreciation And Amortization In Income Statement": 5865000.0,
        "Selling General And Administration": 31232000.0,
        "Gross Profit": 77899000.0,
        "Cost Of Revenue": 83922000.0,
        "Total Revenue": 161821000.0,
        "Operating Revenue": 161821000.0
    },
    "2025-03-31": {
        "Tax Effect Of Unusual Items": 21913304.0,
        "Tax Rate For Calcs": 0.251,
        "Normalized EBITDA": 51024000.0,
        "Total Unusual Items": 87304000.0,
        "Total Unusual Items Excluding Goodwill": 87304000.0,
        "Net Income From Continuing Operation Net Minority Interest": 92265000.0,
        "Reconciled Depreciation": 6228000.0,
        "Reconciled Cost Of Revenue": 88630000.0,
        "EBITDA": 138328000.0,
        "EBIT": 132100000.0,
        "Net Interest Income": -8910000.0,
        "Interest Expense": 8910000.0,
        "Normalized Income": 26874304.0,
        "Net Income From Continuing And Discontinued Operation": 92265000.0,
        "Total Expenses": 126298000.0,
        "Total Operating Income As Reported": 38261000.0,
        "Diluted Average Shares": 28509000.0,
        "Basic Average Shares": 28385000.0,
        "Diluted EPS": 3.24,
        "Basic EPS": 3.25,
        "Diluted NI Availto Com Stockholders": 92265000.0,
        "Net Income Common Stockholders": 92265000.0,
        "Net Income": 92265000.0,
        "Net Income Including Noncontrolling Interests": 92265000.0,
        "Net Income Continuous Operations": 92265000.0,
        "Tax Provision": 30925000.0,
        "Pretax Income": 123190000.0,
        "Other Income Expense": 87304000.0,
        "Other Non Operating Income Expenses": NaN,
        "Special Income Charges": -6535000.0,
        "Gain On Sale Of Ppe": -6535000.0,
        "Gain On Sale Of Security": 93839000.0,
        "Net Non Operating Interest Income Expense": -8910000.0,
        "Interest Expense Non Operating": 8910000.0,
        "Operating Income": 44796000.0,
        "Operating Expense": 37668000.0,
        "Depreciation Amortization Depletion Income Statement": 6228000.0,
        "Depreciation And Amortization In Income Statement": 6228000.0,
        "Selling General And Administration": 31440000.0,
        "Gross Profit": 82464000.0,
        "Cost Of Revenue": 88630000.0,
        "Total Revenue": 171094000.0,
        "Operating Revenue": 171094000.0
    },
    "2025-06-30": {
        "Tax Effect Of Unusual Items": 0.0,
        "Tax Rate For Calcs": 0.272052,
        "Normalized EBITDA": 51454000.0,
        "Total Unusual Items": 0.0,
        "Total Unusual Items Excluding Goodwill": 0.0,
        "Net Income From Continuing Operation Net Minority Interest": 26763000.0,
        "Reconciled Depreciation": 6220000.0,
        "Reconciled Cost Of Revenue": 89938000.0,
        "EBITDA": 51454000.0,
        "EBIT": 45234000.0,
        "Net Interest Income": -8469000.0,
        "Interest Expense": 8469000.0,
        "Normalized Income": 26763000.0,
        "Net Income From Continuing And Discontinued Operation": 26763000.0,
        "Total Expenses": 129095000.0,
        "Total Operating Income As Reported": 45234000.0,
        "Diluted Average Shares": 27997000.0,
        "Basic Average Shares": 27912000.0,
        "Diluted EPS": 0.96,
        "Basic EPS": 0.96,
        "Diluted NI Availto Com Stockholders": 26763000.0,
        "Net Income Common Stockholders": 26763000.0,
        "Net Income": 26763000.0,
        "Net Income Including Noncontrolling Interests": 26763000.0,
        "Net Income Continuous Operations": 26763000.0,
        "Tax Provision": 10002000.0,
        "Pretax Income": 36765000.0,
        "Other Income Expense": NaN,
        "Other Non Operating Income Expenses": NaN,
        "Special Income Charges": 0.0,
        "Gain On Sale Of Ppe": 0.0,
        "Gain On Sale Of Security": NaN,
        "Net Non Operating Interest Income Expense": -8469000.0,
        "Interest Expense Non Operating": 8469000.0,
        "Operating Income": 45234000.0,
        "Operating Expense": 39157000.0,
        "Depreciation Amortization Depletion Income Statement": 6220000.0,
        "Depreciation And Amortization In Income Statement": 6220000.0,
        "Selling General And Administration": 32937000.0,
        "Gross Profit": 84391000.0,
        "Cost Of Revenue": 89938000.0,
        "Total Revenue": 174329000.0,
        "Operating Revenue": 174329000.0
    }
}