{
    "2023-06-30": {
        "Tax Effect Of Unusual Items": 0.0,
        "Tax Rate For Calcs": 0.227,
        "Normalized EBITDA": 135557000.0,
        "Net Income From Continuing Operation Net Minority Interest": 104741000.0,
        "Reconciled Depreciation": 8080000.0,
        "Reconciled Cost Of Revenue": 470312000.0,
        "EBITDA": 135557000.0,
        "EBIT": 127477000.0,
        "Net Interest Income": 8067000.0,
        "Normalized Income": 104741000.0,
        "Net Income From Continuing And Discontinued Operation": 104741000.0,
        "Total Expenses": 508983000.0,
        "Total Operating Income As Reported": 127477000.0,
        "Diluted Average Shares": 17431000.0,
        "Basic Average Shares": 17093000.0,
        "Diluted EPS": 6.01,
        "Basic EPS": 6.13,
        "Diluted NI Availto Com Stockholders": 104741000.0,
        "Net Income Common Stockholders": 104741000.0,
        "Net Income": 104741000.0,
        "Net Income Including Noncontrolling Interests": 104741000.0,
        "Net Income Continuous Operations": 104741000.0,
        "Tax Provision": 30803000.0,
        "Pretax Income": 135544000.0,
        "Net Non Operating Interest Income Expense": 8067000.0,
        "Total Other Finance Cost": -8067000.0,
        "Operating Income": 127477000.0,
        "Operating Expense": 38671000.0,
        "Selling General And Administration": 38671000.0,
        "Gross Profit": 166148000.0,
        "Cost Of Revenue": 470312000.0,
        "Total Revenue": 636460000.0,
        "Operating Revenue": 636460000.0
    },
    "2023-03-31": {
        "Tax Effect Of Unusual Items": 0.0,
        "Tax Rate For Calcs": 0.232,
        "Normalized EBITDA": 154081000.0,
        "Net Income From Continuing Operation Net Minority Interest": 119483000.0,
        "Reconciled Depreciation": 7700000.0,
        "Reconciled Cost Of Revenue": 455407000.0,
        "EBITDA": 154081000.0,
        "EBIT": 146381000.0,
        "Net Interest Income": 9174000.0,
        "Normalized Income": 119483000.0,
        "Net Income From Continuing And Discontinued Operation": 119483000.0,
        "Total Expenses": 514111000.0,
        "Total Operating Income As Reported": 146381000.0,
        "Diluted Average Shares": 18369000.0,
        "Basic Average Shares": 18099000.0,
        "Diluted EPS": 6.5,
        "Basic EPS": 6.6,
        "Diluted NI Availto Com Stockholders": 119483000.0,
        "Net Income Common Stockholders": 119483000.0,
        "Net Income": 119483000.0,
        "Net Income Including Noncontrolling Interests": 119483000.0,
        "Net Income Continuous Operations": 119483000.0,
        "Tax Provision": 36072000.0,
        "Pretax Income": 155555000.0,
        "Net Non Operating Interest Income Expense": 9174000.0,
        "Total Other Finance Cost": -9174000.0,
        "Operating Income": 146381000.0,
        "Operating Expense": 58704000.0,
        "Selling General And Administration": 58704000.0,
        "Gross Profit": 205085000.0,
        "Cost Of Revenue": 455407000.0,
        "Total Revenue": 660492000.0,
        "Operating Revenue": 660492000.0
    },
    "2022-12-31": {
        "Tax Effect Of Unusual Items": 0.0,
        "Tax Rate For Calcs": 0.225915,
        "Normalized EBITDA": 200142000.0,
        "Net Income From Continuing Operation Net Minority Interest": 153998000.0,
        "Reconciled Depreciation": 7197000.0,
        "Reconciled Cost Of Revenue": 445430000.0,
        "EBITDA": 200142000.0,
        "EBIT": 192945000.0,
        "Net Interest Income": 5997000.0,
        "Normalized Income": 153998000.0,
        "Net Income From Continuing And Discontinued Operation": 153998000.0,
        "Total Expenses": 500940000.0,
        "Total Operating Income As Reported": 192945000.0,
        "Diluted Average Shares": 18595000.0,
        "Basic Average Shares": 18270000.0,
        "Diluted EPS": 8.28,
        "Basic EPS": 8.43,
        "Diluted NI Availto Com Stockholders": 153998000.0,
        "Net Income Common Stockholders": 153998000.0,
        "Net Income": 153998000.0,
        "Net Income Including Noncontrolling Interests": 153998000.0,
        "Net Income Continuous Operations": 153998000.0,
        "Tax Provision": 44944000.0,
        "Pretax Income": 198942000.0,
        "Net Non Operating Interest Income Expense": 5997000.0,
        "Total Other Finance Cost": NaN,
        "Operating Income": 192945000.0,
        "Operating Expense": 55510000.0,
        "Selling General And Administration": 55510000.0,
        "Gross Profit": 248455000.0,
        "Cost Of Revenue": 445430000.0,
        "Total Revenue": 693885000.0,
        "Operating Revenue": 693885000.0
    },
    "2022-09-30": {
        "Tax Effect Of Unusual Items": NaN,
        "Tax Rate For Calcs": NaN,
        "Normalized EBITDA": NaN,
        "Net Income From Continuing Operation Net Minority Interest": NaN,
        "Reconciled Depreciation": NaN,
        "Reconciled Cost Of Revenue": NaN,
        "EBITDA": NaN,
        "EBIT": NaN,
        "Net Interest Income": NaN,
        "Normalized Income": NaN,
        "Net Income From Continuing And Discontinued Operation": NaN,
        "Total Expenses": NaN,
        "Total Operating Income As Reported": NaN,
        "Diluted Average Shares": NaN,
        "Basic Average Shares": NaN,
        "Diluted EPS": NaN,
        "Basic EPS": NaN,
        "Diluted NI Availto Com Stockholders": NaN,
        "Net Income Common Stockholders": NaN,
        "Net Income": NaN,
        "Net Income Including Noncontrolling Interests": NaN,
        "Net Income Continuous Operations": NaN,
        "Tax Provision": NaN,
        "Pretax Income": NaN,
        "Net Non Operating Interest Income Expense": NaN,
        "Total Other Finance Cost": -3087000.0,
        "Operating Income": NaN,
        "Operating Expense": NaN,
        "Selling General And Administration": NaN,
        "Gross Profit": NaN,
        "Cost Of Revenue": NaN,
        "Total Revenue": NaN,
        "Operating Revenue": NaN
    },
    "2022-06-30": {
        "Tax Effect Of Unusual Items": 0.0,
        "Tax Rate For Calcs": 0.223147,
        "Normalized EBITDA": 270367000.0,
        "Net Income From Continuing Operation Net Minority Interest": 210538000.0,
        "Reconciled Depreciation": 6311000.0,
        "Reconciled Cost Of Revenue": 517463000.0,
        "EBITDA": 270367000.0,
        "EBIT": 270367000.0,
        "Net Interest Income": 647000.0,
        "Interest Income": 647000.0,
        "Normalized Income": 210538000.0,
        "Net Income From Continuing And Discontinued Operation": 210538000.0,
        "Total Expenses": 567868000.0,
        "Total Operating Income As Reported": 270367000.0,
        "Diluted Average Shares": 19666000.0,
        "Basic Average Shares": 19419000.0,
        "Diluted EPS": 10.71,
        "Basic EPS": 10.84,
        "Diluted NI Availto Com Stockholders": 210538000.0,
        "Net Income Common Stockholders": 210538000.0,
        "Net Income": 210538000.0,
        "Net Income Including Noncontrolling Interests": 210538000.0,
        "Net Income Continuous Operations": 210538000.0,
        "Tax Provision": 60476000.0,
        "Pretax Income": 271014000.0,
        "Net Non Operating Interest Income Expense": 647000.0,
        "Total Other Finance Cost": -647000.0,
        "Interest Income Non Operating": 647000.0,
        "Operating Income": 270367000.0,
        "Operating Expense": 50405000.0,
        "Selling General And Administration": 50405000.0,
        "Gross Profit": 320772000.0,
        "Cost Of Revenue": 517463000.0,
        "Total Revenue": 838235000.0,
        "Operating Revenue": 838235000.0
    },
    "2022-03-31": {
        "Diluted EPS": 7.96,
        "Total Revenue": 723,
        "Gross Profit": 244,
        "Operating Income": 208,
        "EBIT": 214,
        "Net Income": 162
    },
    "2021-12-31": {
        "Diluted EPS": 6.9,
        "Total Revenue": 688,
        "Gross Profit": 235,
        "Operating Income": 183,
        "EBIT": 189,
        "Net Income": 142
    },
    "2021-09-30": {
        "Diluted EPS": 8.51,
        "Total Revenue": 716,
        "Gross Profit": 271,
        "Operating Income": 227,
        "EBIT": 233,
        "Net Income": 176
    },
    "2021-06-30": {
        "Diluted EPS": 8.82,
        "Total Revenue": 744,
        "Gross Profit": 277,
        "Operating Income": 236,
        "EBIT": 242,
        "Net Income": 183
    },
    "2021-03-31": {
        "Diluted EPS": 1.99,
        "Total Revenue": 444,
        "Gross Profit": 85,
        "Operating Income": 53,
        "EBIT": 59,
        "Net Income": 41
    },
    "2020-12-31": {
        "Diluted EPS": 1.17,
        "Total Revenue": 381,
        "Gross Profit": 59,
        "Operating Income": 31,
        "EBIT": 36,
        "Net Income": 24
    },
    "2020-09-30": {
        "Diluted EPS": 1.02,
        "Total Revenue": 340,
        "Gross Profit": 53,
        "Operating Income": 27,
        "EBIT": 32,
        "Net Income": 21
    },
    "2020-06-30": {
        "Diluted EPS": 0.6,
        "Total Revenue": 254,
        "Gross Profit": 36,
        "Operating Income": 16,
        "EBIT": 20,
        "Net Income": 12
    },
    "2020-03-31": {
        "Diluted EPS": 0.89,
        "Total Revenue": 303,
        "Gross Profit": 46,
        "Operating Income": 23,
        "EBIT": 28,
        "Net Income": 19
    },
    "2019-12-31": {
        "Diluted EPS": 0.5,
        "Total Revenue": 302,
        "Gross Profit": 36,
        "Operating Income": 13,
        "EBIT": 17,
        "Net Income": 11
    },
    "2019-09-30": {
        "Diluted EPS": 0.78,
        "Total Revenue": 321,
        "Gross Profit": 43,
        "Operating Income": 20,
        "EBIT": 25,
        "Net Income": 16
    },
    "2019-06-30": {
        "Diluted EPS": 0.85,
        "Total Revenue": 337,
        "Gross Profit": 46,
        "Operating Income": 22,
        "EBIT": 27,
        "Net Income": 18
    },
    "2019-03-31": {
        "Diluted EPS": 0.64,
        "Total Revenue": 315,
        "Gross Profit": 41,
        "Operating Income": 16,
        "EBIT": 21,
        "Net Income": 13
    },
    "2018-12-31": {
        "Diluted EPS": 1.21,
        "Total Revenue": 320,
        "Gross Profit": 53,
        "Operating Income": 32,
        "EBIT": 36,
        "Net Income": 25
    },
    "2018-09-30": {
        "Diluted EPS": 1.13,
        "Total Revenue": 341,
        "Gross Profit": 55,
        "Operating Income": 30,
        "EBIT": 34,
        "Net Income": 24
    },
    "2018-06-30": {
        "Diluted EPS": 0.86,
        "Total Revenue": 337,
        "Gross Profit": 44,
        "Operating Income": 23,
        "EBIT": 27,
        "Net Income": 18
    },
    "2018-03-31": {
        "Diluted EPS": 0.54,
        "Total Revenue": 291,
        "Gross Profit": 37,
        "Operating Income": 15,
        "EBIT": 19,
        "Net Income": 11
    },
    "2017-12-31": {
        "Diluted EPS": 1.37,
        "Total Revenue": 301,
        "Gross Profit": 42,
        "Operating Income": 22,
        "EBIT": 27,
        "Net Income": 28
    },
    "2017-09-30": {
        "Diluted EPS": 0.67,
        "Total Revenue": 292,
        "Gross Profit": 39,
        "Operating Income": 20,
        "EBIT": 24,
        "Net Income": 14
    },
    "2017-06-30": {
        "Diluted EPS": 0.52,
        "Total Revenue": 292,
        "Gross Profit": 36,
        "Operating Income": 17,
        "EBIT": 20,
        "Net Income": 11
    },
    "2017-03-31": {
        "Diluted EPS": 0.65,
        "Total Revenue": 279,
        "Gross Profit": 39,
        "Operating Income": 20,
        "EBIT": 24,
        "Net Income": 14
    },
    "2016-12-31": {
        "Diluted EPS": 0.55,
        "Total Revenue": 239,
        "Gross Profit": 34,
        "Operating Income": 17,
        "EBIT": 21,
        "Net Income": 11
    },
    "2016-09-30": {
        "Diluted EPS": 0.29,
        "Total Revenue": 237,
        "Gross Profit": 28,
        "Operating Income": 9,
        "EBIT": 13,
        "Net Income": 6
    },
    "2016-06-30": {
        "Diluted EPS": 0.38,
        "Total Revenue": 239,
        "Gross Profit": 29,
        "Operating Income": 12,
        "EBIT": 16,
        "Net Income": 8
    },
    "2016-03-31": {
        "Diluted EPS": 0.41,
        "Total Revenue": 226,
        "Gross Profit": 30,
        "Operating Income": 13,
        "EBIT": 18,
        "Net Income": 9
    },
    "2015-12-31": {
        "Diluted EPS": 0.53,
        "Total Revenue": 251,
        "Gross Profit": 33,
        "Operating Income": 17,
        "EBIT": 21,
        "Net Income": 11
    },
    "2015-09-30": {
        "Diluted EPS": 0.7,
        "Total Revenue": 263,
        "Gross Profit": 38,
        "Operating Income": 22,
        "EBIT": 26,
        "Net Income": 15
    },
    "2015-06-30": {
        "Diluted EPS": 0.54,
        "Total Revenue": 254,
        "Gross Profit": 33,
        "Operating Income": 17,
        "EBIT": 21,
        "Net Income": 11
    },
    "2015-03-31": {
        "Diluted EPS": 0.52,
        "Total Revenue": 250,
        "Gross Profit": 32,
        "Operating Income": 16,
        "EBIT": 20,
        "Net Income": 11
    },
    "2014-12-31": {
        "Diluted EPS": 0.24,
        "Total Revenue": 285,
        "Gross Profit": 25,
        "Operating Income": 7,
        "EBIT": 11,
        "Net Income": 5
    },
    "2014-09-30": {
        "Diluted EPS": 0.53,
        "Total Revenue": 297,
        "Gross Profit": 34,
        "Operating Income": 17,
        "EBIT": 20,
        "Net Income": 11
    },
    "2014-06-30": {
        "Diluted EPS": 0.49,
        "Total Revenue": 307,
        "Gross Profit": 34,
        "Operating Income": 15,
        "EBIT": 19,
        "Net Income": 10
    },
    "2014-03-31": {
        "Diluted EPS": 0.52,
        "Total Revenue": 277,
        "Gross Profit": 32,
        "Operating Income": 17,
        "EBIT": 21,
        "Net Income": 11
    },
    "2013-12-31": {
        "Diluted EPS": 0.54,
        "Total Revenue": 294,
        "Gross Profit": 33,
        "Operating Income": 17,
        "EBIT": 21,
        "Net Income": 11
    },
    "2013-09-30": {
        "Diluted EPS": 0.66,
        "Total Revenue": 310,
        "Gross Profit": 38,
        "Operating Income": 21,
        "EBIT": 25,
        "Net Income": 14
    },
    "2013-06-30": {
        "Diluted EPS": 0.75,
        "Total Revenue": 289,
        "Gross Profit": 40,
        "Operating Income": 24,
        "EBIT": 28,
        "Net Income": 16
    },
    "2013-03-31": {
        "Diluted EPS": 0.31,
        "Total Revenue": 265,
        "Gross Profit": 24,
        "Operating Income": 9,
        "EBIT": 13,
        "Net Income": 6
    },
    "2012-12-31": {
        "Diluted EPS": 0.24,
        "Total Revenue": 258,
        "Gross Profit": 22,
        "Operating Income": 7,
        "EBIT": 11,
        "Net Income": 5
    },
    "2012-09-30": {
        "Diluted EPS": 0.27,
        "Total Revenue": 269,
        "Gross Profit": 24,
        "Operating Income": 8,
        "EBIT": 12,
        "Net Income": 6
    },
    "2012-06-30": {
        "Diluted EPS": 0.11,
        "Total Revenue": 265,
        "Gross Profit": 19,
        "Operating Income": 4,
        "EBIT": 8,
        "Net Income": 2
    },
    "2012-03-31": {
        "Diluted EPS": 0.29,
        "Total Revenue": 280,
        "Gross Profit": 24,
        "Operating Income": 9,
        "EBIT": 13,
        "Net Income": 7
    },
    "2011-12-31": {
        "Diluted EPS": 0.69,
        "Total Revenue": 248,
        "Gross Profit": 39,
        "Operating Income": 25,
        "EBIT": 28,
        "Net Income": 16
    },
    "2011-09-30": {
        "Diluted EPS": 0.59,
        "Total Revenue": 319,
        "Gross Profit": 38,
        "Operating Income": 21,
        "EBIT": 25,
        "Net Income": 14
    },
    "2011-06-30": {
        "Diluted EPS": 0.4,
        "Total Revenue": 309,
        "Gross Profit": 31,
        "Operating Income": 15,
        "EBIT": 18,
        "Net Income": 9
    },
    "2011-03-31": {
        "Diluted EPS": 0.46,
        "Total Revenue": 303,
        "Gross Profit": 34,
        "Operating Income": 16,
        "EBIT": 19,
        "Net Income": 11
    },
    "2010-12-31": {
        "Diluted EPS": 0.2,
        "Total Revenue": 256,
        "Gross Profit": 22,
        "Operating Income": 7,
        "EBIT": 10,
        "Net Income": 5
    },
    "2010-09-30": {
        "Diluted EPS": 0.22,
        "Total Revenue": 243,
        "Gross Profit": 23,
        "Operating Income": 7,
        "EBIT": 11,
        "Net Income": 5
    },
    "2010-06-30": {
        "Diluted EPS": 0.35,
        "Total Revenue": 236,
        "Gross Profit": 27,
        "Operating Income": 13,
        "EBIT": 16,
        "Net Income": 8
    },
    "2010-03-31": {
        "Diluted EPS": -0.11,
        "Total Revenue": 175,
        "Gross Profit": 11,
        "Operating Income": -1,
        "EBIT": 2,
        "Net Income": -2
    },
    "2009-12-31": {
        "Diluted EPS": -0.08,
        "Total Revenue": 177,
        "Gross Profit": 9,
        "Operating Income": -2,
        "EBIT": 1,
        "Net Income": -2
    },
    "2009-09-30": {
        "Diluted EPS": 0.01,
        "Total Revenue": 169,
        "Gross Profit": 11,
        "Operating Income": 0,
        "EBIT": 4,
        "Net Income": 0
    },
    "2009-06-30": {
        "Diluted EPS": 0.03,
        "Total Revenue": 159,
        "Gross Profit": 12,
        "Operating Income": 1,
        "EBIT": 5,
        "Net Income": 1
    },
    "2009-03-31": {
        "Diluted EPS": 0.2,
        "Total Revenue": 144,
        "Gross Profit": 18,
        "Operating Income": 7,
        "EBIT": 11,
        "Net Income": 5
    },
    "2023-09-30": {
        "Tax Effect Of Unusual Items": 0.0,
        "Tax Rate For Calcs": 0.23,
        "Normalized EBITDA": 106074000.0,
        "Net Income From Continuing Operation Net Minority Interest": 82052000.0,
        "Reconciled Depreciation": 8111000.0,
        "Reconciled Cost Of Revenue": 488749000.0,
        "EBITDA": 106074000.0,
        "EBIT": 97963000.0,
        "Net Interest Income": 8601000.0,
        "Normalized Income": 82052000.0,
        "Net Income From Continuing And Discontinued Operation": 82052000.0,
        "Total Expenses": 539028000.0,
        "Total Operating Income As Reported": 97963000.0,
        "Diluted Average Shares": 17007000.0,
        "Basic Average Shares": 16638000.0,
        "Diluted EPS": 4.82,
        "Basic EPS": 4.93,
        "Diluted NI Availto Com Stockholders": 82052000.0,
        "Net Income Common Stockholders": 82052000.0,
        "Net Income": 82052000.0,
        "Net Income Including Noncontrolling Interests": 82052000.0,
        "Net Income Continuous Operations": 82052000.0,
        "Tax Provision": 24512000.0,
        "Pretax Income": 106564000.0,
        "Net Non Operating Interest Income Expense": 8601000.0,
        "Total Other Finance Cost": -8601000.0,
        "Operating Income": 97963000.0,
        "Operating Expense": 50279000.0,
        "Selling General And Administration": 50279000.0,
        "Gross Profit": 148242000.0,
        "Cost Of Revenue": 488749000.0,
        "Total Revenue": 636991000.0,
        "Operating Revenue": 636991000.0
    },
    "2023-12-31": {
        "Tax Effect Of Unusual Items": 0.0,
        "Tax Rate For Calcs": 0.239773,
        "Normalized EBITDA": 87713000.0,
        "Net Income From Continuing Operation Net Minority Interest": 66123000.0,
        "Reconciled Depreciation": 8161000.0,
        "Reconciled Cost Of Revenue": 497370000.0,
        "EBITDA": 87713000.0,
        "EBIT": 79552000.0,
        "Net Interest Income": 7426000.0,
        "Normalized Income": 66123000.0,
        "Net Income From Continuing And Discontinued Operation": 66123000.0,
        "Total Expenses": 554226000.0,
        "Total Operating Income As Reported": 79552000.0,
        "Diluted Average Shares": 16114000.0,
        "Basic Average Shares": 15692000.0,
        "Diluted EPS": 4.1,
        "Basic EPS": 4.21,
        "Diluted NI Availto Com Stockholders": 66123000.0,
        "Net Income Common Stockholders": 66123000.0,
        "Net Income": 66123000.0,
        "Net Income Including Noncontrolling Interests": 66123000.0,
        "Net Income Continuous Operations": 66123000.0,
        "Tax Provision": 20855000.0,
        "Pretax Income": 86978000.0,
        "Net Non Operating Interest Income Expense": 7426000.0,
        "Total Other Finance Cost": NaN,
        "Operating Income": 79552000.0,
        "Operating Expense": 56856000.0,
        "Selling General And Administration": 56856000.0,
        "Gross Profit": 136408000.0,
        "Cost Of Revenue": 497370000.0,
        "Total Revenue": 633778000.0,
        "Operating Revenue": 633778000.0
    },
    "2024-03-31": {
        "Tax Effect Of Unusual Items": 0.0,
        "Tax Rate For Calcs": 0.23,
        "Normalized EBITDA": 83401000.0,
        "Net Income From Continuing Operation Net Minority Interest": 63277000.0,
        "Reconciled Depreciation": 8500000.0,
        "Reconciled Cost Of Revenue": 496672000.0,
        "EBITDA": 83401000.0,
        "EBIT": 74901000.0,
        "Net Interest Income": 7330000.0,
        "Normalized Income": 63277000.0,
        "Net Income From Continuing And Discontinued Operation": 63277000.0,
        "Total Expenses": 557760000.0,
        "Total Operating Income As Reported": 74901000.0,
        "Diluted Average Shares": 16143000.0,
        "Basic Average Shares": 15738000.0,
        "Diluted EPS": 3.92,
        "Basic EPS": 4.02,
        "Diluted NI Availto Com Stockholders": 63277000.0,
        "Net Income Common Stockholders": 63277000.0,
        "Net Income": 63277000.0,
        "Net Income Including Noncontrolling Interests": 63277000.0,
        "Net Income Continuous Operations": 63277000.0,
        "Tax Provision": 18954000.0,
        "Pretax Income": 82231000.0,
        "Net Non Operating Interest Income Expense": 7330000.0,
        "Total Other Finance Cost": -7330000.0,
        "Operating Income": 74901000.0,
        "Operating Expense": 61088000.0,
        "Selling General And Administration": 61088000.0,
        "Gross Profit": 135989000.0,
        "Cost Of Revenue": 496672000.0,
        "Total Revenue": 632661000.0,
        "Operating Revenue": 632661000.0
    }
}