{
    "2023-03-31": {
        "Tax Effect Of Unusual Items": 0.0,
        "Tax Rate For Calcs": 0.357,
        "Normalized EBITDA": 47775000.0,
        "Total Unusual Items": 0.0,
        "Total Unusual Items Excluding Goodwill": 0.0,
        "Net Income From Continuing Operation Net Minority Interest": 4394000.0,
        "Reconciled Depreciation": 22549000.0,
        "Reconciled Cost Of Revenue": 30975000.0,
        "EBITDA": 47775000.0,
        "EBIT": 25226000.0,
        "Net Interest Income": -18389000.0,
        "Interest Expense": 18389000.0,
        "Normalized Income": 4394000.0,
        "Net Income From Continuing And Discontinued Operation": 4394000.0,
        "Total Expenses": 63148000.0,
        "Total Operating Income As Reported": 7998000.0,
        "Diluted Average Shares": 6456000.0,
        "Basic Average Shares": 6123000.0,
        "Diluted EPS": 0.55,
        "Basic EPS": 0.58,
        "Diluted NI Availto Com Stockholders": 3572000.0,
        "Net Income Common Stockholders": 3572000.0,
        "Otherunder Preferred Stock Dividend": 21000.0,
        "Preferred Stock Dividends": 801000.0,
        "Net Income": 4394000.0,
        "Net Income Including Noncontrolling Interests": 4394000.0,
        "Net Income Continuous Operations": 4394000.0,
        "Tax Provision": 2443000.0,
        "Pretax Income": 6837000.0,
        "Other Income Expense": -1161000.0,
        "Special Income Charges": 0.0,
        "Impairment Of Capital Assets": 0.0,
        "Earnings From Equity Interest": -1161000.0,
        "Net Non Operating Interest Income Expense": -18389000.0,
        "Interest Expense Non Operating": 18389000.0,
        "Operating Income": 26387000.0,
        "Operating Expense": 32173000.0,
        "Other Operating Expenses": 4342000.0,
        "Selling General And Administration": 27831000.0,
        "General And Administrative Expense": 27831000.0,
        "Other Gand A": 27831000.0,
        "Gross Profit": 58560000.0,
        "Cost Of Revenue": 30975000.0,
        "Total Revenue": 89535000.0,
        "Operating Revenue": 88342000.0
    },
    "2022-12-31": {
        "Tax Effect Of Unusual Items": 542209.988462,
        "Tax Rate For Calcs": 0.211966,
        "Normalized EBITDA": 55957000.0,
        "Total Unusual Items": 2558000.0,
        "Total Unusual Items Excluding Goodwill": 2558000.0,
        "Net Income From Continuing Operation Net Minority Interest": 14343000.0,
        "Reconciled Depreciation": 22780000.0,
        "Reconciled Cost Of Revenue": 27533000.0,
        "EBITDA": 58515000.0,
        "EBIT": 35735000.0,
        "Net Interest Income": -17534000.0,
        "Interest Expense": 17534000.0,
        "Normalized Income": 12327209.988462,
        "Net Income From Continuing And Discontinued Operation": 14343000.0,
        "Total Expenses": 56436000.0,
        "Total Operating Income As Reported": 16732000.0,
        "Diluted Average Shares": 6379000.0,
        "Basic Average Shares": 6110000.0,
        "Diluted EPS": 2.12,
        "Basic EPS": 2.21,
        "Diluted NI Availto Com Stockholders": 13503000.0,
        "Net Income Common Stockholders": 13503000.0,
        "Otherunder Preferred Stock Dividend": 21000.0,
        "Preferred Stock Dividends": 819000.0,
        "Net Income": 14343000.0,
        "Net Income Including Noncontrolling Interests": 14343000.0,
        "Net Income Continuous Operations": 14343000.0,
        "Tax Provision": 3858000.0,
        "Pretax Income": 18201000.0,
        "Other Income Expense": 4027000.0,
        "Special Income Charges": 2558000.0,
        "Impairment Of Capital Assets": 0.0,
        "Earnings From Equity Interest": 1469000.0,
        "Net Non Operating Interest Income Expense": -17534000.0,
        "Interest Expense Non Operating": 17534000.0,
        "Operating Income": 31708000.0,
        "Operating Expense": 28903000.0,
        "Other Operating Expenses": 3193000.0,
        "Selling General And Administration": 25710000.0,
        "General And Administrative Expense": 25710000.0,
        "Other Gand A": 25710000.0,
        "Gross Profit": 60611000.0,
        "Cost Of Revenue": 27533000.0,
        "Total Revenue": 88144000.0,
        "Operating Revenue": 85751000.0
    },
    "2022-09-30": {
        "Tax Effect Of Unusual Items": -154130.876899,
        "Tax Rate For Calcs": 0.235674,
        "Normalized EBITDA": 25317000.0,
        "Total Unusual Items": -654000.0,
        "Total Unusual Items Excluding Goodwill": -654000.0,
        "Net Income From Continuing Operation Net Minority Interest": 6389000.0,
        "Reconciled Depreciation": 22059000.0,
        "Reconciled Cost Of Revenue": 26263000.0,
        "EBITDA": 24663000.0,
        "EBIT": 24663000.0,
        "Net Interest Income": -16304000.0,
        "Interest Expense": 16304000.0,
        "Interest Income": NaN,
        "Normalized Income": 6888869.123101,
        "Net Income From Continuing And Discontinued Operation": 6389000.0,
        "Total Expenses": 51190000.0,
        "Total Operating Income As Reported": 8743000.0,
        "Diluted Average Shares": 6270000.0,
        "Basic Average Shares": 6093000.0,
        "Diluted EPS": 0.89,
        "Basic EPS": 0.91,
        "Diluted NI Availto Com Stockholders": 5549000.0,
        "Net Income Common Stockholders": 5549000.0,
        "Otherunder Preferred Stock Dividend": 21000.0,
        "Preferred Stock Dividends": 819000.0,
        "Net Income": 6389000.0,
        "Net Income Including Noncontrolling Interests": 6389000.0,
        "Net Income Continuous Operations": 6389000.0,
        "Tax Provision": 1970000.0,
        "Pretax Income": 8359000.0,
        "Other Income Expense": -1038000.0,
        "Special Income Charges": -654000.0,
        "Other Special Charges": NaN,
        "Impairment Of Capital Assets": 654000.0,
        "Earnings From Equity Interest": -384000.0,
        "Net Non Operating Interest Income Expense": -16304000.0,
        "Interest Expense Non Operating": 16304000.0,
        "Interest Income Non Operating": NaN,
        "Operating Income": 25701000.0,
        "Operating Expense": 24927000.0,
        "Other Operating Expenses": 2139000.0,
        "Selling General And Administration": 22788000.0,
        "General And Administrative Expense": 22788000.0,
        "Other Gand A": 22788000.0,
        "Gross Profit": 50628000.0,
        "Cost Of Revenue": 26263000.0,
        "Total Revenue": 76891000.0,
        "Operating Revenue": 67839000.0
    },
    "2022-06-30": {
        "Tax Effect Of Unusual Items": -31200.0,
        "Tax Rate For Calcs": 0.4,
        "Normalized EBITDA": 27055000.0,
        "Total Unusual Items": -78000.0,
        "Total Unusual Items Excluding Goodwill": -78000.0,
        "Net Income From Continuing Operation Net Minority Interest": 5908000.0,
        "Reconciled Depreciation": 21612000.0,
        "Reconciled Cost Of Revenue": 28626000.0,
        "EBITDA": 26977000.0,
        "EBIT": 26977000.0,
        "Net Interest Income": -16023000.0,
        "Interest Expense": 16023000.0,
        "Interest Income": NaN,
        "Normalized Income": 5954800.0,
        "Net Income From Continuing And Discontinued Operation": 5908000.0,
        "Total Expenses": 52489000.0,
        "Total Operating Income As Reported": 9485000.0,
        "Diluted Average Shares": 6246000.0,
        "Basic Average Shares": 6129000.0,
        "Diluted EPS": 0.81,
        "Basic EPS": 0.83,
        "Diluted NI Availto Com Stockholders": 5076000.0,
        "Net Income Common Stockholders": 5076000.0,
        "Otherunder Preferred Stock Dividend": 21000.0,
        "Preferred Stock Dividends": 811000.0,
        "Net Income": 5908000.0,
        "Net Income Including Noncontrolling Interests": 5908000.0,
        "Net Income Continuous Operations": 5908000.0,
        "Tax Provision": 5046000.0,
        "Pretax Income": 10954000.0,
        "Other Income Expense": 1391000.0,
        "Special Income Charges": -78000.0,
        "Other Special Charges": NaN,
        "Impairment Of Capital Assets": 78000.0,
        "Earnings From Equity Interest": 1469000.0,
        "Net Non Operating Interest Income Expense": -16023000.0,
        "Interest Expense Non Operating": 16023000.0,
        "Interest Income Non Operating": NaN,
        "Operating Income": 25586000.0,
        "Operating Expense": 23863000.0,
        "Other Operating Expenses": 3436000.0,
        "Selling General And Administration": 20427000.0,
        "General And Administrative Expense": 20427000.0,
        "Other Gand A": 20427000.0,
        "Gross Profit": 49449000.0,
        "Cost Of Revenue": 28626000.0,
        "Total Revenue": 78075000.0,
        "Operating Revenue": 71355000.0
    },
    "2022-03-31": {
        "Diluted EPS": -3.7,
        "Total Revenue": 69,
        "Gross Profit": 64,
        "Operating Income": -25,
        "EBIT": 15,
        "Net Income": -22
    },
    "2021-12-31": {
        "Diluted EPS": 0.16,
        "Total Revenue": 76,
        "Gross Profit": 72,
        "Operating Income": 5,
        "EBIT": 45,
        "Net Income": 1
    },
    "2021-09-30": {
        "Diluted EPS": 0.32,
        "Total Revenue": 71,
        "Gross Profit": 67,
        "Operating Income": 6,
        "EBIT": 47,
        "Net Income": 2
    },
    "2021-06-30": {
        "Diluted EPS": -0.12,
        "Total Revenue": 66,
        "Gross Profit": 63,
        "Operating Income": -1,
        "EBIT": 40,
        "Net Income": -1
    },
    "2021-03-31": {
        "Diluted EPS": -0.36,
        "Total Revenue": 61,
        "Gross Profit": 57,
        "Operating Income": -1,
        "EBIT": 39,
        "Net Income": -2
    },
    "2020-12-31": {
        "Diluted EPS": -0.6,
        "Total Revenue": 61,
        "Gross Profit": 58,
        "Operating Income": -7,
        "EBIT": 33,
        "Net Income": -4
    },
    "2020-09-30": {
        "Diluted EPS": 0.35,
        "Total Revenue": 71,
        "Gross Profit": 66,
        "Operating Income": 5,
        "EBIT": 45,
        "Net Income": 2
    },
    "2020-06-30": {
        "Diluted EPS": 0.74,
        "Total Revenue": 75,
        "Gross Profit": 72,
        "Operating Income": 9,
        "EBIT": 50,
        "Net Income": 5
    },
    "2020-03-31": {
        "Diluted EPS": 0.56,
        "Total Revenue": 82,
        "Gross Profit": 75,
        "Operating Income": 8,
        "EBIT": 49,
        "Net Income": 3
    },
    "2019-12-31": {
        "Diluted EPS": 0.68,
        "Total Revenue": 89,
        "Gross Profit": 74,
        "Operating Income": 4,
        "EBIT": 45,
        "Net Income": 4
    },
    "2019-09-30": {
        "Diluted EPS": 3.81,
        "Total Revenue": 120,
        "Gross Profit": 100,
        "Operating Income": 29,
        "EBIT": 70,
        "Net Income": 23
    },
    "2019-06-30": {
        "Diluted EPS": 2.66,
        "Total Revenue": 96,
        "Gross Profit": 83,
        "Operating Income": 20,
        "EBIT": 59,
        "Net Income": 16
    },
    "2019-03-31": {
        "Diluted EPS": 3.35,
        "Total Revenue": 104,
        "Gross Profit": 89,
        "Operating Income": 27,
        "EBIT": 67,
        "Net Income": 20
    },
    "2018-12-31": {
        "Diluted EPS": 2.87,
        "Total Revenue": 118,
        "Gross Profit": 88,
        "Operating Income": 20,
        "EBIT": 61,
        "Net Income": 17
    },
    "2018-09-30": {
        "Diluted EPS": 1.47,
        "Total Revenue": 81,
        "Gross Profit": 72,
        "Operating Income": 13,
        "EBIT": 52,
        "Net Income": 9
    },
    "2018-06-30": {
        "Diluted EPS": 1.26,
        "Total Revenue": 79,
        "Gross Profit": 68,
        "Operating Income": 11,
        "EBIT": 46,
        "Net Income": 8
    },
    "2018-03-31": {
        "Diluted EPS": 1.0,
        "Total Revenue": 70,
        "Gross Profit": 59,
        "Operating Income": 9,
        "EBIT": 41,
        "Net Income": 6
    },
    "2017-12-31": {
        "Diluted EPS": 6.72,
        "Total Revenue": 63,
        "Gross Profit": 54,
        "Operating Income": 2,
        "EBIT": 33,
        "Net Income": 42
    },
    "2017-09-30": {
        "Diluted EPS": 0.8,
        "Total Revenue": 66,
        "Gross Profit": 59,
        "Operating Income": 5,
        "EBIT": 37,
        "Net Income": 5
    },
    "2017-06-30": {
        "Diluted EPS": 0.92,
        "Total Revenue": 68,
        "Gross Profit": 53,
        "Operating Income": 9,
        "EBIT": 37,
        "Net Income": 6
    },
    "2017-03-31": {
        "Diluted EPS": 1.25,
        "Total Revenue": 78,
        "Gross Profit": 68,
        "Operating Income": 13,
        "EBIT": 41,
        "Net Income": 8
    },
    "2016-12-31": {
        "Diluted EPS": 0.39,
        "Total Revenue": 55,
        "Gross Profit": 50,
        "Operating Income": 4,
        "EBIT": 42,
        "Net Income": 2
    },
    "2016-09-30": {
        "Diluted EPS": 0.62,
        "Total Revenue": 51,
        "Gross Profit": 48,
        "Operating Income": 6,
        "EBIT": 34,
        "Net Income": 4
    },
    "2016-06-30": {
        "Diluted EPS": 0.49,
        "Total Revenue": 50,
        "Gross Profit": 47,
        "Operating Income": 6,
        "EBIT": 33,
        "Net Income": 3
    },
    "2016-03-31": {
        "Diluted EPS": 0.55,
        "Total Revenue": 51,
        "Gross Profit": 49,
        "Operating Income": 7,
        "EBIT": 24,
        "Net Income": 4
    },
    "2015-12-31": {
        "Diluted EPS": 0.26,
        "Total Revenue": 54,
        "Gross Profit": 46,
        "Operating Income": 5,
        "EBIT": 33,
        "Net Income": 2
    },
    "2015-09-30": {
        "Diluted EPS": 0.32,
        "Total Revenue": 58,
        "Gross Profit": 52,
        "Operating Income": 4,
        "EBIT": 32,
        "Net Income": 3
    },
    "2015-06-30": {
        "Diluted EPS": -0.06,
        "Total Revenue": 44,
        "Gross Profit": 41,
        "Operating Income": -1,
        "EBIT": 27,
        "Net Income": 0
    },
    "2015-03-31": {
        "Diluted EPS": 0.29,
        "Total Revenue": 43,
        "Gross Profit": 41,
        "Operating Income": 3,
        "EBIT": 32,
        "Net Income": 2
    },
    "2014-12-31": {
        "Diluted EPS": -0.04,
        "Total Revenue": 41,
        "Gross Profit": 40,
        "Operating Income": -1,
        "EBIT": 26,
        "Net Income": 0
    },
    "2014-09-30": {
        "Diluted EPS": 0.12,
        "Total Revenue": 46,
        "Gross Profit": 41,
        "Operating Income": 2,
        "EBIT": 29,
        "Net Income": 1
    },
    "2014-06-30": {
        "Diluted EPS": 0.27,
        "Total Revenue": 44,
        "Gross Profit": 42,
        "Operating Income": 3,
        "EBIT": 29,
        "Net Income": 2
    },
    "2014-03-31": {
        "Diluted EPS": 0.53,
        "Total Revenue": 43,
        "Gross Profit": 43,
        "Operating Income": 6,
        "EBIT": 32,
        "Net Income": 4
    },
    "2013-12-31": {
        "Diluted EPS": 0.8,
        "Total Revenue": 47,
        "Gross Profit": 47,
        "Operating Income": 10,
        "EBIT": 26,
        "Net Income": 7
    },
    "2013-09-30": {
        "Diluted EPS": -0.27,
        "Total Revenue": 38,
        "Gross Profit": 38,
        "Operating Income": -3,
        "EBIT": 13,
        "Net Income": -2
    },
    "2013-06-30": {
        "Diluted EPS": 1.17,
        "Total Revenue": 38,
        "Gross Profit": 38,
        "Operating Income": -1,
        "EBIT": 14,
        "Net Income": 10
    },
    "2013-03-31": {
        "Diluted EPS": 0.19,
        "Total Revenue": 35,
        "Gross Profit": 35,
        "Operating Income": 3,
        "EBIT": 17,
        "Net Income": 2
    },
    "2012-12-31": {
        "Diluted EPS": -0.1,
        "Total Revenue": 40,
        "Gross Profit": 40,
        "Operating Income": 2,
        "EBIT": 26,
        "Net Income": -1
    },
    "2012-09-30": {
        "Diluted EPS": -0.9,
        "Total Revenue": 38,
        "Gross Profit": 38,
        "Operating Income": -11,
        "EBIT": 11,
        "Net Income": -8
    },
    "2012-06-30": {
        "Diluted EPS": 0.28,
        "Total Revenue": 35,
        "Gross Profit": 35,
        "Operating Income": 5,
        "EBIT": 25,
        "Net Income": 2
    },
    "2012-03-31": {
        "Diluted EPS": 0.29,
        "Total Revenue": 36,
        "Gross Profit": 36,
        "Operating Income": 5,
        "EBIT": 26,
        "Net Income": 3
    },
    "2011-12-31": {
        "Diluted EPS": 0.33,
        "Total Revenue": 38,
        "Gross Profit": 38,
        "Operating Income": 38,
        "EBIT": 52,
        "Net Income": 3
    },
    "2011-09-30": {
        "Diluted EPS": 0.17,
        "Total Revenue": 39,
        "Gross Profit": 39,
        "Operating Income": 6,
        "EBIT": 29,
        "Net Income": 2
    },
    "2011-06-30": {
        "Diluted EPS": 0.31,
        "Total Revenue": 39,
        "Gross Profit": 39,
        "Operating Income": 6,
        "EBIT": 29,
        "Net Income": 3
    },
    "2011-03-31": {
        "Diluted EPS": 0.47,
        "Total Revenue": 41,
        "Gross Profit": 41,
        "Operating Income": 8,
        "EBIT": 32,
        "Net Income": 4
    },
    "2010-12-31": {
        "Diluted EPS": 0.35,
        "Total Revenue": 40,
        "Gross Profit": 40,
        "Operating Income": 6,
        "EBIT": 31,
        "Net Income": 3
    },
    "2010-09-30": {
        "Diluted EPS": 0.25,
        "Total Revenue": 40,
        "Gross Profit": 40,
        "Operating Income": 5,
        "EBIT": 31,
        "Net Income": 2
    },
    "2010-06-30": {
        "Diluted EPS": 0.12,
        "Total Revenue": 33,
        "Gross Profit": 33,
        "Operating Income": 3,
        "EBIT": 27,
        "Net Income": 1
    },
    "2010-03-31": {
        "Diluted EPS": 0.24,
        "Total Revenue": 36,
        "Gross Profit": 36,
        "Operating Income": 5,
        "EBIT": 29,
        "Net Income": 2
    },
    "2009-12-31": {
        "Diluted EPS": 0.03,
        "Total Revenue": 39,
        "Gross Profit": 39,
        "Operating Income": 5,
        "EBIT": 28,
        "Net Income": 0
    },
    "2009-09-30": {
        "Diluted EPS": 0.93,
        "Total Revenue": 44,
        "Gross Profit": 44,
        "Operating Income": 11,
        "EBIT": 33,
        "Net Income": 9
    },
    "2009-06-30": {
        "Diluted EPS": 0.47,
        "Total Revenue": 33,
        "Gross Profit": 33,
        "Operating Income": 8,
        "EBIT": 28,
        "Net Income": 4
    },
    "2009-03-31": {
        "Diluted EPS": 0.71,
        "Total Revenue": 35,
        "Gross Profit": 35,
        "Operating Income": 8,
        "EBIT": 28,
        "Net Income": 6
    },
    "2023-06-30": {
        "Tax Effect Of Unusual Items": -454512.0,
        "Tax Rate For Calcs": 0.272,
        "Normalized EBITDA": 62218000.0,
        "Total Unusual Items": -1671000.0,
        "Total Unusual Items Excluding Goodwill": -1671000.0,
        "Net Income From Continuing Operation Net Minority Interest": 13816000.0,
        "Reconciled Depreciation": 22494000.0,
        "Reconciled Cost Of Revenue": 30395000.0,
        "EBITDA": 60547000.0,
        "EBIT": 38053000.0,
        "Net Interest Income": -19085000.0,
        "Interest Expense": 19085000.0,
        "Normalized Income": 15032488.0,
        "Net Income From Continuing And Discontinued Operation": 13816000.0,
        "Total Expenses": 68798000.0,
        "Total Operating Income As Reported": 19442000.0,
        "Diluted Average Shares": 6442000.0,
        "Basic Average Shares": 6354000.0,
        "Diluted EPS": 2.02,
        "Basic EPS": 2.04,
        "Diluted NI Availto Com Stockholders": 12984000.0,
        "Net Income Common Stockholders": 12984000.0,
        "Otherunder Preferred Stock Dividend": 21000.0,
        "Preferred Stock Dividends": 811000.0,
        "Net Income": 13816000.0,
        "Net Income Including Noncontrolling Interests": 13816000.0,
        "Net Income Continuous Operations": 13816000.0,
        "Tax Provision": 5152000.0,
        "Pretax Income": 18968000.0,
        "Other Income Expense": -2145000.0,
        "Special Income Charges": -1671000.0,
        "Impairment Of Capital Assets": 1671000.0,
        "Earnings From Equity Interest": -474000.0,
        "Net Non Operating Interest Income Expense": -19085000.0,
        "Interest Expense Non Operating": 19085000.0,
        "Operating Income": 40198000.0,
        "Operating Expense": 38403000.0,
        "Other Operating Expenses": 6676000.0,
        "Selling General And Administration": 31727000.0,
        "General And Administrative Expense": 31727000.0,
        "Other Gand A": 31727000.0,
        "Gross Profit": 78601000.0,
        "Cost Of Revenue": 30395000.0,
        "Total Revenue": 108996000.0,
        "Operating Revenue": 106949000.0
    },
    "2023-09-30": {
        "Tax Effect Of Unusual Items": NaN,
        "Tax Rate For Calcs": NaN,
        "Normalized EBITDA": NaN,
        "Total Unusual Items": NaN,
        "Total Unusual Items Excluding Goodwill": NaN,
        "Net Income From Continuing Operation Net Minority Interest": NaN,
        "Reconciled Depreciation": NaN,
        "Reconciled Cost Of Revenue": NaN,
        "EBITDA": NaN,
        "EBIT": NaN,
        "Net Interest Income": NaN,
        "Interest Expense": NaN,
        "Normalized Income": NaN,
        "Net Income From Continuing And Discontinued Operation": NaN,
        "Total Expenses": NaN,
        "Total Operating Income As Reported": NaN,
        "Diluted Average Shares": 6466000.0,
        "Basic Average Shares": 6365000.0,
        "Diluted EPS": 2.13,
        "Basic EPS": 2.16,
        "Diluted NI Availto Com Stockholders": NaN,
        "Net Income Common Stockholders": NaN,
        "Otherunder Preferred Stock Dividend": NaN,
        "Preferred Stock Dividends": NaN,
        "Net Income": NaN,
        "Net Income Including Noncontrolling Interests": NaN,
        "Net Income Continuous Operations": NaN,
        "Tax Provision": NaN,
        "Pretax Income": NaN,
        "Other Income Expense": NaN,
        "Special Income Charges": NaN,
        "Impairment Of Capital Assets": NaN,
        "Earnings From Equity Interest": NaN,
        "Net Non Operating Interest Income Expense": NaN,
        "Interest Expense Non Operating": NaN,
        "Operating Income": NaN,
        "Operating Expense": NaN,
        "Other Operating Expenses": NaN,
        "Selling General And Administration": NaN,
        "General And Administrative Expense": NaN,
        "Other Gand A": NaN,
        "Gross Profit": NaN,
        "Cost Of Revenue": NaN,
        "Total Revenue": NaN,
        "Operating Revenue": NaN
    },
    "2023-12-31": {
        "Tax Effect Of Unusual Items": -421680.0,
        "Tax Rate For Calcs": 0.21,
        "Normalized EBITDA": 68052000.0,
        "Total Unusual Items": -2008000.0,
        "Total Unusual Items Excluding Goodwill": -2008000.0,
        "Net Income From Continuing Operation Net Minority Interest": 10953000.0,
        "Reconciled Depreciation": 22794000.0,
        "Reconciled Cost Of Revenue": 28420000.0,
        "EBITDA": 66044000.0,
        "EBIT": 43250000.0,
        "Net Interest Income": -22269000.0,
        "Interest Expense": 22269000.0,
        "Normalized Income": 12539320.0,
        "Net Income From Continuing And Discontinued Operation": 10953000.0,
        "Total Expenses": 73219000.0,
        "Total Operating Income As Reported": 16784000.0,
        "Diluted Average Shares": 6559000.0,
        "Basic Average Shares": 6375000.0,
        "Diluted EPS": 1.53,
        "Basic EPS": 1.57,
        "Diluted NI Availto Com Stockholders": 10038000.0,
        "Net Income Common Stockholders": 10038000.0,
        "Otherunder Preferred Stock Dividend": 12000.0,
        "Preferred Stock Dividends": 903000.0,
        "Net Income": 10953000.0,
        "Net Income Including Noncontrolling Interests": 10953000.0,
        "Net Income Continuous Operations": 10953000.0,
        "Tax Provision": 10028000.0,
        "Pretax Income": 20981000.0,
        "Other Income Expense": 2189000.0,
        "Special Income Charges": -2008000.0,
        "Impairment Of Capital Assets": 2008000.0,
        "Earnings From Equity Interest": 4197000.0,
        "Net Non Operating Interest Income Expense": -22269000.0,
        "Interest Expense Non Operating": 22269000.0,
        "Operating Income": 41061000.0,
        "Operating Expense": 44799000.0,
        "Other Operating Expenses": 5602000.0,
        "Selling General And Administration": 39197000.0,
        "General And Administrative Expense": 39197000.0,
        "Other Gand A": 39197000.0,
        "Gross Profit": 85860000.0,
        "Cost Of Revenue": 28420000.0,
        "Total Revenue": 114280000.0,
        "Operating Revenue": 104178000.0
    },
    "2024-03-31": {
        "Tax Effect Of Unusual Items": -78822.0,
        "Tax Rate For Calcs": 0.302,
        "Normalized EBITDA": 75642000.0,
        "Total Unusual Items": -261000.0,
        "Total Unusual Items Excluding Goodwill": -261000.0,
        "Net Income From Continuing Operation Net Minority Interest": 20869000.0,
        "Reconciled Depreciation": 22486000.0,
        "Reconciled Cost Of Revenue": 30765000.0,
        "EBITDA": 75381000.0,
        "EBIT": 52895000.0,
        "Net Interest Income": -23003000.0,
        "Interest Expense": 23003000.0,
        "Normalized Income": 21051178.0,
        "Net Income From Continuing And Discontinued Operation": 20869000.0,
        "Total Expenses": 68601000.0,
        "Total Operating Income As Reported": 27218000.0,
        "Diluted Average Shares": 6659000.0,
        "Basic Average Shares": 6387000.0,
        "Diluted EPS": 3.0,
        "Basic EPS": 3.12,
        "Diluted NI Availto Com Stockholders": 19957000.0,
        "Net Income Common Stockholders": 19957000.0,
        "Otherunder Preferred Stock Dividend": 12000.0,
        "Preferred Stock Dividends": 900000.0,
        "Net Income": 20869000.0,
        "Net Income Including Noncontrolling Interests": 20869000.0,
        "Net Income Continuous Operations": 20869000.0,
        "Tax Provision": 9023000.0,
        "Pretax Income": 29892000.0,
        "Other Income Expense": 2413000.0,
        "Special Income Charges": -261000.0,
        "Impairment Of Capital Assets": 261000.0,
        "Earnings From Equity Interest": 2674000.0,
        "Net Non Operating Interest Income Expense": -23003000.0,
        "Interest Expense Non Operating": 23003000.0,
        "Operating Income": 50482000.0,
        "Operating Expense": 37836000.0,
        "Other Operating Expenses": 8255000.0,
        "Selling General And Administration": 29581000.0,
        "General And Administrative Expense": 29581000.0,
        "Other Gand A": 29581000.0,
        "Gross Profit": 88318000.0,
        "Cost Of Revenue": 30765000.0,
        "Total Revenue": 119083000.0,
        "Operating Revenue": 116736000.0
    },
    "2024-06-30": {
        "Tax Effect Of Unusual Items": 0.0,
        "Tax Rate For Calcs": 0.264529,
        "Normalized EBITDA": 104890000.0,
        "Total Unusual Items": 0.0,
        "Total Unusual Items Excluding Goodwill": 0.0,
        "Net Income From Continuing Operation Net Minority Interest": 42586000.0,
        "Reconciled Depreciation": 22425000.0,
        "Reconciled Cost Of Revenue": 33275000.0,
        "EBITDA": 104890000.0,
        "EBIT": 82465000.0,
        "Net Interest Income": -24562000.0,
        "Interest Expense": 24562000.0,
        "Normalized Income": 42586000.0,
        "Net Income From Continuing And Discontinued Operation": 42586000.0,
        "Total Expenses": 72480000.0,
        "Total Operating Income As Reported": 54078000.0,
        "Diluted Average Shares": 6714000.0,
        "Basic Average Shares": 6570000.0,
        "Diluted EPS": 6.21,
        "Basic EPS": 6.34,
        "Diluted NI Availto Com Stockholders": 41664000.0,
        "Net Income Common Stockholders": 41664000.0,
        "Otherunder Preferred Stock Dividend": 12000.0,
        "Preferred Stock Dividends": 910000.0,
        "Net Income": 42586000.0,
        "Net Income Including Noncontrolling Interests": 42586000.0,
        "Net Income Continuous Operations": 42586000.0,
        "Tax Provision": 15317000.0,
        "Pretax Income": 57903000.0,
        "Other Income Expense": 3825000.0,
        "Special Income Charges": 0.0,
        "Gain On Sale Of Business": 0.0,
        "Impairment Of Capital Assets": 0.0,
        "Earnings From Equity Interest": 3825000.0,
        "Net Non Operating Interest Income Expense": -24562000.0,
        "Interest Expense Non Operating": 24562000.0,
        "Operating Income": 78640000.0,
        "Operating Expense": 39205000.0,
        "Other Operating Expenses": 4518000.0,
        "Selling General And Administration": 34687000.0,
        "General And Administrative Expense": 34687000.0,
        "Other Gand A": 34687000.0,
        "Gross Profit": 117845000.0,
        "Cost Of Revenue": 33275000.0,
        "Total Revenue": 151120000.0,
        "Operating Revenue": 148442000.0
    },
    "2024-09-30": {
        "Tax Effect Of Unusual Items": -182105.0,
        "Tax Rate For Calcs": 0.301,
        "Normalized EBITDA": 87774000.0,
        "Total Unusual Items": -605000.0,
        "Total Unusual Items Excluding Goodwill": -605000.0,
        "Net Income From Continuing Operation Net Minority Interest": 24096000.0,
        "Reconciled Depreciation": 24896000.0,
        "Reconciled Cost Of Revenue": 38913000.0,
        "EBITDA": 87169000.0,
        "EBIT": 62273000.0,
        "Net Interest Income": -27813000.0,
        "Interest Expense": 27813000.0,
        "Normalized Income": 24518895.0,
        "Net Income From Continuing And Discontinued Operation": 24096000.0,
        "Total Expenses": 84101000.0,
        "Total Operating Income As Reported": 33704000.0,
        "Diluted Average Shares": 6859000.0,
        "Basic Average Shares": 6582000.0,
        "Diluted EPS": 3.37,
        "Basic EPS": 3.51,
        "Diluted NI Availto Com Stockholders": 23133000.0,
        "Net Income Common Stockholders": 23133000.0,
        "Otherunder Preferred Stock Dividend": 15000.0,
        "Preferred Stock Dividends": 948000.0,
        "Net Income": 24096000.0,
        "Net Income Including Noncontrolling Interests": 24096000.0,
        "Net Income Continuous Operations": 24096000.0,
        "Tax Provision": 10364000.0,
        "Pretax Income": 34460000.0,
        "Other Income Expense": 151000.0,
        "Special Income Charges": -605000.0,
        "Gain On Sale Of Business": NaN,
        "Impairment Of Capital Assets": 605000.0,
        "Earnings From Equity Interest": 756000.0,
        "Net Non Operating Interest Income Expense": -27813000.0,
        "Interest Expense Non Operating": 27813000.0,
        "Operating Income": 62122000.0,
        "Operating Expense": 45188000.0,
        "Other Operating Expenses": 5151000.0,
        "Selling General And Administration": 40037000.0,
        "General And Administrative Expense": 40037000.0,
        "Other Gand A": 40037000.0,
        "Gross Profit": 107310000.0,
        "Cost Of Revenue": 38913000.0,
        "Total Revenue": 146223000.0,
        "Operating Revenue": 144407000.0
    },
    "2024-12-31": {
        "Tax Effect Of Unusual Items": -3180885.093781,
        "Tax Rate For Calcs": 0.306976,
        "Normalized EBITDA": 95540000.0,
        "Total Unusual Items": -10362000.0,
        "Total Unusual Items Excluding Goodwill": -10362000.0,
        "Net Income From Continuing Operation Net Minority Interest": 21061000.0,
        "Reconciled Depreciation": 25402000.0,
        "Reconciled Cost Of Revenue": 36829000.0,
        "EBITDA": 85178000.0,
        "EBIT": 59776000.0,
        "Net Interest Income": -29386000.0,
        "Interest Expense": 29386000.0,
        "Normalized Income": 28242114.906219,
        "Net Income From Continuing And Discontinued Operation": 21061000.0,
        "Total Expenses": 83651000.0,
        "Total Operating Income As Reported": 29398000.0,
        "Diluted Average Shares": 6983000.0,
        "Basic Average Shares": 6603000.0,
        "Diluted EPS": 2.81,
        "Basic EPS": 2.97,
        "Diluted NI Availto Com Stockholders": 19624000.0,
        "Net Income Common Stockholders": 19624000.0,
        "Otherunder Preferred Stock Dividend": 69000.0,
        "Preferred Stock Dividends": 1368000.0,
        "Net Income": 21061000.0,
        "Net Income Including Noncontrolling Interests": 21061000.0,
        "Net Income Continuous Operations": 21061000.0,
        "Tax Provision": 9329000.0,
        "Pretax Income": 30390000.0,
        "Other Income Expense": -9370000.0,
        "Special Income Charges": -10362000.0,
        "Gain On Sale Of Business": NaN,
        "Impairment Of Capital Assets": 10362000.0,
        "Earnings From Equity Interest": 992000.0,
        "Net Non Operating Interest Income Expense": -29386000.0,
        "Interest Expense Non Operating": 29386000.0,
        "Operating Income": 69146000.0,
        "Operating Expense": 46822000.0,
        "Other Operating Expenses": 4370000.0,
        "Selling General And Administration": 42452000.0,
        "General And Administrative Expense": 42452000.0,
        "Other Gand A": 42452000.0,
        "Gross Profit": 115968000.0,
        "Cost Of Revenue": 36829000.0,
        "Total Revenue": 152797000.0,
        "Operating Revenue": 150562000.0
    },
    "2025-03-31": {
        "Tax Effect Of Unusual Items": -700188.0,
        "Tax Rate For Calcs": 0.332,
        "Normalized EBITDA": 85398000.0,
        "Total Unusual Items": -2109000.0,
        "Total Unusual Items Excluding Goodwill": -2109000.0,
        "Net Income From Continuing Operation Net Minority Interest": 16869000.0,
        "Reconciled Depreciation": 25941000.0,
        "Reconciled Cost Of Revenue": 45676000.0,
        "EBITDA": 83289000.0,
        "EBIT": 57348000.0,
        "Net Interest Income": -32094000.0,
        "Interest Expense": 32094000.0,
        "Normalized Income": 18277812.0,
        "Net Income From Continuing And Discontinued Operation": 16869000.0,
        "Total Expenses": 99626000.0,
        "Total Operating Income As Reported": 23903000.0,
        "Diluted Average Shares": 7000000.0,
        "Basic Average Shares": 6606000.0,
        "Diluted EPS": 2.21,
        "Basic EPS": 2.34,
        "Diluted NI Availto Com Stockholders": 15476000.0,
        "Net Income Common Stockholders": 15476000.0,
        "Otherunder Preferred Stock Dividend": 70000.0,
        "Preferred Stock Dividends": 1323000.0,
        "Net Income": 16869000.0,
        "Net Income Including Noncontrolling Interests": 16869000.0,
        "Net Income Continuous Operations": 16869000.0,
        "Tax Provision": 8385000.0,
        "Pretax Income": 25254000.0,
        "Other Income Expense": -758000.0,
        "Special Income Charges": -2109000.0,
        "Gain On Sale Of Business": NaN,
        "Impairment Of Capital Assets": 2109000.0,
        "Earnings From Equity Interest": 1351000.0,
        "Net Non Operating Interest Income Expense": -32094000.0,
        "Interest Expense Non Operating": 32094000.0,
        "Operating Income": 58106000.0,
        "Operating Expense": 53950000.0,
        "Other Operating Expenses": 6230000.0,
        "Selling General And Administration": 47720000.0,
        "General And Administrative Expense": 47720000.0,
        "Other Gand A": 47720000.0,
        "Gross Profit": 112056000.0,
        "Cost Of Revenue": 45676000.0,
        "Total Revenue": 157732000.0,
        "Operating Revenue": 155173000.0
    },
    "2025-06-30": {
        "Tax Effect Of Unusual Items": 5900219.928126,
        "Tax Rate For Calcs": 0.187356,
        "Normalized EBITDA": 104504000.0,
        "Total Unusual Items": 31492000.0,
        "Total Unusual Items Excluding Goodwill": 31492000.0,
        "Net Income From Continuing Operation Net Minority Interest": 60377000.0,
        "Reconciled Depreciation": 28130000.0,
        "Reconciled Cost Of Revenue": 64273000.0,
        "EBITDA": 135996000.0,
        "EBIT": 107866000.0,
        "Net Interest Income": -33569000.0,
        "Interest Expense": 33569000.0,
        "Normalized Income": 34785219.928126,
        "Net Income From Continuing And Discontinued Operation": 60377000.0,
        "Total Expenses": 122210000.0,
        "Total Operating Income As Reported": 28265000.0,
        "Diluted Average Shares": 6990000.0,
        "Basic Average Shares": 6789000.0,
        "Diluted EPS": 8.43,
        "Basic EPS": 8.68,
        "Diluted NI Availto Com Stockholders": 58955000.0,
        "Net Income Common Stockholders": 58955000.0,
        "Otherunder Preferred Stock Dividend": 69000.0,
        "Preferred Stock Dividends": 1353000.0,
        "Net Income": 60377000.0,
        "Net Income Including Noncontrolling Interests": 60377000.0,
        "Net Income Continuous Operations": 60377000.0,
        "Tax Provision": 13920000.0,
        "Pretax Income": 74297000.0,
        "Other Income Expense": 34574000.0,
        "Special Income Charges": 31492000.0,
        "Gain On Sale Of Business": 42950000.0,
        "Impairment Of Capital Assets": 11458000.0,
        "Earnings From Equity Interest": 3082000.0,
        "Net Non Operating Interest Income Expense": -33569000.0,
        "Interest Expense Non Operating": 33569000.0,
        "Operating Income": 73292000.0,
        "Operating Expense": 57937000.0,
        "Other Operating Expenses": 7508000.0,
        "Selling General And Administration": 50429000.0,
        "General And Administrative Expense": 50429000.0,
        "Other Gand A": 50429000.0,
        "Gross Profit": 131229000.0,
        "Cost Of Revenue": 64273000.0,
        "Total Revenue": 195502000.0,
        "Operating Revenue": 192627000.0
    }
}