{
    "2023-03-31": {
        "Tax Effect Of Unusual Items": NaN,
        "Tax Rate For Calcs": NaN,
        "Normalized EBITDA": NaN,
        "Total Unusual Items": NaN,
        "Total Unusual Items Excluding Goodwill": NaN,
        "Net Income From Continuing Operation Net Minority Interest": NaN,
        "Reconciled Depreciation": NaN,
        "Reconciled Cost Of Revenue": NaN,
        "EBITDA": NaN,
        "EBIT": NaN,
        "Net Interest Income": NaN,
        "Interest Expense": NaN,
        "Interest Income": NaN,
        "Normalized Income": NaN,
        "Net Income From Continuing And Discontinued Operation": NaN,
        "Total Expenses": NaN,
        "Total Operating Income As Reported": NaN,
        "Diluted Average Shares": NaN,
        "Basic Average Shares": NaN,
        "Diluted EPS": NaN,
        "Basic EPS": NaN,
        "Diluted NI Availto Com Stockholders": NaN,
        "Net Income Common Stockholders": NaN,
        "Otherunder Preferred Stock Dividend": NaN,
        "Net Income": NaN,
        "Minority Interests": NaN,
        "Net Income Including Noncontrolling Interests": NaN,
        "Net Income Continuous Operations": NaN,
        "Tax Provision": NaN,
        "Pretax Income": NaN,
        "Other Income Expense": NaN,
        "Other Non Operating Income Expenses": NaN,
        "Special Income Charges": NaN,
        "Other Special Charges": NaN,
        "Restructuring And Mergern Acquisition": NaN,
        "Net Non Operating Interest Income Expense": NaN,
        "Interest Expense Non Operating": NaN,
        "Interest Income Non Operating": NaN,
        "Operating Income": NaN,
        "Operating Expense": NaN,
        "Depreciation Amortization Depletion Income Statement": NaN,
        "Depreciation And Amortization In Income Statement": NaN,
        "Amortization": NaN,
        "Amortization Of Intangibles Income Statement": NaN,
        "Selling General And Administration": NaN,
        "General And Administrative Expense": 222000000.0,
        "Other Gand A": 222000000.0,
        "Gross Profit": NaN,
        "Cost Of Revenue": NaN,
        "Total Revenue": NaN,
        "Operating Revenue": NaN
    },
    "2022-12-31": {
        "Tax Effect Of Unusual Items": NaN,
        "Tax Rate For Calcs": NaN,
        "Normalized EBITDA": NaN,
        "Total Unusual Items": NaN,
        "Total Unusual Items Excluding Goodwill": NaN,
        "Net Income From Continuing Operation Net Minority Interest": NaN,
        "Reconciled Depreciation": NaN,
        "Reconciled Cost Of Revenue": NaN,
        "EBITDA": NaN,
        "EBIT": NaN,
        "Net Interest Income": NaN,
        "Interest Expense": NaN,
        "Interest Income": NaN,
        "Normalized Income": NaN,
        "Net Income From Continuing And Discontinued Operation": NaN,
        "Total Expenses": NaN,
        "Total Operating Income As Reported": NaN,
        "Diluted Average Shares": NaN,
        "Basic Average Shares": NaN,
        "Diluted EPS": NaN,
        "Basic EPS": NaN,
        "Diluted NI Availto Com Stockholders": NaN,
        "Net Income Common Stockholders": NaN,
        "Otherunder Preferred Stock Dividend": NaN,
        "Net Income": NaN,
        "Minority Interests": NaN,
        "Net Income Including Noncontrolling Interests": NaN,
        "Net Income Continuous Operations": NaN,
        "Tax Provision": NaN,
        "Pretax Income": NaN,
        "Other Income Expense": NaN,
        "Other Non Operating Income Expenses": NaN,
        "Special Income Charges": NaN,
        "Other Special Charges": NaN,
        "Restructuring And Mergern Acquisition": NaN,
        "Net Non Operating Interest Income Expense": NaN,
        "Interest Expense Non Operating": NaN,
        "Interest Income Non Operating": NaN,
        "Operating Income": NaN,
        "Operating Expense": NaN,
        "Depreciation Amortization Depletion Income Statement": NaN,
        "Depreciation And Amortization In Income Statement": NaN,
        "Amortization": NaN,
        "Amortization Of Intangibles Income Statement": NaN,
        "Selling General And Administration": NaN,
        "General And Administrative Expense": 174000000.0,
        "Other Gand A": 200000000.0,
        "Gross Profit": NaN,
        "Cost Of Revenue": NaN,
        "Total Revenue": NaN,
        "Operating Revenue": NaN
    },
    "2022-09-30": {
        "Tax Effect Of Unusual Items": NaN,
        "Tax Rate For Calcs": NaN,
        "Normalized EBITDA": NaN,
        "Total Unusual Items": NaN,
        "Total Unusual Items Excluding Goodwill": NaN,
        "Net Income From Continuing Operation Net Minority Interest": NaN,
        "Reconciled Depreciation": NaN,
        "Reconciled Cost Of Revenue": NaN,
        "EBITDA": NaN,
        "EBIT": NaN,
        "Net Interest Income": NaN,
        "Interest Expense": NaN,
        "Interest Income": 6000000.0,
        "Normalized Income": NaN,
        "Net Income From Continuing And Discontinued Operation": NaN,
        "Total Expenses": NaN,
        "Total Operating Income As Reported": NaN,
        "Diluted Average Shares": NaN,
        "Basic Average Shares": NaN,
        "Diluted EPS": NaN,
        "Basic EPS": NaN,
        "Diluted NI Availto Com Stockholders": NaN,
        "Net Income Common Stockholders": NaN,
        "Otherunder Preferred Stock Dividend": NaN,
        "Net Income": NaN,
        "Minority Interests": NaN,
        "Net Income Including Noncontrolling Interests": NaN,
        "Net Income Continuous Operations": NaN,
        "Tax Provision": NaN,
        "Pretax Income": NaN,
        "Other Income Expense": NaN,
        "Other Non Operating Income Expenses": NaN,
        "Special Income Charges": NaN,
        "Other Special Charges": NaN,
        "Restructuring And Mergern Acquisition": NaN,
        "Net Non Operating Interest Income Expense": NaN,
        "Interest Expense Non Operating": NaN,
        "Interest Income Non Operating": 6000000.0,
        "Operating Income": NaN,
        "Operating Expense": NaN,
        "Depreciation Amortization Depletion Income Statement": NaN,
        "Depreciation And Amortization In Income Statement": NaN,
        "Amortization": NaN,
        "Amortization Of Intangibles Income Statement": NaN,
        "Selling General And Administration": NaN,
        "General And Administrative Expense": NaN,
        "Other Gand A": NaN,
        "Salaries And Wages": -10000000.0,
        "Gross Profit": NaN,
        "Cost Of Revenue": NaN,
        "Total Revenue": NaN,
        "Operating Revenue": NaN
    },
    "2022-06-30": {
        "Tax Effect Of Unusual Items": -1676829.268293,
        "Tax Rate For Calcs": 0.239547,
        "Normalized EBITDA": 1463000000.0,
        "Total Unusual Items": -7000000.0,
        "Total Unusual Items Excluding Goodwill": -7000000.0,
        "Net Income From Continuing Operation Net Minority Interest": 858000000.0,
        "Reconciled Depreciation": 264000000.0,
        "Reconciled Cost Of Revenue": 2817000000.0,
        "EBITDA": 1456000000.0,
        "EBIT": 1192000000.0,
        "Net Interest Income": -44000000.0,
        "Interest Expense": 44000000.0,
        "Normalized Income": 863323170.731707,
        "Net Income From Continuing And Discontinued Operation": 858000000.0,
        "Total Expenses": 3301000000.0,
        "Total Operating Income As Reported": 1175000000.0,
        "Diluted Average Shares": 129341096.0,
        "Basic Average Shares": 128341132.0,
        "Diluted EPS": 6.6,
        "Basic EPS": 6.65,
        "Diluted NI Availto Com Stockholders": 858000000.0,
        "Net Income Common Stockholders": 858000000.0,
        "Otherunder Preferred Stock Dividend": NaN,
        "Net Income": 858000000.0,
        "Minority Interests": -15000000.0,
        "Net Income Including Noncontrolling Interests": 873000000.0,
        "Net Income Continuous Operations": 873000000.0,
        "Tax Provision": 275000000.0,
        "Pretax Income": 1148000000.0,
        "Other Income Expense": 10000000.0,
        "Other Non Operating Income Expenses": 17000000.0,
        "Special Income Charges": -7000000.0,
        "Restructuring And Mergern Acquisition": 7000000.0,
        "Net Non Operating Interest Income Expense": -44000000.0,
        "Interest Expense Non Operating": 44000000.0,
        "Operating Income": 1182000000.0,
        "Operating Expense": 263000000.0,
        "Depreciation Amortization Depletion Income Statement": 43000000.0,
        "Depreciation And Amortization In Income Statement": 43000000.0,
        "Amortization": 43000000.0,
        "Amortization Of Intangibles Income Statement": 43000000.0,
        "Selling General And Administration": 220000000.0,
        "Gross Profit": 1445000000.0,
        "Cost Of Revenue": 3038000000.0,
        "Total Revenue": 4483000000.0,
        "Operating Revenue": 4483000000.0
    },
    "2023-06-30": {
        "Tax Effect Of Unusual Items": NaN,
        "Tax Rate For Calcs": NaN,
        "Normalized EBITDA": NaN,
        "Total Unusual Items": NaN,
        "Total Unusual Items Excluding Goodwill": NaN,
        "Net Income From Continuing Operation Net Minority Interest": NaN,
        "Reconciled Depreciation": NaN,
        "Reconciled Cost Of Revenue": NaN,
        "EBITDA": NaN,
        "EBIT": NaN,
        "Net Interest Income": NaN,
        "Interest Expense": NaN,
        "Interest Income": NaN,
        "Normalized Income": NaN,
        "Net Income From Continuing And Discontinued Operation": NaN,
        "Total Expenses": NaN,
        "Total Operating Income As Reported": NaN,
        "Diluted Average Shares": NaN,
        "Basic Average Shares": NaN,
        "Diluted EPS": NaN,
        "Basic EPS": NaN,
        "Diluted NI Availto Com Stockholders": NaN,
        "Net Income Common Stockholders": NaN,
        "Otherunder Preferred Stock Dividend": NaN,
        "Net Income": NaN,
        "Minority Interests": NaN,
        "Net Income Including Noncontrolling Interests": NaN,
        "Net Income Continuous Operations": NaN,
        "Tax Provision": NaN,
        "Pretax Income": NaN,
        "Other Income Expense": NaN,
        "Other Non Operating Income Expenses": NaN,
        "Special Income Charges": NaN,
        "Other Special Charges": -4000000.0,
        "Restructuring And Mergern Acquisition": NaN,
        "Net Non Operating Interest Income Expense": NaN,
        "Interest Expense Non Operating": NaN,
        "Interest Income Non Operating": NaN,
        "Operating Income": NaN,
        "Operating Expense": NaN,
        "Depreciation Amortization Depletion Income Statement": NaN,
        "Depreciation And Amortization In Income Statement": NaN,
        "Amortization": NaN,
        "Amortization Of Intangibles Income Statement": NaN,
        "Selling General And Administration": NaN,
        "General And Administrative Expense": 213000000.0,
        "Other Gand A": 213000000.0,
        "Gross Profit": NaN,
        "Cost Of Revenue": NaN,
        "Total Revenue": NaN,
        "Operating Revenue": NaN
    },
    "2022-03-31": {
        "Diluted EPS": 5.83,
        "Total Revenue": NaN,
        "Gross Profit": NaN,
        "Operating Income": NaN,
        "EBIT": NaN,
        "Net Income": 752
    },
    "2021-12-31": {
        "Diluted EPS": 4.98,
        "Total Revenue": NaN,
        "Gross Profit": NaN,
        "Operating Income": 873,
        "EBIT": NaN,
        "Net Income": 640
    },
    "2021-09-30": {
        "Diluted EPS": 4.69,
        "Total Revenue": NaN,
        "Gross Profit": NaN,
        "Operating Income": 861,
        "EBIT": NaN,
        "Net Income": 604
    },
    "2021-06-30": {
        "Diluted EPS": 4.04,
        "Total Revenue": NaN,
        "Gross Profit": 872,
        "Operating Income": 720,
        "EBIT": 922,
        "Net Income": 520
    },
    "2021-03-31": {
        "Diluted EPS": 1.87,
        "Total Revenue": NaN,
        "Gross Profit": 509,
        "Operating Income": 346,
        "EBIT": 541,
        "Net Income": 241
    },
    "2020-12-31": {
        "Diluted EPS": 0.87,
        "Total Revenue": NaN,
        "Gross Profit": 323,
        "Operating Income": 178,
        "EBIT": 374,
        "Net Income": 112
    },
    "2020-09-30": {
        "Diluted EPS": 0.45,
        "Total Revenue": NaN,
        "Gross Profit": 248,
        "Operating Income": 79,
        "EBIT": 275,
        "Net Income": 57
    },
    "2020-06-30": {
        "Diluted EPS": 0.11,
        "Total Revenue": NaN,
        "Gross Profit": 169,
        "Operating Income": 36,
        "EBIT": 227,
        "Net Income": 15
    },
    "2020-03-31": {
        "Diluted EPS": 1.13,
        "Total Revenue": NaN,
        "Gross Profit": 283,
        "Operating Income": 136,
        "EBIT": 326,
        "Net Income": 145
    },
    "2019-12-31": {
        "Diluted EPS": 0.56,
        "Total Revenue": NaN,
        "Gross Profit": 250,
        "Operating Income": 102,
        "EBIT": 290,
        "Net Income": 70
    },
    "2019-09-30": {
        "Diluted EPS": 1.22,
        "Total Revenue": NaN,
        "Gross Profit": 371,
        "Operating Income": 226,
        "EBIT": 404,
        "Net Income": 158
    },
    "2019-06-30": {
        "Diluted EPS": 0.92,
        "Total Revenue": NaN,
        "Gross Profit": 340,
        "Operating Income": 194,
        "EBIT": 370,
        "Net Income": 119
    },
    "2019-03-31": {
        "Diluted EPS": 0.55,
        "Total Revenue": NaN,
        "Gross Profit": 299,
        "Operating Income": 134,
        "EBIT": 305,
        "Net Income": 72
    },
    "2018-12-31": {
        "Diluted EPS": 0.95,
        "Total Revenue": NaN,
        "Gross Profit": 354,
        "Operating Income": 207,
        "EBIT": 375,
        "Net Income": 118
    },
    "2018-09-30": {
        "Diluted EPS": 2.35,
        "Total Revenue": NaN,
        "Gross Profit": 539,
        "Operating Income": 396,
        "EBIT": 557,
        "Net Income": 308
    },
    "2018-06-30": {
        "Diluted EPS": 2.12,
        "Total Revenue": NaN,
        "Gross Profit": 552,
        "Operating Income": 404,
        "EBIT": 560,
        "Net Income": 278
    },
    "2018-03-31": {
        "Diluted EPS": 2.2,
        "Total Revenue": NaN,
        "Gross Profit": 542,
        "Operating Income": 401,
        "EBIT": 557,
        "Net Income": 287
    },
    "2017-12-31": {
        "Diluted EPS": 6.16,
        "Total Revenue": NaN,
        "Gross Profit": 496,
        "Operating Income": 363,
        "EBIT": 515,
        "Net Income": 796
    },
    "2017-09-30": {
        "Diluted EPS": 1.61,
        "Total Revenue": NaN,
        "Gross Profit": 496,
        "Operating Income": 364,
        "EBIT": 518,
        "Net Income": 210
    },
    "2017-06-30": {
        "Diluted EPS": 1.17,
        "Total Revenue": NaN,
        "Gross Profit": 403,
        "Operating Income": 264,
        "EBIT": 409,
        "Net Income": 153
    },
    "2017-03-31": {
        "Diluted EPS": 1.06,
        "Total Revenue": NaN,
        "Gross Profit": 366,
        "Operating Income": 234,
        "EBIT": 384,
        "Net Income": 138
    },
    "2016-12-31": {
        "Diluted EPS": 0.76,
        "Total Revenue": NaN,
        "Gross Profit": 284,
        "Operating Income": 154,
        "EBIT": 304,
        "Net Income": 97
    },
    "2016-09-30": {
        "Diluted EPS": 0.51,
        "Total Revenue": NaN,
        "Gross Profit": 202,
        "Operating Income": 47,
        "EBIT": 141,
        "Net Income": 66
    },
    "2016-06-30": {
        "Diluted EPS": 0.85,
        "Total Revenue": NaN,
        "Gross Profit": 241,
        "Operating Income": 180,
        "EBIT": 247,
        "Net Income": 111
    },
    "2016-03-31": {
        "Diluted EPS": 0.94,
        "Total Revenue": 975,
        "Gross Profit": 256,
        "Operating Income": 202,
        "EBIT": 268,
        "Net Income": 123
    },
    "2015-12-31": {
        "Diluted EPS": 0.83,
        "Total Revenue": 986,
        "Gross Profit": 236,
        "Operating Income": 181,
        "EBIT": 246,
        "Net Income": 108
    },
    "2015-09-30": {
        "Diluted EPS": 1.39,
        "Total Revenue": NaN,
        "Gross Profit": 311,
        "Operating Income": 254,
        "EBIT": 316,
        "Net Income": 184
    },
    "2015-06-30": {
        "Diluted EPS": 1.54,
        "Total Revenue": NaN,
        "Gross Profit": 353,
        "Operating Income": 295,
        "EBIT": 356,
        "Net Income": 205
    },
    "2015-03-31": {
        "Diluted EPS": 1.1,
        "Total Revenue": NaN,
        "Gross Profit": 285,
        "Operating Income": 229,
        "EBIT": 288,
        "Net Income": 146
    },
    "2014-12-31": {
        "Diluted EPS": 1.38,
        "Total Revenue": NaN,
        "Gross Profit": 363,
        "Operating Income": 302,
        "EBIT": 363,
        "Net Income": 182
    },
    "2014-09-30": {
        "Diluted EPS": 1.25,
        "Total Revenue": NaN,
        "Gross Profit": 362,
        "Operating Income": 307,
        "EBIT": 361,
        "Net Income": 168
    },
    "2014-06-30": {
        "Diluted EPS": 1.26,
        "Total Revenue": 999,
        "Gross Profit": 306,
        "Operating Income": 267,
        "EBIT": 316,
        "Net Income": 169
    },
    "2014-03-31": {
        "Diluted EPS": 1.18,
        "Total Revenue": NaN,
        "Gross Profit": 287,
        "Operating Income": 248,
        "EBIT": 294,
        "Net Income": 158
    },
    "2013-12-31": {
        "Diluted EPS": 1.27,
        "Total Revenue": 952,
        "Gross Profit": 296,
        "Operating Income": 258,
        "EBIT": 299,
        "Net Income": 169
    },
    "2013-09-30": {
        "Diluted EPS": 1.27,
        "Total Revenue": NaN,
        "Gross Profit": 304,
        "Operating Income": 267,
        "EBIT": 308,
        "Net Income": 170
    },
    "2013-06-30": {
        "Diluted EPS": 1.09,
        "Total Revenue": 939,
        "Gross Profit": 273,
        "Operating Income": 235,
        "EBIT": 276,
        "Net Income": 145
    },
    "2013-03-31": {
        "Diluted EPS": 0.92,
        "Total Revenue": 865,
        "Gross Profit": 228,
        "Operating Income": 194,
        "EBIT": 230,
        "Net Income": 123
    },
    "2012-12-31": {
        "Diluted EPS": 0.72,
        "Total Revenue": 801,
        "Gross Profit": 190,
        "Operating Income": 156,
        "EBIT": 192,
        "Net Income": 97
    },
    "2012-09-30": {
        "Diluted EPS": 0.65,
        "Total Revenue": 821,
        "Gross Profit": 172,
        "Operating Income": 143,
        "EBIT": 181,
        "Net Income": 87
    },
    "2012-06-30": {
        "Diluted EPS": 0.86,
        "Total Revenue": 914,
        "Gross Profit": 202,
        "Operating Income": 171,
        "EBIT": 207,
        "Net Income": 115
    },
    "2012-03-31": {
        "Diluted EPS": 0.66,
        "Total Revenue": NaN,
        "Gross Profit": 173,
        "Operating Income": 146,
        "EBIT": 181,
        "Net Income": 87
    },
    "2011-12-31": {
        "Diluted EPS": 0.2,
        "Total Revenue": 859,
        "Gross Profit": 77,
        "Operating Income": 50,
        "EBIT": 84,
        "Net Income": 26
    },
    "2011-09-30": {
        "Diluted EPS": 0.51,
        "Total Revenue": 968,
        "Gross Profit": 147,
        "Operating Income": 117,
        "EBIT": 151,
        "Net Income": 67
    },
    "2011-06-30": {
        "Diluted EPS": 0.61,
        "Total Revenue": 925,
        "Gross Profit": 167,
        "Operating Income": 138,
        "EBIT": 172,
        "Net Income": 80
    },
    "2011-03-31": {
        "Diluted EPS": 0.63,
        "Total Revenue": 867,
        "Gross Profit": 168,
        "Operating Income": 141,
        "EBIT": 174,
        "Net Income": 83
    },
    "2010-12-31": {
        "Diluted EPS": 0.63,
        "Total Revenue": 795,
        "Gross Profit": 164,
        "Operating Income": 137,
        "EBIT": 170,
        "Net Income": 82
    },
    "2010-09-30": {
        "Diluted EPS": 0.48,
        "Total Revenue": 780,
        "Gross Profit": 135,
        "Operating Income": 107,
        "EBIT": 141,
        "Net Income": 63
    },
    "2010-06-30": {
        "Diluted EPS": 0.43,
        "Total Revenue": 818,
        "Gross Profit": 126,
        "Operating Income": 100,
        "EBIT": 132,
        "Net Income": 57
    },
    "2010-03-31": {
        "Diluted EPS": 0.14,
        "Total Revenue": 778,
        "Gross Profit": 58,
        "Operating Income": 34,
        "EBIT": 67,
        "Net Income": 18
    },
    "2009-12-31": {
        "Diluted EPS": 0.09,
        "Total Revenue": 630,
        "Gross Profit": 47,
        "Operating Income": 23,
        "EBIT": 55,
        "Net Income": 12
    },
    "2009-09-30": {
        "Diluted EPS": 0.23,
        "Total Revenue": 633,
        "Gross Profit": 73,
        "Operating Income": 49,
        "EBIT": 81,
        "Net Income": 30
    },
    "2009-06-30": {
        "Diluted EPS": 0.13,
        "Total Revenue": 575,
        "Gross Profit": 56,
        "Operating Income": 36,
        "EBIT": 67,
        "Net Income": 17
    },
    "2009-03-31": {
        "Diluted EPS": -0.05,
        "Total Revenue": 488,
        "Gross Profit": 20,
        "Operating Income": -1,
        "EBIT": 28,
        "Net Income": -6
    },
    "2023-09-30": {
        "Tax Effect Of Unusual Items": NaN,
        "Tax Rate For Calcs": NaN,
        "Normalized EBITDA": NaN,
        "Total Unusual Items": NaN,
        "Total Unusual Items Excluding Goodwill": NaN,
        "Net Income From Continuing Operation Net Minority Interest": NaN,
        "Reconciled Depreciation": NaN,
        "Reconciled Cost Of Revenue": NaN,
        "EBITDA": NaN,
        "EBIT": NaN,
        "Net Interest Income": NaN,
        "Interest Expense": NaN,
        "Interest Income": NaN,
        "Normalized Income": NaN,
        "Net Income From Continuing And Discontinued Operation": NaN,
        "Total Expenses": NaN,
        "Total Operating Income As Reported": NaN,
        "Diluted Average Shares": NaN,
        "Basic Average Shares": NaN,
        "Diluted EPS": NaN,
        "Basic EPS": NaN,
        "Diluted NI Availto Com Stockholders": NaN,
        "Net Income Common Stockholders": NaN,
        "Otherunder Preferred Stock Dividend": NaN,
        "Net Income": NaN,
        "Minority Interests": NaN,
        "Net Income Including Noncontrolling Interests": NaN,
        "Net Income Continuous Operations": NaN,
        "Tax Provision": NaN,
        "Pretax Income": NaN,
        "Other Income Expense": NaN,
        "Other Non Operating Income Expenses": NaN,
        "Special Income Charges": NaN,
        "Other Special Charges": -17000000.0,
        "Restructuring And Mergern Acquisition": NaN,
        "Net Non Operating Interest Income Expense": NaN,
        "Interest Expense Non Operating": NaN,
        "Interest Income Non Operating": NaN,
        "Operating Income": NaN,
        "Operating Expense": NaN,
        "Depreciation Amortization Depletion Income Statement": NaN,
        "Depreciation And Amortization In Income Statement": NaN,
        "Amortization": NaN,
        "Amortization Of Intangibles Income Statement": NaN,
        "Selling General And Administration": NaN,
        "General And Administrative Expense": 206000000.0,
        "Other Gand A": 206000000.0,
        "Gross Profit": NaN,
        "Cost Of Revenue": NaN,
        "Total Revenue": NaN,
        "Operating Revenue": NaN
    },
    "2023-12-31": {
        "Tax Effect Of Unusual Items": NaN,
        "Tax Rate For Calcs": NaN,
        "Normalized EBITDA": NaN,
        "Total Unusual Items": NaN,
        "Total Unusual Items Excluding Goodwill": NaN,
        "Net Income From Continuing Operation Net Minority Interest": NaN,
        "Reconciled Depreciation": NaN,
        "Reconciled Cost Of Revenue": NaN,
        "EBITDA": NaN,
        "EBIT": NaN,
        "Net Interest Income": NaN,
        "Interest Expense": NaN,
        "Interest Income": NaN,
        "Normalized Income": NaN,
        "Net Income From Continuing And Discontinued Operation": NaN,
        "Total Expenses": NaN,
        "Total Operating Income As Reported": NaN,
        "Diluted Average Shares": NaN,
        "Basic Average Shares": NaN,
        "Diluted EPS": NaN,
        "Basic EPS": NaN,
        "Diluted NI Availto Com Stockholders": NaN,
        "Net Income Common Stockholders": NaN,
        "Otherunder Preferred Stock Dividend": NaN,
        "Net Income": NaN,
        "Minority Interests": NaN,
        "Net Income Including Noncontrolling Interests": NaN,
        "Net Income Continuous Operations": NaN,
        "Tax Provision": NaN,
        "Pretax Income": NaN,
        "Other Income Expense": NaN,
        "Other Non Operating Income Expenses": NaN,
        "Special Income Charges": NaN,
        "Other Special Charges": NaN,
        "Restructuring And Mergern Acquisition": NaN,
        "Net Non Operating Interest Income Expense": NaN,
        "Interest Expense Non Operating": NaN,
        "Interest Income Non Operating": NaN,
        "Operating Income": NaN,
        "Operating Expense": NaN,
        "Depreciation Amortization Depletion Income Statement": NaN,
        "Depreciation And Amortization In Income Statement": NaN,
        "Amortization": NaN,
        "Amortization Of Intangibles Income Statement": NaN,
        "Selling General And Administration": NaN,
        "General And Administrative Expense": 224000000.0,
        "Other Gand A": 224000000.0,
        "Gross Profit": NaN,
        "Cost Of Revenue": NaN,
        "Total Revenue": NaN,
        "Operating Revenue": NaN
    },
    "2024-03-31": {
        "Tax Effect Of Unusual Items": -824034.334764,
        "Tax Rate For Calcs": 0.206009,
        "Normalized EBITDA": 550000000.0,
        "Total Unusual Items": -4000000.0,
        "Total Unusual Items Excluding Goodwill": -4000000.0,
        "Net Income From Continuing Operation Net Minority Interest": 174000000.0,
        "Reconciled Depreciation": 273000000.0,
        "Reconciled Cost Of Revenue": 2266000000.0,
        "EBITDA": 546000000.0,
        "EBIT": 273000000.0,
        "Net Interest Income": 0.0,
        "Interest Expense": 40000000.0,
        "Interest Income": 40000000.0,
        "Normalized Income": 177175965.665236,
        "Net Income From Continuing And Discontinued Operation": 174000000.0,
        "Total Expenses": 2748000000.0,
        "Total Operating Income As Reported": 223000000.0,
        "Diluted Average Shares": 129020370.0,
        "Basic Average Shares": 128359983.0,
        "Diluted EPS": 1.34,
        "Basic EPS": 1.35,
        "Diluted NI Availto Com Stockholders": 173000000.0,
        "Net Income Common Stockholders": 173000000.0,
        "Otherunder Preferred Stock Dividend": 1000000.0,
        "Net Income": 174000000.0,
        "Minority Interests": -11000000.0,
        "Net Income Including Noncontrolling Interests": 185000000.0,
        "Net Income Continuous Operations": 185000000.0,
        "Tax Provision": 48000000.0,
        "Pretax Income": 233000000.0,
        "Other Income Expense": 6000000.0,
        "Other Non Operating Income Expenses": 10000000.0,
        "Special Income Charges": -4000000.0,
        "Other Special Charges": NaN,
        "Restructuring And Mergern Acquisition": 4000000.0,
        "Net Non Operating Interest Income Expense": 0.0,
        "Interest Expense Non Operating": 40000000.0,
        "Interest Income Non Operating": 40000000.0,
        "Operating Income": 227000000.0,
        "Operating Expense": 239000000.0,
        "Depreciation Amortization Depletion Income Statement": 30000000.0,
        "Depreciation And Amortization In Income Statement": 30000000.0,
        "Amortization": 30000000.0,
        "Amortization Of Intangibles Income Statement": 30000000.0,
        "Selling General And Administration": 209000000.0,
        "General And Administrative Expense": NaN,
        "Other Gand A": NaN,
        "Gross Profit": 466000000.0,
        "Cost Of Revenue": 2509000000.0,
        "Total Revenue": 2975000000.0,
        "Operating Revenue": 2975000000.0
    },
    "2024-06-30": {
        "Tax Effect Of Unusual Items": 1428000.0,
        "Tax Rate For Calcs": 0.238,
        "Normalized EBITDA": 738000000.0,
        "Total Unusual Items": 6000000.0,
        "Total Unusual Items Excluding Goodwill": 6000000.0,
        "Net Income From Continuing Operation Net Minority Interest": 313000000.0,
        "Reconciled Depreciation": 279000000.0,
        "Reconciled Cost Of Revenue": 2294000000.0,
        "EBITDA": 744000000.0,
        "EBIT": 465000000.0,
        "Net Interest Income": -2000000.0,
        "Interest Expense": 41000000.0,
        "Interest Income": 39000000.0,
        "Normalized Income": 308428000.0,
        "Net Income From Continuing And Discontinued Operation": 313000000.0,
        "Total Expenses": 2797000000.0,
        "Total Operating Income As Reported": 406000000.0,
        "Diluted Average Shares": 129350720.0,
        "Basic Average Shares": 128576735.0,
        "Diluted EPS": 2.4,
        "Basic EPS": 2.42,
        "Diluted NI Availto Com Stockholders": 311000000.0,
        "Net Income Common Stockholders": 311000000.0,
        "Otherunder Preferred Stock Dividend": 2000000.0,
        "Net Income": 313000000.0,
        "Minority Interests": -10000000.0,
        "Net Income Including Noncontrolling Interests": 323000000.0,
        "Net Income Continuous Operations": 323000000.0,
        "Tax Provision": 101000000.0,
        "Pretax Income": 424000000.0,
        "Other Income Expense": 16000000.0,
        "Other Non Operating Income Expenses": 10000000.0,
        "Special Income Charges": 6000000.0,
        "Other Special Charges": -10000000.0,
        "Restructuring And Mergern Acquisition": 4000000.0,
        "Net Non Operating Interest Income Expense": -2000000.0,
        "Interest Expense Non Operating": 41000000.0,
        "Interest Income Non Operating": 39000000.0,
        "Operating Income": 410000000.0,
        "Operating Expense": 254000000.0,
        "Depreciation Amortization Depletion Income Statement": 30000000.0,
        "Depreciation And Amortization In Income Statement": 30000000.0,
        "Amortization": 30000000.0,
        "Amortization Of Intangibles Income Statement": 30000000.0,
        "Selling General And Administration": 224000000.0,
        "Gross Profit": 664000000.0,
        "Cost Of Revenue": 2543000000.0,
        "Total Revenue": 3207000000.0,
        "Operating Revenue": 3207000000.0
    },
    "2024-09-30": {
        "Tax Effect Of Unusual Items": -26325000.0,
        "Tax Rate For Calcs": 0.351,
        "Normalized EBITDA": 580000000.0,
        "Total Unusual Items": -75000000.0,
        "Total Unusual Items Excluding Goodwill": -75000000.0,
        "Net Income From Continuing Operation Net Minority Interest": 108000000.0,
        "Reconciled Depreciation": 281000000.0,
        "Reconciled Cost Of Revenue": 2366000000.0,
        "EBITDA": 505000000.0,
        "EBIT": 224000000.0,
        "Net Interest Income": 0.0,
        "Interest Expense": 39000000.0,
        "Interest Income": 39000000.0,
        "Normalized Income": 156675000.0,
        "Net Income From Continuing And Discontinued Operation": 108000000.0,
        "Total Expenses": 2862000000.0,
        "Total Operating Income As Reported": 180000000.0,
        "Diluted Average Shares": 129340461.0,
        "Basic Average Shares": 128638632.0,
        "Diluted EPS": 0.83,
        "Basic EPS": 0.84,
        "Diluted NI Availto Com Stockholders": 107000000.0,
        "Net Income Common Stockholders": 107000000.0,
        "Otherunder Preferred Stock Dividend": 1000000.0,
        "Net Income": 108000000.0,
        "Minority Interests": -12000000.0,
        "Net Income Including Noncontrolling Interests": 120000000.0,
        "Net Income Continuous Operations": 120000000.0,
        "Tax Provision": 65000000.0,
        "Pretax Income": 185000000.0,
        "Other Income Expense": -70000000.0,
        "Other Non Operating Income Expenses": 5000000.0,
        "Special Income Charges": -75000000.0,
        "Other Special Charges": NaN,
        "Restructuring And Mergern Acquisition": 75000000.0,
        "Net Non Operating Interest Income Expense": 0.0,
        "Interest Expense Non Operating": 39000000.0,
        "Interest Income Non Operating": 39000000.0,
        "Operating Income": 255000000.0,
        "Operating Expense": 244000000.0,
        "Depreciation Amortization Depletion Income Statement": 29000000.0,
        "Depreciation And Amortization In Income Statement": 29000000.0,
        "Amortization": 29000000.0,
        "Amortization Of Intangibles Income Statement": 29000000.0,
        "Selling General And Administration": 215000000.0,
        "Gross Profit": 499000000.0,
        "Cost Of Revenue": 2618000000.0,
        "Total Revenue": 3117000000.0,
        "Operating Revenue": 3117000000.0
    },
    "2024-12-31": {
        "Tax Effect Of Unusual Items": 210000.0,
        "Tax Rate For Calcs": 0.21,
        "Normalized EBITDA": 415000000.0,
        "Total Unusual Items": 1000000.0,
        "Total Unusual Items Excluding Goodwill": 1000000.0,
        "Net Income From Continuing Operation Net Minority Interest": 7000000.0,
        "Reconciled Depreciation": 281000000.0,
        "Reconciled Cost Of Revenue": 2262000000.0,
        "EBITDA": 416000000.0,
        "EBIT": 135000000.0,
        "Net Interest Income": -4000000.0,
        "Interest Expense": 39000000.0,
        "Interest Income": 35000000.0,
        "Normalized Income": 6210000.0,
        "Net Income From Continuing And Discontinued Operation": 7000000.0,
        "Total Expenses": 2769000000.0,
        "Total Operating Income As Reported": 66000000.0,
        "Diluted Average Shares": 129115674.0,
        "Basic Average Shares": 128564101.0,
        "Diluted EPS": 0.06,
        "Basic EPS": 0.06,
        "Diluted NI Availto Com Stockholders": 7000000.0,
        "Net Income Common Stockholders": 7000000.0,
        "Otherunder Preferred Stock Dividend": 0.0,
        "Net Income": 7000000.0,
        "Minority Interests": -12000000.0,
        "Net Income Including Noncontrolling Interests": 19000000.0,
        "Net Income Continuous Operations": 19000000.0,
        "Tax Provision": 77000000.0,
        "Pretax Income": 96000000.0,
        "Other Income Expense": 26000000.0,
        "Other Non Operating Income Expenses": 7000000.0,
        "Special Income Charges": 1000000.0,
        "Other Special Charges": NaN,
        "Restructuring And Mergern Acquisition": 8000000.0,
        "Net Non Operating Interest Income Expense": -4000000.0,
        "Interest Expense Non Operating": 39000000.0,
        "Interest Income Non Operating": 35000000.0,
        "Operating Income": 74000000.0,
        "Operating Expense": 254000000.0,
        "Depreciation Amortization Depletion Income Statement": 28000000.0,
        "Depreciation And Amortization In Income Statement": 28000000.0,
        "Amortization": 28000000.0,
        "Amortization Of Intangibles Income Statement": 28000000.0,
        "Selling General And Administration": 226000000.0,
        "Gross Profit": 328000000.0,
        "Cost Of Revenue": 2515000000.0,
        "Total Revenue": 2843000000.0,
        "Operating Revenue": 2843000000.0
    },
    "2025-03-31": {
        "Tax Effect Of Unusual Items": -1470000.0,
        "Tax Rate For Calcs": 0.21,
        "Normalized EBITDA": 295000000.0,
        "Total Unusual Items": -7000000.0,
        "Total Unusual Items Excluding Goodwill": -7000000.0,
        "Net Income From Continuing Operation Net Minority Interest": -40000000.0,
        "Reconciled Depreciation": 283000000.0,
        "Reconciled Cost Of Revenue": 2361000000.0,
        "EBITDA": 288000000.0,
        "EBIT": 5000000.0,
        "Net Interest Income": -10000000.0,
        "Interest Expense": 39000000.0,
        "Interest Income": 29000000.0,
        "Normalized Income": -34470000.0,
        "Net Income From Continuing And Discontinued Operation": -40000000.0,
        "Total Expenses": 2871000000.0,
        "Total Operating Income As Reported": -32000000.0,
        "Diluted Average Shares": 128308537.0,
        "Basic Average Shares": 128308537.0,
        "Diluted EPS": -0.31,
        "Basic EPS": -0.31,
        "Diluted NI Availto Com Stockholders": -40000000.0,
        "Net Income Common Stockholders": -40000000.0,
        "Otherunder Preferred Stock Dividend": 0.0,
        "Net Income": -40000000.0,
        "Minority Interests": -5000000.0,
        "Net Income Including Noncontrolling Interests": -35000000.0,
        "Net Income Continuous Operations": -35000000.0,
        "Tax Provision": 1000000.0,
        "Pretax Income": -34000000.0,
        "Other Income Expense": 1000000.0,
        "Other Non Operating Income Expenses": 8000000.0,
        "Special Income Charges": -7000000.0,
        "Other Special Charges": NaN,
        "Restructuring And Mergern Acquisition": 7000000.0,
        "Net Non Operating Interest Income Expense": -10000000.0,
        "Interest Expense Non Operating": 39000000.0,
        "Interest Income Non Operating": 29000000.0,
        "Operating Income": -25000000.0,
        "Operating Expense": 257000000.0,
        "Depreciation Amortization Depletion Income Statement": 30000000.0,
        "Depreciation And Amortization In Income Statement": 30000000.0,
        "Amortization": 30000000.0,
        "Amortization Of Intangibles Income Statement": 30000000.0,
        "Selling General And Administration": 227000000.0,
        "Gross Profit": 232000000.0,
        "Cost Of Revenue": 2614000000.0,
        "Total Revenue": 2846000000.0,
        "Operating Revenue": 2846000000.0
    },
    "2025-06-30": {
        "Tax Effect Of Unusual Items": -24150000.0,
        "Tax Rate For Calcs": 0.21,
        "Normalized EBITDA": 325000000.0,
        "Total Unusual Items": -115000000.0,
        "Total Unusual Items Excluding Goodwill": -115000000.0,
        "Net Income From Continuing Operation Net Minority Interest": -142000000.0,
        "Reconciled Depreciation": 295000000.0,
        "Reconciled Cost Of Revenue": 2431000000.0,
        "EBITDA": 210000000.0,
        "EBIT": -85000000.0,
        "Net Interest Income": -15000000.0,
        "Interest Expense": 40000000.0,
        "Interest Income": 25000000.0,
        "Normalized Income": -51150000.0,
        "Net Income From Continuing And Discontinued Operation": -142000000.0,
        "Total Expenses": 2947000000.0,
        "Total Operating Income As Reported": -109000000.0,
        "Diluted Average Shares": 128238514.0,
        "Basic Average Shares": 128238514.0,
        "Diluted EPS": -1.11,
        "Basic EPS": -1.099514,
        "Diluted NI Availto Com Stockholders": -141000000.0,
        "Net Income Common Stockholders": -141000000.0,
        "Otherunder Preferred Stock Dividend": -1000000.0,
        "Net Income": -142000000.0,
        "Minority Interests": -11000000.0,
        "Net Income Including Noncontrolling Interests": -131000000.0,
        "Net Income Continuous Operations": -131000000.0,
        "Tax Provision": 6000000.0,
        "Pretax Income": -125000000.0,
        "Other Income Expense": -116000000.0,
        "Other Non Operating Income Expenses": -1000000.0,
        "Special Income Charges": -115000000.0,
        "Other Special Charges": NaN,
        "Restructuring And Mergern Acquisition": 115000000.0,
        "Net Non Operating Interest Income Expense": -15000000.0,
        "Interest Expense Non Operating": 40000000.0,
        "Interest Income Non Operating": 25000000.0,
        "Operating Income": 6000000.0,
        "Operating Expense": 252000000.0,
        "Depreciation Amortization Depletion Income Statement": 31000000.0,
        "Depreciation And Amortization In Income Statement": 31000000.0,
        "Amortization": 31000000.0,
        "Amortization Of Intangibles Income Statement": 31000000.0,
        "Selling General And Administration": 221000000.0,
        "Gross Profit": 258000000.0,
        "Cost Of Revenue": 2695000000.0,
        "Total Revenue": 2953000000.0,
        "Operating Revenue": 2953000000.0
    }
}