{
    "2023-04-30": {
        "Tax Effect Of Unusual Items": NaN,
        "Tax Rate For Calcs": NaN,
        "Normalized EBITDA": NaN,
        "Total Unusual Items": NaN,
        "Total Unusual Items Excluding Goodwill": NaN,
        "Net Income From Continuing Operation Net Minority Interest": NaN,
        "Reconciled Depreciation": NaN,
        "Reconciled Cost Of Revenue": NaN,
        "EBITDA": NaN,
        "EBIT": NaN,
        "Net Interest Income": NaN,
        "Interest Expense": NaN,
        "Normalized Income": NaN,
        "Net Income From Continuing And Discontinued Operation": NaN,
        "Total Expenses": NaN,
        "Total Operating Income As Reported": NaN,
        "Diluted Average Shares": NaN,
        "Basic Average Shares": NaN,
        "Diluted EPS": NaN,
        "Basic EPS": NaN,
        "Diluted NI Availto Com Stockholders": NaN,
        "Net Income Common Stockholders": NaN,
        "Net Income": NaN,
        "Net Income Including Noncontrolling Interests": NaN,
        "Net Income Continuous Operations": NaN,
        "Tax Provision": NaN,
        "Pretax Income": NaN,
        "Other Income Expense": NaN,
        "Other Non Operating Income Expenses": NaN,
        "Special Income Charges": NaN,
        "Gain On Sale Of Business": NaN,
        "Impairment Of Capital Assets": NaN,
        "Restructuring And Mergern Acquisition": NaN,
        "Gain On Sale Of Security": NaN,
        "Net Non Operating Interest Income Expense": NaN,
        "Interest Expense Non Operating": NaN,
        "Operating Income": NaN,
        "Operating Expense": NaN,
        "Other Operating Expenses": 245821000.0,
        "Depreciation Amortization Depletion Income Statement": NaN,
        "Depreciation And Amortization In Income Statement": NaN,
        "Amortization": NaN,
        "Amortization Of Intangibles Income Statement": NaN,
        "Selling General And Administration": 245821000.0,
        "General And Administrative Expense": 245821000.0,
        "Other Gand A": 245821000.0,
        "Gross Profit": NaN,
        "Cost Of Revenue": NaN,
        "Total Revenue": NaN,
        "Operating Revenue": NaN
    },
    "2023-01-31": {
        "Tax Effect Of Unusual Items": NaN,
        "Tax Rate For Calcs": NaN,
        "Normalized EBITDA": NaN,
        "Total Unusual Items": NaN,
        "Total Unusual Items Excluding Goodwill": NaN,
        "Net Income From Continuing Operation Net Minority Interest": NaN,
        "Reconciled Depreciation": NaN,
        "Reconciled Cost Of Revenue": NaN,
        "EBITDA": NaN,
        "EBIT": NaN,
        "Net Interest Income": NaN,
        "Interest Expense": NaN,
        "Normalized Income": NaN,
        "Net Income From Continuing And Discontinued Operation": NaN,
        "Total Expenses": NaN,
        "Total Operating Income As Reported": NaN,
        "Diluted Average Shares": NaN,
        "Basic Average Shares": NaN,
        "Diluted EPS": NaN,
        "Basic EPS": NaN,
        "Diluted NI Availto Com Stockholders": NaN,
        "Net Income Common Stockholders": NaN,
        "Net Income": NaN,
        "Net Income Including Noncontrolling Interests": NaN,
        "Net Income Continuous Operations": NaN,
        "Tax Provision": NaN,
        "Pretax Income": NaN,
        "Other Income Expense": NaN,
        "Other Non Operating Income Expenses": NaN,
        "Special Income Charges": NaN,
        "Gain On Sale Of Ppe": 0.0,
        "Gain On Sale Of Business": 0.0,
        "Impairment Of Capital Assets": NaN,
        "Restructuring And Mergern Acquisition": NaN,
        "Gain On Sale Of Security": NaN,
        "Net Non Operating Interest Income Expense": NaN,
        "Interest Expense Non Operating": NaN,
        "Operating Income": NaN,
        "Operating Expense": NaN,
        "Other Operating Expenses": 255798000.0,
        "Depreciation Amortization Depletion Income Statement": NaN,
        "Depreciation And Amortization In Income Statement": NaN,
        "Amortization": NaN,
        "Amortization Of Intangibles Income Statement": NaN,
        "Selling General And Administration": 255798000.0,
        "General And Administrative Expense": 255798000.0,
        "Other Gand A": 255798000.0,
        "Gross Profit": NaN,
        "Cost Of Revenue": NaN,
        "Total Revenue": NaN,
        "Operating Revenue": NaN
    },
    "2022-10-31": {
        "Tax Effect Of Unusual Items": NaN,
        "Tax Rate For Calcs": NaN,
        "Normalized EBITDA": NaN,
        "Total Unusual Items": NaN,
        "Total Unusual Items Excluding Goodwill": NaN,
        "Net Income From Continuing Operation Net Minority Interest": NaN,
        "Reconciled Depreciation": NaN,
        "Reconciled Cost Of Revenue": NaN,
        "EBITDA": NaN,
        "EBIT": NaN,
        "Net Interest Income": NaN,
        "Interest Expense": NaN,
        "Normalized Income": NaN,
        "Net Income From Continuing And Discontinued Operation": NaN,
        "Total Expenses": NaN,
        "Total Operating Income As Reported": NaN,
        "Diluted Average Shares": NaN,
        "Basic Average Shares": NaN,
        "Diluted EPS": NaN,
        "Basic EPS": NaN,
        "Diluted NI Availto Com Stockholders": NaN,
        "Net Income Common Stockholders": NaN,
        "Net Income": NaN,
        "Net Income Including Noncontrolling Interests": NaN,
        "Net Income Continuous Operations": NaN,
        "Tax Provision": NaN,
        "Pretax Income": NaN,
        "Other Income Expense": NaN,
        "Other Non Operating Income Expenses": NaN,
        "Special Income Charges": NaN,
        "Gain On Sale Of Ppe": 0.0,
        "Gain On Sale Of Business": NaN,
        "Impairment Of Capital Assets": NaN,
        "Restructuring And Mergern Acquisition": NaN,
        "Gain On Sale Of Security": NaN,
        "Net Non Operating Interest Income Expense": NaN,
        "Interest Expense Non Operating": NaN,
        "Operating Income": NaN,
        "Operating Expense": NaN,
        "Other Operating Expenses": 253029000.0,
        "Depreciation Amortization Depletion Income Statement": NaN,
        "Depreciation And Amortization In Income Statement": NaN,
        "Amortization": NaN,
        "Amortization Of Intangibles Income Statement": NaN,
        "Selling General And Administration": NaN,
        "General And Administrative Expense": NaN,
        "Other Gand A": NaN,
        "Gross Profit": NaN,
        "Cost Of Revenue": NaN,
        "Total Revenue": NaN,
        "Operating Revenue": NaN
    },
    "2022-07-31": {
        "Tax Effect Of Unusual Items": -5464509.0,
        "Tax Rate For Calcs": 0.237,
        "Normalized EBITDA": 64281000.0,
        "Total Unusual Items": -23057000.0,
        "Total Unusual Items Excluding Goodwill": -23057000.0,
        "Net Income From Continuing Operation Net Minority Interest": -17835000.0,
        "Reconciled Depreciation": 58279000.0,
        "Reconciled Cost Of Revenue": 141063000.0,
        "EBITDA": 41224000.0,
        "EBIT": -17055000.0,
        "Net Interest Income": -6332000.0,
        "Interest Expense": 6332000.0,
        "Normalized Income": -242509.0,
        "Net Income From Continuing And Discontinued Operation": -17835000.0,
        "Total Expenses": 482093000.0,
        "Total Operating Income As Reported": -16965000.0,
        "Diluted Average Shares": 55736000.0,
        "Basic Average Shares": 55736000.0,
        "Diluted EPS": -0.32,
        "Basic EPS": -0.32,
        "Diluted NI Availto Com Stockholders": -17835000.0,
        "Net Income Common Stockholders": -17835000.0,
        "Net Income": -17835000.0,
        "Net Income Including Noncontrolling Interests": -17835000.0,
        "Net Income Continuous Operations": -17835000.0,
        "Tax Provision": -5552000.0,
        "Pretax Income": -23387000.0,
        "Other Income Expense": -22531000.0,
        "Other Non Operating Income Expenses": 526000.0,
        "Special Income Charges": -22441000.0,
        "Gain On Sale Of Ppe": 0.0,
        "Write Off": NaN,
        "Impairment Of Capital Assets": NaN,
        "Restructuring And Mergern Acquisition": 22441000.0,
        "Gain On Sale Of Security": -616000.0,
        "Net Non Operating Interest Income Expense": -6332000.0,
        "Interest Expense Non Operating": 6332000.0,
        "Operating Income": 5476000.0,
        "Operating Expense": 308062000.0,
        "Other Operating Expenses": 282751000.0,
        "Depreciation Amortization Depletion Income Statement": 25311000.0,
        "Depreciation And Amortization In Income Statement": 25311000.0,
        "Amortization": 25311000.0,
        "Amortization Of Intangibles Income Statement": 25311000.0,
        "Selling General And Administration": 282751000.0,
        "General And Administrative Expense": 282751000.0,
        "Other Gand A": 282751000.0,
        "Gross Profit": 313538000.0,
        "Cost Of Revenue": 174031000.0,
        "Total Revenue": 487569000.0,
        "Operating Revenue": 487569000.0
    },
    "2022-04-30": {
        "Diluted EPS": 0.76,
        "Total Revenue": 546,
        "Gross Profit": 359,
        "Operating Income": 58,
        "EBIT": 111,
        "Net Income": 43
    },
    "2022-01-31": {
        "Diluted EPS": 0.63,
        "Total Revenue": 516,
        "Gross Profit": 343,
        "Operating Income": 46,
        "EBIT": 99,
        "Net Income": 35
    },
    "2021-10-31": {
        "Diluted EPS": 0.99,
        "Total Revenue": 533,
        "Gross Profit": 358,
        "Operating Income": 74,
        "EBIT": 128,
        "Net Income": 56
    },
    "2021-07-31": {
        "Diluted EPS": 0.24,
        "Total Revenue": 488,
        "Gross Profit": 322,
        "Operating Income": 41,
        "EBIT": 96,
        "Net Income": 14
    },
    "2021-04-30": {
        "Diluted EPS": 0.73,
        "Total Revenue": 536,
        "Gross Profit": 368,
        "Operating Income": 51,
        "EBIT": 104,
        "Net Income": 41
    },
    "2021-01-31": {
        "Diluted EPS": 0.39,
        "Total Revenue": 483,
        "Gross Profit": 325,
        "Operating Income": 34,
        "EBIT": 84,
        "Net Income": 22
    },
    "2020-10-31": {
        "Diluted EPS": 1.22,
        "Total Revenue": 491,
        "Gross Profit": 336,
        "Operating Income": 70,
        "EBIT": 118,
        "Net Income": 68
    },
    "2020-07-31": {
        "Diluted EPS": 0.29,
        "Total Revenue": 431,
        "Gross Profit": 287,
        "Operating Income": 30,
        "EBIT": 80,
        "Net Income": 16
    },
    "2020-04-30": {
        "Diluted EPS": -2.8,
        "Total Revenue": 475,
        "Gross Profit": 324,
        "Operating Income": -171,
        "EBIT": -124,
        "Net Income": -158
    },
    "2020-01-31": {
        "Diluted EPS": 0.63,
        "Total Revenue": 467,
        "Gross Profit": 313,
        "Operating Income": 48,
        "EBIT": 92,
        "Net Income": 35
    },
    "2019-10-31": {
        "Diluted EPS": 0.79,
        "Total Revenue": 466,
        "Gross Profit": 323,
        "Operating Income": 63,
        "EBIT": 106,
        "Net Income": 45
    },
    "2019-07-31": {
        "Diluted EPS": 0.06,
        "Total Revenue": 424,
        "Gross Profit": 280,
        "Operating Income": 5,
        "EBIT": 47,
        "Net Income": 4
    },
    "2019-04-30": {
        "Diluted EPS": 1.09,
        "Total Revenue": 491,
        "Gross Profit": 341,
        "Operating Income": 80,
        "EBIT": 122,
        "Net Income": 63
    },
    "2019-01-31": {
        "Diluted EPS": 0.61,
        "Total Revenue": 449,
        "Gross Profit": 305,
        "Operating Income": 50,
        "EBIT": 90,
        "Net Income": 35
    },
    "2018-10-31": {
        "Diluted EPS": 0.76,
        "Total Revenue": 449,
        "Gross Profit": 316,
        "Operating Income": 57,
        "EBIT": 97,
        "Net Income": 44
    },
    "2018-07-31": {
        "Diluted EPS": 0.45,
        "Total Revenue": 411,
        "Gross Profit": 283,
        "Operating Income": 36,
        "EBIT": 76,
        "Net Income": 26
    },
    "2018-04-30": {
        "Diluted EPS": 0.93,
        "Total Revenue": 477,
        "Gross Profit": 317,
        "Operating Income": 73,
        "EBIT": 112,
        "Net Income": 54
    },
    "2018-01-31": {
        "Diluted EPS": 1.19,
        "Total Revenue": 456,
        "Gross Profit": 319,
        "Operating Income": 65,
        "EBIT": 101,
        "Net Income": 69
    },
    "2017-10-31": {
        "Diluted EPS": 1.04,
        "Total Revenue": 452,
        "Gross Profit": 332,
        "Operating Income": 81,
        "EBIT": 119,
        "Net Income": 60
    },
    "2017-07-31": {
        "Diluted EPS": 0.16,
        "Total Revenue": 411,
        "Gross Profit": 297,
        "Operating Income": 13,
        "EBIT": 53,
        "Net Income": 9
    },
    "2017-04-30": {
        "Diluted EPS": 0.8,
        "Total Revenue": 452,
        "Gross Profit": 293,
        "Operating Income": 69,
        "EBIT": 108,
        "Net Income": 47
    },
    "2017-01-31": {
        "Diluted EPS": 0.82,
        "Total Revenue": 436,
        "Gross Profit": 320,
        "Operating Income": 51,
        "EBIT": 91,
        "Net Income": 47
    },
    "2016-10-31": {
        "Diluted EPS": -0.2,
        "Total Revenue": 426,
        "Gross Profit": 314,
        "Operating Income": 48,
        "EBIT": 86,
        "Net Income": -11
    },
    "2016-07-31": {
        "Diluted EPS": 0.53,
        "Total Revenue": 404,
        "Gross Profit": 291,
        "Operating Income": 44,
        "EBIT": 83,
        "Net Income": 31
    },
    "2016-04-30": {
        "Diluted EPS": 0.58,
        "Total Revenue": 434,
        "Gross Profit": 325,
        "Operating Income": 43,
        "EBIT": 81,
        "Net Income": 34
    },
    "2016-01-31": {
        "Diluted EPS": 0.61,
        "Total Revenue": 436,
        "Gross Profit": 316,
        "Operating Income": 40,
        "EBIT": 80,
        "Net Income": 36
    },
    "2015-10-31": {
        "Diluted EPS": 0.74,
        "Total Revenue": 433,
        "Gross Profit": 317,
        "Operating Income": 60,
        "EBIT": 100,
        "Net Income": 44
    },
    "2015-07-31": {
        "Diluted EPS": 0.55,
        "Total Revenue": 423,
        "Gross Profit": 303,
        "Operating Income": 45,
        "EBIT": 83,
        "Net Income": 32
    },
    "2015-04-30": {
        "Diluted EPS": 0.79,
        "Total Revenue": 442,
        "Gross Profit": 325,
        "Operating Income": 58,
        "EBIT": 96,
        "Net Income": 47
    },
    "2015-01-31": {
        "Diluted EPS": 0.72,
        "Total Revenue": 466,
        "Gross Profit": 342,
        "Operating Income": 54,
        "EBIT": 93,
        "Net Income": 43
    },
    "2014-10-31": {
        "Diluted EPS": 0.9,
        "Total Revenue": 477,
        "Gross Profit": 342,
        "Operating Income": 76,
        "EBIT": 115,
        "Net Income": 54
    },
    "2014-07-31": {
        "Diluted EPS": 0.56,
        "Total Revenue": 438,
        "Gross Profit": 314,
        "Operating Income": 50,
        "EBIT": 87,
        "Net Income": 34
    },
    "2014-04-30": {
        "Diluted EPS": 0.6,
        "Total Revenue": 457,
        "Gross Profit": 331,
        "Operating Income": 48,
        "EBIT": 85,
        "Net Income": 36
    },
    "2014-01-31": {
        "Diluted EPS": 0.88,
        "Total Revenue": 458,
        "Gross Profit": 327,
        "Operating Income": 73,
        "EBIT": 110,
        "Net Income": 52
    },
    "2013-10-31": {
        "Diluted EPS": 0.61,
        "Total Revenue": 449,
        "Gross Profit": 319,
        "Operating Income": 50,
        "EBIT": 87,
        "Net Income": 36
    },
    "2013-07-31": {
        "Diluted EPS": 0.61,
        "Total Revenue": 411,
        "Gross Profit": 291,
        "Operating Income": 36,
        "EBIT": 72,
        "Net Income": 36
    },
    "2013-04-30": {
        "Diluted EPS": 0.13,
        "Total Revenue": 446,
        "Gross Profit": 312,
        "Operating Income": 14,
        "EBIT": 53,
        "Net Income": 8
    },
    "2013-01-31": {
        "Diluted EPS": 0.95,
        "Total Revenue": 472,
        "Gross Profit": 331,
        "Operating Income": 84,
        "EBIT": 123,
        "Net Income": 57
    },
    "2012-10-31": {
        "Diluted EPS": 0.71,
        "Total Revenue": 432,
        "Gross Profit": 302,
        "Operating Income": 63,
        "EBIT": 98,
        "Net Income": 43
    },
    "2012-07-31": {
        "Diluted EPS": 0.6,
        "Total Revenue": 411,
        "Gross Profit": 283,
        "Operating Income": 39,
        "EBIT": 75,
        "Net Income": 36
    },
    "2012-04-30": {
        "Diluted EPS": 0.79,
        "Total Revenue": 455,
        "Gross Profit": 316,
        "Operating Income": 70,
        "EBIT": 107,
        "Net Income": 48
    },
    "2012-01-31": {
        "Diluted EPS": 1.03,
        "Total Revenue": 451,
        "Gross Profit": 309,
        "Operating Income": 78,
        "EBIT": 113,
        "Net Income": 63
    },
    "2011-10-31": {
        "Diluted EPS": 0.83,
        "Total Revenue": 447,
        "Gross Profit": 314,
        "Operating Income": 72,
        "EBIT": 105,
        "Net Income": 51
    },
    "2011-07-31": {
        "Diluted EPS": 0.82,
        "Total Revenue": 430,
        "Gross Profit": 300,
        "Operating Income": 60,
        "EBIT": 93,
        "Net Income": 51
    },
    "2011-04-30": {
        "Diluted EPS": 0.46,
        "Total Revenue": 445,
        "Gross Profit": 309,
        "Operating Income": 38,
        "EBIT": 73,
        "Net Income": 29
    },
    "2011-01-31": {
        "Diluted EPS": 0.74,
        "Total Revenue": 448,
        "Gross Profit": 310,
        "Operating Income": 70,
        "EBIT": 103,
        "Net Income": 46
    },
    "2010-10-31": {
        "Diluted EPS": 0.88,
        "Total Revenue": 442,
        "Gross Profit": 302,
        "Operating Income": 78,
        "EBIT": 110,
        "Net Income": 54
    },
    "2010-07-31": {
        "Diluted EPS": 0.72,
        "Total Revenue": 408,
        "Gross Profit": 283,
        "Operating Income": 63,
        "EBIT": 94,
        "Net Income": 44
    },
    "2010-04-30": {
        "Diluted EPS": 0.47,
        "Total Revenue": 436,
        "Gross Profit": 295,
        "Operating Income": 43,
        "EBIT": 75,
        "Net Income": 28
    },
    "2010-01-31": {
        "Diluted EPS": 0.71,
        "Total Revenue": 427,
        "Gross Profit": 294,
        "Operating Income": 68,
        "EBIT": 99,
        "Net Income": 42
    },
    "2009-10-31": {
        "Diluted EPS": 0.78,
        "Total Revenue": 448,
        "Gross Profit": 309,
        "Operating Income": 75,
        "EBIT": 105,
        "Net Income": 46
    },
    "2009-07-31": {
        "Diluted EPS": 0.45,
        "Total Revenue": 388,
        "Gross Profit": 267,
        "Operating Income": 56,
        "EBIT": 86,
        "Net Income": 27
    },
    "2009-04-30": {
        "Diluted EPS": 0.41,
        "Total Revenue": 403,
        "Gross Profit": 274,
        "Operating Income": 41,
        "EBIT": 69,
        "Net Income": 24
    },
    "2009-01-31": {
        "Diluted EPS": 0.57,
        "Total Revenue": 374,
        "Gross Profit": 251,
        "Operating Income": 63,
        "EBIT": 92,
        "Net Income": 33
    },
    "2023-07-31": {
        "Tax Effect Of Unusual Items": NaN,
        "Tax Rate For Calcs": NaN,
        "Normalized EBITDA": NaN,
        "Total Unusual Items": NaN,
        "Total Unusual Items Excluding Goodwill": NaN,
        "Net Income From Continuing Operation Net Minority Interest": NaN,
        "Reconciled Depreciation": NaN,
        "Reconciled Cost Of Revenue": NaN,
        "EBITDA": NaN,
        "EBIT": NaN,
        "Net Interest Income": NaN,
        "Interest Expense": NaN,
        "Normalized Income": NaN,
        "Net Income From Continuing And Discontinued Operation": NaN,
        "Total Expenses": NaN,
        "Total Operating Income As Reported": NaN,
        "Diluted Average Shares": NaN,
        "Basic Average Shares": NaN,
        "Diluted EPS": NaN,
        "Basic EPS": NaN,
        "Diluted NI Availto Com Stockholders": NaN,
        "Net Income Common Stockholders": NaN,
        "Net Income": NaN,
        "Net Income Including Noncontrolling Interests": NaN,
        "Net Income Continuous Operations": NaN,
        "Tax Provision": NaN,
        "Pretax Income": NaN,
        "Other Income Expense": NaN,
        "Other Non Operating Income Expenses": NaN,
        "Special Income Charges": NaN,
        "Gain On Sale Of Business": -75929000.0,
        "Impairment Of Capital Assets": NaN,
        "Restructuring And Mergern Acquisition": NaN,
        "Gain On Sale Of Security": NaN,
        "Net Non Operating Interest Income Expense": NaN,
        "Interest Expense Non Operating": NaN,
        "Operating Income": NaN,
        "Operating Expense": NaN,
        "Other Operating Expenses": NaN,
        "Depreciation Amortization Depletion Income Statement": NaN,
        "Depreciation And Amortization In Income Statement": NaN,
        "Amortization": NaN,
        "Amortization Of Intangibles Income Statement": NaN,
        "Selling General And Administration": NaN,
        "General And Administrative Expense": NaN,
        "Other Gand A": NaN,
        "Gross Profit": NaN,
        "Cost Of Revenue": NaN,
        "Total Revenue": NaN,
        "Operating Revenue": NaN
    },
    "2023-10-31": {
        "Tax Effect Of Unusual Items": NaN,
        "Tax Rate For Calcs": NaN,
        "Normalized EBITDA": NaN,
        "Total Unusual Items": NaN,
        "Total Unusual Items Excluding Goodwill": NaN,
        "Net Income From Continuing Operation Net Minority Interest": NaN,
        "Reconciled Depreciation": NaN,
        "Reconciled Cost Of Revenue": NaN,
        "EBITDA": NaN,
        "EBIT": NaN,
        "Net Interest Income": NaN,
        "Interest Expense": NaN,
        "Normalized Income": NaN,
        "Net Income From Continuing And Discontinued Operation": NaN,
        "Total Expenses": NaN,
        "Total Operating Income As Reported": NaN,
        "Diluted Average Shares": NaN,
        "Basic Average Shares": NaN,
        "Diluted EPS": NaN,
        "Basic EPS": NaN,
        "Diluted NI Availto Com Stockholders": NaN,
        "Net Income Common Stockholders": NaN,
        "Net Income": NaN,
        "Net Income Including Noncontrolling Interests": NaN,
        "Net Income Continuous Operations": NaN,
        "Tax Provision": NaN,
        "Pretax Income": NaN,
        "Other Income Expense": NaN,
        "Other Non Operating Income Expenses": NaN,
        "Special Income Charges": NaN,
        "Gain On Sale Of Business": NaN,
        "Impairment Of Capital Assets": NaN,
        "Restructuring And Mergern Acquisition": NaN,
        "Gain On Sale Of Security": NaN,
        "Net Non Operating Interest Income Expense": NaN,
        "Interest Expense Non Operating": NaN,
        "Operating Income": NaN,
        "Operating Expense": NaN,
        "Other Operating Expenses": NaN,
        "Depreciation Amortization Depletion Income Statement": NaN,
        "Depreciation And Amortization In Income Statement": NaN,
        "Amortization": NaN,
        "Amortization Of Intangibles Income Statement": NaN,
        "Selling General And Administration": 252282000.0,
        "General And Administrative Expense": 252282000.0,
        "Other Gand A": 252282000.0,
        "Gross Profit": NaN,
        "Cost Of Revenue": NaN,
        "Total Revenue": NaN,
        "Operating Revenue": NaN
    },
    "2024-01-31": {
        "Tax Effect Of Unusual Items": NaN,
        "Tax Rate For Calcs": NaN,
        "Normalized EBITDA": NaN,
        "Total Unusual Items": NaN,
        "Total Unusual Items Excluding Goodwill": NaN,
        "Net Income From Continuing Operation Net Minority Interest": NaN,
        "Reconciled Depreciation": NaN,
        "Reconciled Cost Of Revenue": NaN,
        "EBITDA": NaN,
        "EBIT": NaN,
        "Net Interest Income": NaN,
        "Interest Expense": NaN,
        "Normalized Income": NaN,
        "Net Income From Continuing And Discontinued Operation": NaN,
        "Total Expenses": NaN,
        "Total Operating Income As Reported": NaN,
        "Diluted Average Shares": NaN,
        "Basic Average Shares": NaN,
        "Diluted EPS": NaN,
        "Basic EPS": NaN,
        "Diluted NI Availto Com Stockholders": NaN,
        "Net Income Common Stockholders": NaN,
        "Net Income": NaN,
        "Net Income Including Noncontrolling Interests": NaN,
        "Net Income Continuous Operations": NaN,
        "Tax Provision": NaN,
        "Pretax Income": NaN,
        "Other Income Expense": NaN,
        "Other Non Operating Income Expenses": NaN,
        "Special Income Charges": NaN,
        "Gain On Sale Of Business": NaN,
        "Impairment Of Capital Assets": NaN,
        "Restructuring And Mergern Acquisition": NaN,
        "Gain On Sale Of Security": NaN,
        "Net Non Operating Interest Income Expense": NaN,
        "Interest Expense Non Operating": NaN,
        "Operating Income": NaN,
        "Operating Expense": NaN,
        "Other Operating Expenses": NaN,
        "Depreciation Amortization Depletion Income Statement": NaN,
        "Depreciation And Amortization In Income Statement": NaN,
        "Amortization": NaN,
        "Amortization Of Intangibles Income Statement": NaN,
        "Selling General And Administration": 253375000.0,
        "General And Administrative Expense": 253375000.0,
        "Other Gand A": 253375000.0,
        "Gross Profit": NaN,
        "Cost Of Revenue": NaN,
        "Total Revenue": NaN,
        "Operating Revenue": NaN
    },
    "2024-04-30": {
        "Tax Effect Of Unusual Items": NaN,
        "Tax Rate For Calcs": NaN,
        "Normalized EBITDA": NaN,
        "Total Unusual Items": NaN,
        "Total Unusual Items Excluding Goodwill": NaN,
        "Net Income From Continuing Operation Net Minority Interest": NaN,
        "Reconciled Depreciation": NaN,
        "Reconciled Cost Of Revenue": NaN,
        "EBITDA": NaN,
        "EBIT": NaN,
        "Net Interest Income": NaN,
        "Interest Expense": NaN,
        "Normalized Income": NaN,
        "Net Income From Continuing And Discontinued Operation": NaN,
        "Total Expenses": NaN,
        "Total Operating Income As Reported": NaN,
        "Diluted Average Shares": NaN,
        "Basic Average Shares": NaN,
        "Diluted EPS": NaN,
        "Basic EPS": NaN,
        "Diluted NI Availto Com Stockholders": NaN,
        "Net Income Common Stockholders": NaN,
        "Net Income": NaN,
        "Net Income Including Noncontrolling Interests": NaN,
        "Net Income Continuous Operations": NaN,
        "Tax Provision": NaN,
        "Pretax Income": NaN,
        "Other Income Expense": NaN,
        "Other Non Operating Income Expenses": NaN,
        "Special Income Charges": NaN,
        "Gain On Sale Of Business": NaN,
        "Impairment Of Capital Assets": 0.0,
        "Restructuring And Mergern Acquisition": NaN,
        "Gain On Sale Of Security": NaN,
        "Net Non Operating Interest Income Expense": NaN,
        "Interest Expense Non Operating": NaN,
        "Operating Income": NaN,
        "Operating Expense": NaN,
        "Other Operating Expenses": NaN,
        "Depreciation Amortization Depletion Income Statement": NaN,
        "Depreciation And Amortization In Income Statement": NaN,
        "Amortization": NaN,
        "Amortization Of Intangibles Income Statement": NaN,
        "Selling General And Administration": 252062000.0,
        "General And Administrative Expense": 252062000.0,
        "Other Gand A": 252062000.0,
        "Gross Profit": NaN,
        "Cost Of Revenue": NaN,
        "Total Revenue": NaN,
        "Operating Revenue": NaN
    },
    "2024-07-31": {
        "Tax Effect Of Unusual Items": NaN,
        "Tax Rate For Calcs": NaN,
        "Normalized EBITDA": NaN,
        "Total Unusual Items": NaN,
        "Total Unusual Items Excluding Goodwill": NaN,
        "Net Income From Continuing Operation Net Minority Interest": NaN,
        "Reconciled Depreciation": NaN,
        "Reconciled Cost Of Revenue": NaN,
        "EBITDA": NaN,
        "EBIT": NaN,
        "Net Interest Income": NaN,
        "Interest Expense": NaN,
        "Normalized Income": NaN,
        "Net Income From Continuing And Discontinued Operation": NaN,
        "Total Expenses": NaN,
        "Total Operating Income As Reported": NaN,
        "Diluted Average Shares": NaN,
        "Basic Average Shares": NaN,
        "Diluted EPS": NaN,
        "Basic EPS": NaN,
        "Diluted NI Availto Com Stockholders": NaN,
        "Net Income Common Stockholders": NaN,
        "Net Income": NaN,
        "Net Income Including Noncontrolling Interests": NaN,
        "Net Income Continuous Operations": NaN,
        "Tax Provision": NaN,
        "Pretax Income": NaN,
        "Other Income Expense": NaN,
        "Other Non Operating Income Expenses": NaN,
        "Special Income Charges": NaN,
        "Gain On Sale Of Business": NaN,
        "Impairment Of Capital Assets": 0.0,
        "Restructuring And Mergern Acquisition": NaN,
        "Gain On Sale Of Security": NaN,
        "Net Non Operating Interest Income Expense": NaN,
        "Interest Expense Non Operating": NaN,
        "Operating Income": NaN,
        "Operating Expense": NaN,
        "Other Operating Expenses": NaN,
        "Depreciation Amortization Depletion Income Statement": NaN,
        "Depreciation And Amortization In Income Statement": NaN,
        "Amortization": NaN,
        "Amortization Of Intangibles Income Statement": NaN,
        "Gross Profit": NaN,
        "Cost Of Revenue": NaN,
        "Total Revenue": NaN,
        "Operating Revenue": NaN
    },
    "2024-10-31": {
        "Tax Effect Of Unusual Items": -1141113.96285,
        "Tax Rate For Calcs": 0.173264,
        "Normalized EBITDA": 106704000.0,
        "Total Unusual Items": -6586000.0,
        "Total Unusual Items Excluding Goodwill": -6586000.0,
        "Net Income From Continuing Operation Net Minority Interest": 40458000.0,
        "Reconciled Depreciation": 36718000.0,
        "Reconciled Cost Of Revenue": 83226000.0,
        "EBITDA": 100118000.0,
        "EBIT": 63400000.0,
        "Net Interest Income": -14463000.0,
        "Interest Expense": 14463000.0,
        "Normalized Income": 45902886.03715,
        "Net Income From Continuing And Discontinued Operation": 40458000.0,
        "Total Expenses": 358835000.0,
        "Total Operating Income As Reported": 64133000.0,
        "Diluted Average Shares": 54850000.0,
        "Basic Average Shares": 54191000.0,
        "Diluted EPS": 0.74,
        "Basic EPS": 0.75,
        "Diluted NI Availto Com Stockholders": 40458000.0,
        "Net Income Common Stockholders": 40458000.0,
        "Net Income": 40458000.0,
        "Net Income Including Noncontrolling Interests": 40458000.0,
        "Net Income Continuous Operations": 40458000.0,
        "Tax Provision": 8479000.0,
        "Pretax Income": 48937000.0,
        "Other Income Expense": -4360000.0,
        "Other Non Operating Income Expenses": 2226000.0,
        "Special Income Charges": -3258000.0,
        "Gain On Sale Of Business": 369000.0,
        "Impairment Of Capital Assets": -369000.0,
        "Restructuring And Mergern Acquisition": 3627000.0,
        "Gain On Sale Of Security": -3328000.0,
        "Net Non Operating Interest Income Expense": -14463000.0,
        "Interest Expense Non Operating": 14463000.0,
        "Operating Income": 67760000.0,
        "Operating Expense": 251835000.0,
        "Other Operating Expenses": 238891000.0,
        "Depreciation Amortization Depletion Income Statement": 12944000.0,
        "Depreciation And Amortization In Income Statement": 12944000.0,
        "Amortization": 12944000.0,
        "Amortization Of Intangibles Income Statement": 12944000.0,
        "Gross Profit": 319595000.0,
        "Cost Of Revenue": 107000000.0,
        "Total Revenue": 426595000.0,
        "Operating Revenue": 426595000.0
    },
    "2025-01-31": {
        "Tax Effect Of Unusual Items": -5402460.0,
        "Tax Rate For Calcs": 0.21,
        "Normalized EBITDA": 94900000.0,
        "Total Unusual Items": -25726000.0,
        "Total Unusual Items Excluding Goodwill": -25726000.0,
        "Net Income From Continuing Operation Net Minority Interest": -22954000.0,
        "Reconciled Depreciation": 36474000.0,
        "Reconciled Cost Of Revenue": 80787000.0,
        "EBITDA": 69174000.0,
        "EBIT": 32700000.0,
        "Net Interest Income": -14027000.0,
        "Interest Expense": 14027000.0,
        "Normalized Income": -2630460.0,
        "Net Income From Continuing And Discontinued Operation": -22954000.0,
        "Total Expenses": 347221000.0,
        "Total Operating Income As Reported": 51831000.0,
        "Diluted Average Shares": 53952000.0,
        "Basic Average Shares": 53952000.0,
        "Diluted EPS": -0.43,
        "Basic EPS": -0.43,
        "Diluted NI Availto Com Stockholders": -22954000.0,
        "Net Income Common Stockholders": -22954000.0,
        "Net Income": -22954000.0,
        "Net Income Including Noncontrolling Interests": -22954000.0,
        "Net Income Continuous Operations": -22954000.0,
        "Tax Provision": 41627000.0,
        "Pretax Income": 18673000.0,
        "Other Income Expense": -24705000.0,
        "Other Non Operating Income Expenses": 1021000.0,
        "Special Income Charges": -21504000.0,
        "Gain On Sale Of Business": -15930000.0,
        "Impairment Of Capital Assets": 0.0,
        "Restructuring And Mergern Acquisition": 5574000.0,
        "Gain On Sale Of Security": -4222000.0,
        "Net Non Operating Interest Income Expense": -14027000.0,
        "Interest Expense Non Operating": 14027000.0,
        "Operating Income": 57405000.0,
        "Operating Expense": 243002000.0,
        "Other Operating Expenses": 229960000.0,
        "Depreciation Amortization Depletion Income Statement": 13042000.0,
        "Depreciation And Amortization In Income Statement": 13042000.0,
        "Amortization": 13042000.0,
        "Amortization Of Intangibles Income Statement": 13042000.0,
        "Gross Profit": 300407000.0,
        "Cost Of Revenue": 104219000.0,
        "Total Revenue": 404626000.0,
        "Operating Revenue": 404626000.0
    },
    "2025-04-30": {
        "Tax Effect Of Unusual Items": -5648160.0,
        "Tax Rate For Calcs": 0.21,
        "Normalized EBITDA": 128193000.0,
        "Total Unusual Items": -26896000.0,
        "Total Unusual Items Excluding Goodwill": -26896000.0,
        "Net Income From Continuing Operation Net Minority Interest": 68093000.0,
        "Reconciled Depreciation": 37762000.0,
        "Reconciled Cost Of Revenue": 86088000.0,
        "EBITDA": 101297000.0,
        "EBIT": 63535000.0,
        "Net Interest Income": -11270000.0,
        "Interest Expense": 11270000.0,
        "Normalized Income": 89340840.0,
        "Net Income From Continuing And Discontinued Operation": 68093000.0,
        "Total Expenses": 353617000.0,
        "Total Operating Income As Reported": 76472000.0,
        "Diluted Average Shares": 54458000.0,
        "Basic Average Shares": 53683000.0,
        "Diluted EPS": 1.25,
        "Basic EPS": 1.27,
        "Diluted NI Availto Com Stockholders": 68093000.0,
        "Net Income Common Stockholders": 68093000.0,
        "Net Income": 68093000.0,
        "Net Income Including Noncontrolling Interests": 68093000.0,
        "Net Income Continuous Operations": 68093000.0,
        "Tax Provision": -15828000.0,
        "Pretax Income": 52265000.0,
        "Other Income Expense": -25427000.0,
        "Other Non Operating Income Expenses": 1469000.0,
        "Special Income Charges": -26070000.0,
        "Gain On Sale Of Business": -13580000.0,
        "Impairment Of Capital Assets": 0.0,
        "Restructuring And Mergern Acquisition": 12490000.0,
        "Gain On Sale Of Security": -826000.0,
        "Net Non Operating Interest Income Expense": -11270000.0,
        "Interest Expense Non Operating": 11270000.0,
        "Operating Income": 88962000.0,
        "Operating Expense": 242676000.0,
        "Other Operating Expenses": 229767000.0,
        "Depreciation Amortization Depletion Income Statement": 12909000.0,
        "Depreciation And Amortization In Income Statement": 12909000.0,
        "Amortization": 12909000.0,
        "Amortization Of Intangibles Income Statement": 12909000.0,
        "Gross Profit": 331638000.0,
        "Cost Of Revenue": 110941000.0,
        "Total Revenue": 442579000.0,
        "Operating Revenue": 442579000.0
    },
    "2025-07-31": {
        "Tax Effect Of Unusual Items": -1738627.379003,
        "Tax Rate For Calcs": 0.339244,
        "Normalized EBITDA": 70320000.0,
        "Total Unusual Items": -5125000.0,
        "Total Unusual Items Excluding Goodwill": -5125000.0,
        "Net Income From Continuing Operation Net Minority Interest": 11700000.0,
        "Reconciled Depreciation": 36446000.0,
        "Reconciled Cost Of Revenue": 86023000.0,
        "EBITDA": 65195000.0,
        "EBIT": 28749000.0,
        "Net Interest Income": -11042000.0,
        "Interest Expense": 11042000.0,
        "Normalized Income": 15086372.620997,
        "Net Income From Continuing And Discontinued Operation": 11700000.0,
        "Total Expenses": 362799000.0,
        "Total Operating Income As Reported": 30963000.0,
        "Diluted Average Shares": 53966000.0,
        "Basic Average Shares": 53377000.0,
        "Diluted EPS": 0.22,
        "Basic EPS": 0.22,
        "Diluted NI Availto Com Stockholders": 11700000.0,
        "Net Income Common Stockholders": 11700000.0,
        "Net Income": 11700000.0,
        "Net Income Including Noncontrolling Interests": 11700000.0,
        "Net Income Continuous Operations": 11700000.0,
        "Tax Provision": 6007000.0,
        "Pretax Income": 17707000.0,
        "Other Income Expense": -5252000.0,
        "Other Non Operating Income Expenses": -127000.0,
        "Special Income Charges": -4154000.0,
        "Gain On Sale Of Business": -1116000.0,
        "Impairment Of Capital Assets": NaN,
        "Restructuring And Mergern Acquisition": 3038000.0,
        "Gain On Sale Of Security": -971000.0,
        "Net Non Operating Interest Income Expense": -11042000.0,
        "Interest Expense Non Operating": 11042000.0,
        "Operating Income": 34001000.0,
        "Operating Expense": 253540000.0,
        "Other Operating Expenses": 240330000.0,
        "Depreciation Amortization Depletion Income Statement": 13210000.0,
        "Depreciation And Amortization In Income Statement": 13210000.0,
        "Amortization": 13210000.0,
        "Amortization Of Intangibles Income Statement": 13210000.0,
        "Gross Profit": 287541000.0,
        "Cost Of Revenue": 109259000.0,
        "Total Revenue": 396800000.0,
        "Operating Revenue": 396800000.0
    },
    "2025-10-31": {
        "Tax Effect Of Unusual Items": -1670122.651267,
        "Tax Rate For Calcs": 0.226151,
        "Normalized EBITDA": 112994000.0,
        "Total Unusual Items": -7385000.0,
        "Total Unusual Items Excluding Goodwill": -7385000.0,
        "Net Income From Continuing Operation Net Minority Interest": 44891000.0,
        "Reconciled Depreciation": 35929000.0,
        "Reconciled Cost Of Revenue": 81707000.0,
        "EBITDA": 105609000.0,
        "EBIT": 69680000.0,
        "Net Interest Income": -11670000.0,
        "Interest Expense": 11670000.0,
        "Normalized Income": 50605877.348733,
        "Net Income From Continuing And Discontinued Operation": 44891000.0,
        "Total Expenses": 342723000.0,
        "Total Operating Income As Reported": 72996000.0,
        "Diluted Average Shares": 53515000.0,
        "Basic Average Shares": 53089000.0,
        "Diluted EPS": 0.84,
        "Basic EPS": 0.85,
        "Diluted NI Availto Com Stockholders": 44891000.0,
        "Net Income Common Stockholders": 44891000.0,
        "Net Income": 44891000.0,
        "Net Income Including Noncontrolling Interests": 44891000.0,
        "Net Income Continuous Operations": 44891000.0,
        "Tax Provision": 13119000.0,
        "Pretax Income": 58010000.0,
        "Other Income Expense": -9348000.0,
        "Other Non Operating Income Expenses": -1963000.0,
        "Special Income Charges": -8341000.0,
        "Gain On Sale Of Business": -2309000.0,
        "Impairment Of Capital Assets": NaN,
        "Restructuring And Mergern Acquisition": 6032000.0,
        "Gain On Sale Of Security": 956000.0,
        "Net Non Operating Interest Income Expense": -11670000.0,
        "Interest Expense Non Operating": 11670000.0,
        "Operating Income": 79028000.0,
        "Operating Expense": 238335000.0,
        "Other Operating Expenses": 225087000.0,
        "Depreciation Amortization Depletion Income Statement": 13248000.0,
        "Depreciation And Amortization In Income Statement": 13248000.0,
        "Amortization": 13248000.0,
        "Amortization Of Intangibles Income Statement": 13248000.0,
        "Gross Profit": 317363000.0,
        "Cost Of Revenue": 104388000.0,
        "Total Revenue": 421751000.0,
        "Operating Revenue": 421751000.0
    }
}