{
    "2023-03-31": {
        "Tax Effect Of Unusual Items": NaN,
        "Tax Rate For Calcs": NaN,
        "Normalized EBITDA": NaN,
        "Total Unusual Items": NaN,
        "Total Unusual Items Excluding Goodwill": NaN,
        "Net Income From Continuing Operation Net Minority Interest": NaN,
        "Reconciled Depreciation": NaN,
        "Reconciled Cost Of Revenue": NaN,
        "EBITDA": NaN,
        "EBIT": NaN,
        "Net Interest Income": NaN,
        "Interest Expense": NaN,
        "Normalized Income": NaN,
        "Net Income From Continuing And Discontinued Operation": NaN,
        "Total Expenses": NaN,
        "Total Operating Income As Reported": NaN,
        "Diluted Average Shares": NaN,
        "Basic Average Shares": NaN,
        "Diluted EPS": NaN,
        "Basic EPS": NaN,
        "Diluted NI Availto Com Stockholders": NaN,
        "Net Income Common Stockholders": NaN,
        "Otherunder Preferred Stock Dividend": 1000000.0,
        "Net Income": NaN,
        "Minority Interests": NaN,
        "Net Income Including Noncontrolling Interests": NaN,
        "Net Income Continuous Operations": NaN,
        "Tax Provision": NaN,
        "Pretax Income": NaN,
        "Other Income Expense": NaN,
        "Other Non Operating Income Expenses": NaN,
        "Special Income Charges": NaN,
        "Gain On Sale Of Business": NaN,
        "Other Special Charges": NaN,
        "Restructuring And Mergern Acquisition": NaN,
        "Net Non Operating Interest Income Expense": NaN,
        "Interest Expense Non Operating": NaN,
        "Operating Income": NaN,
        "Operating Expense": NaN,
        "Depreciation Amortization Depletion Income Statement": NaN,
        "Depreciation And Amortization In Income Statement": NaN,
        "Amortization": NaN,
        "Amortization Of Intangibles Income Statement": NaN,
        "Depreciation Income Statement": 22000000.0,
        "Selling General And Administration": NaN,
        "Selling And Marketing Expense": NaN,
        "General And Administrative Expense": NaN,
        "Other Gand A": NaN,
        "Gross Profit": NaN,
        "Cost Of Revenue": NaN,
        "Total Revenue": NaN,
        "Operating Revenue": NaN
    },
    "2022-12-31": {
        "Tax Effect Of Unusual Items": NaN,
        "Tax Rate For Calcs": NaN,
        "Normalized EBITDA": NaN,
        "Total Unusual Items": NaN,
        "Total Unusual Items Excluding Goodwill": NaN,
        "Net Income From Continuing Operation Net Minority Interest": NaN,
        "Reconciled Depreciation": NaN,
        "Reconciled Cost Of Revenue": NaN,
        "EBITDA": NaN,
        "EBIT": NaN,
        "Net Interest Income": NaN,
        "Interest Expense": NaN,
        "Normalized Income": NaN,
        "Net Income From Continuing And Discontinued Operation": NaN,
        "Total Expenses": NaN,
        "Total Operating Income As Reported": NaN,
        "Diluted Average Shares": NaN,
        "Basic Average Shares": NaN,
        "Diluted EPS": NaN,
        "Basic EPS": NaN,
        "Diluted NI Availto Com Stockholders": NaN,
        "Net Income Common Stockholders": NaN,
        "Otherunder Preferred Stock Dividend": 2000000.0,
        "Net Income": NaN,
        "Minority Interests": NaN,
        "Net Income Including Noncontrolling Interests": NaN,
        "Net Income Continuous Operations": NaN,
        "Tax Provision": NaN,
        "Pretax Income": NaN,
        "Other Income Expense": NaN,
        "Other Non Operating Income Expenses": NaN,
        "Special Income Charges": NaN,
        "Gain On Sale Of Business": NaN,
        "Other Special Charges": NaN,
        "Restructuring And Mergern Acquisition": NaN,
        "Net Non Operating Interest Income Expense": NaN,
        "Interest Expense Non Operating": NaN,
        "Operating Income": NaN,
        "Operating Expense": NaN,
        "Depreciation Amortization Depletion Income Statement": NaN,
        "Depreciation And Amortization In Income Statement": NaN,
        "Amortization": NaN,
        "Amortization Of Intangibles Income Statement": NaN,
        "Depreciation Income Statement": NaN,
        "Selling General And Administration": NaN,
        "Selling And Marketing Expense": NaN,
        "General And Administrative Expense": NaN,
        "Other Gand A": NaN,
        "Gross Profit": NaN,
        "Cost Of Revenue": NaN,
        "Total Revenue": NaN,
        "Operating Revenue": NaN
    },
    "2022-09-30": {
        "Tax Effect Of Unusual Items": 0.0,
        "Tax Rate For Calcs": 0.197861,
        "Normalized EBITDA": 283000000.0,
        "Total Unusual Items": 0.0,
        "Total Unusual Items Excluding Goodwill": 0.0,
        "Net Income From Continuing Operation Net Minority Interest": 148000000.0,
        "Reconciled Depreciation": 65000000.0,
        "Reconciled Cost Of Revenue": 799000000.0,
        "EBITDA": 283000000.0,
        "EBIT": 218000000.0,
        "Net Interest Income": -31000000.0,
        "Interest Expense": 31000000.0,
        "Normalized Income": 148000000.0,
        "Net Income From Continuing And Discontinued Operation": 148000000.0,
        "Total Expenses": 1334000000.0,
        "Total Operating Income As Reported": 163000000.0,
        "Diluted Average Shares": 528571429.0,
        "Basic Average Shares": 528571429.0,
        "Diluted EPS": 0.28,
        "Basic EPS": 0.28,
        "Diluted NI Availto Com Stockholders": 148000000.0,
        "Net Income Common Stockholders": 148000000.0,
        "Otherunder Preferred Stock Dividend": NaN,
        "Net Income": 148000000.0,
        "Minority Interests": -2000000.0,
        "Net Income Including Noncontrolling Interests": 150000000.0,
        "Net Income Continuous Operations": 150000000.0,
        "Tax Provision": 37000000.0,
        "Pretax Income": 187000000.0,
        "Other Income Expense": 55000000.0,
        "Other Non Operating Income Expenses": 55000000.0,
        "Special Income Charges": 0.0,
        "Gain On Sale Of Business": NaN,
        "Other Special Charges": NaN,
        "Restructuring And Mergern Acquisition": NaN,
        "Net Non Operating Interest Income Expense": -31000000.0,
        "Interest Expense Non Operating": 31000000.0,
        "Operating Income": 163000000.0,
        "Operating Expense": 535000000.0,
        "Depreciation Amortization Depletion Income Statement": 65000000.0,
        "Depreciation And Amortization In Income Statement": 65000000.0,
        "Amortization": 65000000.0,
        "Amortization Of Intangibles Income Statement": 65000000.0,
        "Selling General And Administration": 470000000.0,
        "Selling And Marketing Expense": 227000000.0,
        "General And Administrative Expense": 243000000.0,
        "Other Gand A": 243000000.0,
        "Gross Profit": 698000000.0,
        "Cost Of Revenue": 799000000.0,
        "Total Revenue": 1497000000.0,
        "Operating Revenue": 1497000000.0
    },
    "2022-06-30": {
        "Tax Effect Of Unusual Items": 0.0,
        "Tax Rate For Calcs": 0.237805,
        "Normalized EBITDA": 283000000.0,
        "Total Unusual Items": 0.0,
        "Total Unusual Items Excluding Goodwill": 0.0,
        "Net Income From Continuing Operation Net Minority Interest": 124000000.0,
        "Reconciled Depreciation": 87000000.0,
        "Reconciled Cost Of Revenue": 748000000.0,
        "EBITDA": 283000000.0,
        "EBIT": 196000000.0,
        "Net Interest Income": -32000000.0,
        "Interest Expense": 32000000.0,
        "Normalized Income": 124000000.0,
        "Net Income From Continuing And Discontinued Operation": 124000000.0,
        "Total Expenses": 1286000000.0,
        "Total Operating Income As Reported": 146000000.0,
        "Diluted Average Shares": 514815000.0,
        "Basic Average Shares": 514815000.0,
        "Diluted EPS": 0.24,
        "Basic EPS": 0.24,
        "Diluted NI Availto Com Stockholders": 122000000.0,
        "Net Income Common Stockholders": 122000000.0,
        "Otherunder Preferred Stock Dividend": 2000000.0,
        "Net Income": 124000000.0,
        "Minority Interests": -1000000.0,
        "Net Income Including Noncontrolling Interests": 125000000.0,
        "Net Income Continuous Operations": 125000000.0,
        "Tax Provision": 39000000.0,
        "Pretax Income": 164000000.0,
        "Other Income Expense": 50000000.0,
        "Other Non Operating Income Expenses": 50000000.0,
        "Special Income Charges": 0.0,
        "Gain On Sale Of Business": NaN,
        "Other Special Charges": NaN,
        "Restructuring And Mergern Acquisition": NaN,
        "Net Non Operating Interest Income Expense": -32000000.0,
        "Interest Expense Non Operating": 32000000.0,
        "Operating Income": 146000000.0,
        "Operating Expense": 520000000.0,
        "Depreciation Amortization Depletion Income Statement": 69000000.0,
        "Depreciation And Amortization In Income Statement": 69000000.0,
        "Amortization": 69000000.0,
        "Amortization Of Intangibles Income Statement": 69000000.0,
        "Selling General And Administration": 451000000.0,
        "Selling And Marketing Expense": 226000000.0,
        "General And Administrative Expense": 225000000.0,
        "Other Gand A": 225000000.0,
        "Gross Profit": 666000000.0,
        "Cost Of Revenue": 766000000.0,
        "Total Revenue": 1432000000.0,
        "Operating Revenue": 1432000000.0
    },
    "2022-03-31": {
        "Diluted EPS": 0.18,
        "Total Revenue": NaN,
        "Gross Profit": 679,
        "Operating Income": 166,
        "EBIT": 255,
        "Net Income": 92
    },
    "2021-12-31": {
        "Diluted EPS": 0.36,
        "Total Revenue": NaN,
        "Gross Profit": 796,
        "Operating Income": 239,
        "EBIT": 320,
        "Net Income": 187
    },
    "2021-09-30": {
        "Diluted EPS": 0.05,
        "Total Revenue": NaN,
        "Gross Profit": 624,
        "Operating Income": 100,
        "EBIT": 179,
        "Net Income": 28
    },
    "2021-06-30": {
        "Diluted EPS": 0.12,
        "Total Revenue": NaN,
        "Gross Profit": 659,
        "Operating Income": 162,
        "EBIT": 241,
        "Net Income": 61
    },
    "2021-03-31": {
        "Diluted EPS": 0.23,
        "Total Revenue": NaN,
        "Gross Profit": 627,
        "Operating Income": 151,
        "EBIT": 228,
        "Net Income": 117
    },
    "2020-12-31": {
        "Diluted EPS": 0.19,
        "Total Revenue": NaN,
        "Gross Profit": 649,
        "Operating Income": 196,
        "EBIT": 267,
        "Net Income": 98
    },
    "2020-09-30": {
        "Diluted EPS": 0.0,
        "Total Revenue": NaN,
        "Gross Profit": 520,
        "Operating Income": 88,
        "EBIT": 155,
        "Net Income": -1
    },
    "2020-06-30": {
        "Diluted EPS": -1.03,
        "Total Revenue": NaN,
        "Gross Profit": 483,
        "Operating Income": -433,
        "EBIT": -371,
        "Net Income": -520
    },
    "2020-03-31": {
        "Diluted EPS": -0.15,
        "Total Revenue": NaN,
        "Gross Profit": 536,
        "Operating Income": -49,
        "EBIT": 12,
        "Net Income": -74
    },
    "2019-12-31": {
        "Diluted EPS": 0.24,
        "Total Revenue": NaN,
        "Gross Profit": 591,
        "Operating Income": 165,
        "EBIT": 236,
        "Net Income": 120
    },
    "2019-09-30": {
        "Diluted EPS": 0.35,
        "Total Revenue": NaN,
        "Gross Profit": 485,
        "Operating Income": 29,
        "EBIT": 95,
        "Net Income": 90
    },
    "2019-06-30": {
        "Diluted EPS": 0.03,
        "Total Revenue": NaN,
        "Gross Profit": 481,
        "Operating Income": 58,
        "EBIT": 124,
        "Net Income": 13
    },
    "2019-03-31": {
        "Diluted EPS": 0.13,
        "Total Revenue": NaN,
        "Gross Profit": 531,
        "Operating Income": 122,
        "EBIT": 191,
        "Net Income": 67
    },
    "2018-12-31": {
        "Diluted EPS": 0.0,
        "Total Revenue": NaN,
        "Gross Profit": 577,
        "Operating Income": 147,
        "EBIT": 215,
        "Net Income": 86
    },
    "2018-09-30": {
        "Diluted EPS": 0.0,
        "Total Revenue": NaN,
        "Gross Profit": 456,
        "Operating Income": 16,
        "EBIT": 72,
        "Net Income": -14
    },
    "2018-06-30": {
        "Diluted EPS": 0.0,
        "Total Revenue": 958,
        "Gross Profit": 427,
        "Operating Income": 28,
        "EBIT": 99,
        "Net Income": 320
    },
    "2018-03-31": {
        "Diluted EPS": 0.0,
        "Total Revenue": 963,
        "Gross Profit": 475,
        "Operating Income": 83,
        "EBIT": 152,
        "Net Income": -3
    },
    "2017-12-31": {
        "Diluted EPS": 0.0,
        "Total Revenue": NaN,
        "Gross Profit": 476,
        "Operating Income": 90,
        "EBIT": 155,
        "Net Income": 4
    },
    "2017-09-30": {
        "Diluted EPS": 0.0,
        "Total Revenue": 917,
        "Gross Profit": 416,
        "Operating Income": -1,
        "EBIT": 60,
        "Net Income": -39
    },
    "2017-06-30": {
        "Diluted EPS": 0.0,
        "Total Revenue": 917,
        "Gross Profit": 398,
        "Operating Income": 51,
        "EBIT": 115,
        "Net Income": 141
    },
    "2017-03-31": {
        "Diluted EPS": 0.0,
        "Total Revenue": 825,
        "Gross Profit": 410,
        "Operating Income": 78,
        "EBIT": 141,
        "Net Income": 19
    },
    "2016-12-31": {
        "Diluted EPS": 0.0,
        "Total Revenue": 917,
        "Gross Profit": 421,
        "Operating Income": 94,
        "EBIT": 157,
        "Net Income": 22
    },
    "2016-09-30": {
        "Diluted EPS": 0.0,
        "Total Revenue": 841,
        "Gross Profit": 405,
        "Operating Income": 55,
        "EBIT": 123,
        "Net Income": -4
    },
    "2016-06-30": {
        "Diluted EPS": 0.0,
        "Total Revenue": 811,
        "Gross Profit": 363,
        "Operating Income": 45,
        "EBIT": 120,
        "Net Income": -9
    },
    "2016-03-31": {
        "Diluted EPS": 0.0,
        "Total Revenue": 745,
        "Gross Profit": 371,
        "Operating Income": 52,
        "EBIT": 127,
        "Net Income": 11
    },
    "2015-12-31": {
        "Diluted EPS": 0.0,
        "Total Revenue": 849,
        "Gross Profit": 400,
        "Operating Income": 62,
        "EBIT": 137,
        "Net Income": 27
    },
    "2015-09-30": {
        "Diluted EPS": 0.0,
        "Total Revenue": 750,
        "Gross Profit": 375,
        "Operating Income": 37,
        "EBIT": 113,
        "Net Income": -23
    },
    "2015-06-30": {
        "Diluted EPS": 0.0,
        "Total Revenue": 710,
        "Gross Profit": 337,
        "Operating Income": 23,
        "EBIT": 100,
        "Net Income": -44
    },
    "2015-03-31": {
        "Diluted EPS": 0.0,
        "Total Revenue": 677,
        "Gross Profit": 359,
        "Operating Income": 44,
        "EBIT": 121,
        "Net Income": 18
    },
    "2014-12-31": {
        "Diluted EPS": 0.0,
        "Total Revenue": 829,
        "Gross Profit": 384,
        "Operating Income": 23,
        "EBIT": 102,
        "Net Income": -42
    },
    "2014-09-30": {
        "Diluted EPS": 0.0,
        "Total Revenue": 771,
        "Gross Profit": 378,
        "Operating Income": 24,
        "EBIT": 107,
        "Net Income": -26
    },
    "2014-06-30": {
        "Diluted EPS": 0.0,
        "Total Revenue": 788,
        "Gross Profit": 371,
        "Operating Income": -15,
        "EBIT": 66,
        "Net Income": -185
    },
    "2014-03-31": {
        "Diluted EPS": 0.0,
        "Total Revenue": 653,
        "Gross Profit": 334,
        "Operating Income": -5,
        "EBIT": 74,
        "Net Income": -60
    },
    "2013-12-31": {
        "Diluted EPS": 0.0,
        "Total Revenue": 815,
        "Gross Profit": 374,
        "Operating Income": 15,
        "EBIT": 93,
        "Net Income": -37
    },
    "2013-09-30": {
        "Diluted EPS": 0.0,
        "Total Revenue": 764,
        "Gross Profit": 376,
        "Operating Income": -41,
        "EBIT": 36,
        "Net Income": -57
    },
    "2013-06-30": {
        "Diluted EPS": 0.0,
        "Total Revenue": 663,
        "Gross Profit": 294,
        "Operating Income": 8,
        "EBIT": 69,
        "Net Income": -63
    },
    "2013-03-31": {
        "Diluted EPS": 0.0,
        "Total Revenue": 675,
        "Gross Profit": 348,
        "Operating Income": 57,
        "EBIT": 116,
        "Net Income": 2
    },
    "2012-12-31": {
        "Diluted EPS": 0.0,
        "Total Revenue": 769,
        "Gross Profit": 361,
        "Operating Income": 51,
        "EBIT": 112,
        "Net Income": -80
    },
    "2012-09-30": {
        "Diluted EPS": 0.0,
        "Total Revenue": 731,
        "Gross Profit": 367,
        "Operating Income": 41,
        "EBIT": 103,
        "Net Income": -18
    },
    "2012-06-30": {
        "Diluted EPS": 0.0,
        "Total Revenue": 651,
        "Gross Profit": 298,
        "Operating Income": 7,
        "EBIT": 66,
        "Net Income": -32
    },
    "2012-03-31": {
        "Diluted EPS": 0.0,
        "Total Revenue": 623,
        "Gross Profit": 305,
        "Operating Income": 22,
        "EBIT": 85,
        "Net Income": -36
    },
    "2011-12-31": {
        "Diluted EPS": 0.0,
        "Total Revenue": 775,
        "Gross Profit": 355,
        "Operating Income": 39,
        "EBIT": 99,
        "Net Income": -26
    },
    "2011-09-30": {
        "Diluted EPS": 0.0,
        "Total Revenue": 717,
        "Gross Profit": 338,
        "Operating Income": -21,
        "EBIT": 41,
        "Net Income": -103
    },
    "2011-06-30": {
        "Diluted EPS": -0.3,
        "Total Revenue": 688,
        "Gross Profit": 308,
        "Operating Income": 10,
        "EBIT": 77,
        "Net Income": -46
    },
    "2011-03-31": {
        "Diluted EPS": -0.25,
        "Total Revenue": 684,
        "Gross Profit": 325,
        "Operating Income": 16,
        "EBIT": 82,
        "Net Income": -38
    },
    "2010-12-31": {
        "Diluted EPS": -0.12,
        "Total Revenue": 778,
        "Gross Profit": 347,
        "Operating Income": 27,
        "EBIT": 90,
        "Net Income": -18
    },
    "2010-09-30": {
        "Diluted EPS": -0.31,
        "Total Revenue": 752,
        "Gross Profit": 361,
        "Operating Income": 20,
        "EBIT": 85,
        "Net Income": -46
    },
    "2010-06-30": {
        "Diluted EPS": -0.37,
        "Total Revenue": 652,
        "Gross Profit": 299,
        "Operating Income": -1,
        "EBIT": 64,
        "Net Income": -55
    },
    "2010-03-31": {
        "Diluted EPS": -0.17,
        "Total Revenue": 666,
        "Gross Profit": 337,
        "Operating Income": 24,
        "EBIT": 87,
        "Net Income": -25
    },
    "2009-12-31": {
        "Diluted EPS": -0.11,
        "Total Revenue": 918,
        "Gross Profit": 407,
        "Operating Income": 47,
        "EBIT": 112,
        "Net Income": -17
    },
    "2009-09-30": {
        "Diluted EPS": -0.12,
        "Total Revenue": 874,
        "Gross Profit": 411,
        "Operating Income": 54,
        "EBIT": 120,
        "Net Income": -18
    },
    "2009-06-30": {
        "Diluted EPS": -0.25,
        "Total Revenue": 773,
        "Gross Profit": 338,
        "Operating Income": 25,
        "EBIT": 90,
        "Net Income": -37
    },
    "2009-03-31": {
        "Diluted EPS": -0.45,
        "Total Revenue": 671,
        "Gross Profit": 330,
        "Operating Income": 15,
        "EBIT": 80,
        "Net Income": -68
    },
    "2023-06-30": {
        "Tax Effect Of Unusual Items": NaN,
        "Tax Rate For Calcs": NaN,
        "Normalized EBITDA": NaN,
        "Total Unusual Items": NaN,
        "Total Unusual Items Excluding Goodwill": NaN,
        "Net Income From Continuing Operation Net Minority Interest": NaN,
        "Reconciled Depreciation": NaN,
        "Reconciled Cost Of Revenue": NaN,
        "EBITDA": NaN,
        "EBIT": NaN,
        "Net Interest Income": NaN,
        "Interest Expense": NaN,
        "Normalized Income": NaN,
        "Net Income From Continuing And Discontinued Operation": NaN,
        "Total Expenses": NaN,
        "Total Operating Income As Reported": NaN,
        "Diluted Average Shares": NaN,
        "Basic Average Shares": NaN,
        "Diluted EPS": NaN,
        "Basic EPS": NaN,
        "Diluted NI Availto Com Stockholders": NaN,
        "Net Income Common Stockholders": NaN,
        "Otherunder Preferred Stock Dividend": NaN,
        "Net Income": NaN,
        "Minority Interests": NaN,
        "Net Income Including Noncontrolling Interests": NaN,
        "Net Income Continuous Operations": NaN,
        "Tax Provision": NaN,
        "Pretax Income": NaN,
        "Other Income Expense": NaN,
        "Other Non Operating Income Expenses": NaN,
        "Special Income Charges": NaN,
        "Gain On Sale Of Business": NaN,
        "Other Special Charges": 4000000.0,
        "Restructuring And Mergern Acquisition": NaN,
        "Net Non Operating Interest Income Expense": NaN,
        "Interest Expense Non Operating": NaN,
        "Operating Income": NaN,
        "Operating Expense": NaN,
        "Depreciation Amortization Depletion Income Statement": NaN,
        "Depreciation And Amortization In Income Statement": NaN,
        "Amortization": NaN,
        "Amortization Of Intangibles Income Statement": NaN,
        "Depreciation Income Statement": NaN,
        "Selling General And Administration": NaN,
        "Selling And Marketing Expense": NaN,
        "General And Administrative Expense": NaN,
        "Other Gand A": NaN,
        "Gross Profit": NaN,
        "Cost Of Revenue": NaN,
        "Total Revenue": NaN,
        "Operating Revenue": NaN
    },
    "2023-09-30": {
        "Tax Effect Of Unusual Items": NaN,
        "Tax Rate For Calcs": NaN,
        "Normalized EBITDA": NaN,
        "Total Unusual Items": NaN,
        "Total Unusual Items Excluding Goodwill": NaN,
        "Net Income From Continuing Operation Net Minority Interest": NaN,
        "Reconciled Depreciation": NaN,
        "Reconciled Cost Of Revenue": NaN,
        "EBITDA": NaN,
        "EBIT": NaN,
        "Net Interest Income": NaN,
        "Interest Expense": NaN,
        "Normalized Income": NaN,
        "Net Income From Continuing And Discontinued Operation": NaN,
        "Total Expenses": NaN,
        "Total Operating Income As Reported": NaN,
        "Diluted Average Shares": NaN,
        "Basic Average Shares": NaN,
        "Diluted EPS": NaN,
        "Basic EPS": NaN,
        "Diluted NI Availto Com Stockholders": NaN,
        "Net Income Common Stockholders": NaN,
        "Otherunder Preferred Stock Dividend": NaN,
        "Net Income": NaN,
        "Minority Interests": NaN,
        "Net Income Including Noncontrolling Interests": NaN,
        "Net Income Continuous Operations": NaN,
        "Tax Provision": NaN,
        "Pretax Income": NaN,
        "Other Income Expense": NaN,
        "Other Non Operating Income Expenses": NaN,
        "Special Income Charges": NaN,
        "Gain On Sale Of Business": NaN,
        "Other Special Charges": 0.0,
        "Restructuring And Mergern Acquisition": NaN,
        "Net Non Operating Interest Income Expense": NaN,
        "Interest Expense Non Operating": NaN,
        "Operating Income": NaN,
        "Operating Expense": NaN,
        "Depreciation Amortization Depletion Income Statement": NaN,
        "Depreciation And Amortization In Income Statement": NaN,
        "Amortization": NaN,
        "Amortization Of Intangibles Income Statement": NaN,
        "Depreciation Income Statement": NaN,
        "Selling General And Administration": NaN,
        "Selling And Marketing Expense": NaN,
        "General And Administrative Expense": NaN,
        "Other Gand A": NaN,
        "Gross Profit": NaN,
        "Cost Of Revenue": NaN,
        "Total Revenue": NaN,
        "Operating Revenue": NaN
    },
    "2023-12-31": {
        "Tax Effect Of Unusual Items": NaN,
        "Tax Rate For Calcs": NaN,
        "Normalized EBITDA": NaN,
        "Total Unusual Items": NaN,
        "Total Unusual Items Excluding Goodwill": NaN,
        "Net Income From Continuing Operation Net Minority Interest": NaN,
        "Reconciled Depreciation": NaN,
        "Reconciled Cost Of Revenue": NaN,
        "EBITDA": NaN,
        "EBIT": NaN,
        "Net Interest Income": NaN,
        "Interest Expense": NaN,
        "Normalized Income": NaN,
        "Net Income From Continuing And Discontinued Operation": NaN,
        "Total Expenses": NaN,
        "Total Operating Income As Reported": NaN,
        "Diluted Average Shares": 530000000.0,
        "Basic Average Shares": 530000000.0,
        "Diluted EPS": 0.3,
        "Basic EPS": 0.3,
        "Diluted NI Availto Com Stockholders": NaN,
        "Net Income Common Stockholders": NaN,
        "Otherunder Preferred Stock Dividend": 2000000.0,
        "Net Income": NaN,
        "Minority Interests": NaN,
        "Net Income Including Noncontrolling Interests": NaN,
        "Net Income Continuous Operations": NaN,
        "Tax Provision": NaN,
        "Pretax Income": NaN,
        "Other Income Expense": NaN,
        "Other Non Operating Income Expenses": NaN,
        "Special Income Charges": NaN,
        "Gain On Sale Of Business": NaN,
        "Restructuring And Mergern Acquisition": NaN,
        "Net Non Operating Interest Income Expense": NaN,
        "Interest Expense Non Operating": NaN,
        "Operating Income": NaN,
        "Operating Expense": NaN,
        "Depreciation Amortization Depletion Income Statement": NaN,
        "Depreciation And Amortization In Income Statement": NaN,
        "Amortization": NaN,
        "Amortization Of Intangibles Income Statement": NaN,
        "Depreciation Income Statement": NaN,
        "Selling General And Administration": NaN,
        "Selling And Marketing Expense": NaN,
        "General And Administrative Expense": NaN,
        "Other Gand A": NaN,
        "Gross Profit": NaN,
        "Cost Of Revenue": NaN,
        "Total Revenue": NaN,
        "Operating Revenue": NaN
    },
    "2024-03-31": {
        "Tax Effect Of Unusual Items": -12789473.684211,
        "Tax Rate For Calcs": 0.157895,
        "Normalized EBITDA": 320000000.0,
        "Total Unusual Items": -81000000.0,
        "Total Unusual Items Excluding Goodwill": -81000000.0,
        "Net Income From Continuing Operation Net Minority Interest": 96000000.0,
        "Reconciled Depreciation": 83000000.0,
        "Reconciled Cost Of Revenue": 791000000.0,
        "EBITDA": 239000000.0,
        "EBIT": 156000000.0,
        "Net Interest Income": -42000000.0,
        "Interest Expense": 42000000.0,
        "Normalized Income": 164210526.315789,
        "Net Income From Continuing And Discontinued Operation": 96000000.0,
        "Total Expenses": 1294000000.0,
        "Total Operating Income As Reported": 119000000.0,
        "Diluted Average Shares": 517844000.0,
        "Basic Average Shares": 517844000.0,
        "Diluted EPS": 0.18,
        "Basic EPS": 0.18,
        "Diluted NI Availto Com Stockholders": 95000000.0,
        "Net Income Common Stockholders": 95000000.0,
        "Otherunder Preferred Stock Dividend": 1000000.0,
        "Net Income": 96000000.0,
        "Minority Interests": 0.0,
        "Net Income Including Noncontrolling Interests": 96000000.0,
        "Net Income Continuous Operations": 96000000.0,
        "Tax Provision": 18000000.0,
        "Pretax Income": 114000000.0,
        "Other Income Expense": -44000000.0,
        "Other Non Operating Income Expenses": 37000000.0,
        "Special Income Charges": -81000000.0,
        "Gain On Sale Of Business": 14000000.0,
        "Restructuring And Mergern Acquisition": 95000000.0,
        "Net Non Operating Interest Income Expense": -42000000.0,
        "Interest Expense Non Operating": 42000000.0,
        "Operating Income": 200000000.0,
        "Operating Expense": 503000000.0,
        "Depreciation Amortization Depletion Income Statement": 83000000.0,
        "Depreciation And Amortization In Income Statement": 83000000.0,
        "Amortization": 57000000.0,
        "Amortization Of Intangibles Income Statement": 57000000.0,
        "Depreciation Income Statement": 26000000.0,
        "Selling General And Administration": 420000000.0,
        "Selling And Marketing Expense": 188000000.0,
        "General And Administrative Expense": 232000000.0,
        "Other Gand A": 232000000.0,
        "Gross Profit": 703000000.0,
        "Cost Of Revenue": 791000000.0,
        "Total Revenue": 1494000000.0,
        "Operating Revenue": 1494000000.0
    },
    "2024-06-30": {
        "Tax Effect Of Unusual Items": 0.0,
        "Tax Rate For Calcs": 0.175439,
        "Normalized EBITDA": 291000000.0,
        "Total Unusual Items": 0.0,
        "Total Unusual Items Excluding Goodwill": 0.0,
        "Net Income From Continuing Operation Net Minority Interest": 139000000.0,
        "Reconciled Depreciation": 80000000.0,
        "Reconciled Cost Of Revenue": 830000000.0,
        "EBITDA": 291000000.0,
        "EBIT": 211000000.0,
        "Net Interest Income": -40000000.0,
        "Interest Expense": 40000000.0,
        "Normalized Income": 139000000.0,
        "Net Income From Continuing And Discontinued Operation": 139000000.0,
        "Total Expenses": 1347000000.0,
        "Total Operating Income As Reported": 207000000.0,
        "Diluted Average Shares": 514814815.0,
        "Basic Average Shares": 514814815.0,
        "Diluted EPS": 0.27,
        "Basic EPS": 0.27,
        "Diluted NI Availto Com Stockholders": 139000000.0,
        "Net Income Common Stockholders": 139000000.0,
        "Otherunder Preferred Stock Dividend": NaN,
        "Net Income": 139000000.0,
        "Minority Interests": -2000000.0,
        "Net Income Including Noncontrolling Interests": 141000000.0,
        "Net Income Continuous Operations": 141000000.0,
        "Tax Provision": 30000000.0,
        "Pretax Income": 171000000.0,
        "Other Income Expense": 4000000.0,
        "Other Non Operating Income Expenses": 4000000.0,
        "Special Income Charges": 0.0,
        "Gain On Sale Of Business": 1000000.0,
        "Restructuring And Mergern Acquisition": 1000000.0,
        "Net Non Operating Interest Income Expense": -40000000.0,
        "Interest Expense Non Operating": 40000000.0,
        "Operating Income": 207000000.0,
        "Operating Expense": 517000000.0,
        "Depreciation Amortization Depletion Income Statement": 80000000.0,
        "Depreciation And Amortization In Income Statement": 80000000.0,
        "Amortization": 55000000.0,
        "Amortization Of Intangibles Income Statement": 55000000.0,
        "Depreciation Income Statement": 25000000.0,
        "Selling General And Administration": 437000000.0,
        "Selling And Marketing Expense": 198000000.0,
        "General And Administrative Expense": 239000000.0,
        "Other Gand A": 239000000.0,
        "Gross Profit": 724000000.0,
        "Cost Of Revenue": 830000000.0,
        "Total Revenue": 1554000000.0,
        "Operating Revenue": 1554000000.0
    },
    "2024-09-30": {
        "Tax Effect Of Unusual Items": -4764705.882353,
        "Tax Rate For Calcs": 0.058824,
        "Normalized EBITDA": 255000000.0,
        "Total Unusual Items": -81000000.0,
        "Total Unusual Items Excluding Goodwill": -81000000.0,
        "Net Income From Continuing Operation Net Minority Interest": 41000000.0,
        "Reconciled Depreciation": 83000000.0,
        "Reconciled Cost Of Revenue": 854000000.0,
        "EBITDA": 174000000.0,
        "EBIT": 91000000.0,
        "Net Interest Income": -40000000.0,
        "Interest Expense": 40000000.0,
        "Normalized Income": 117235294.117647,
        "Net Income From Continuing And Discontinued Operation": 41000000.0,
        "Total Expenses": 1406000000.0,
        "Total Operating Income As Reported": 143000000.0,
        "Diluted Average Shares": NaN,
        "Basic Average Shares": NaN,
        "Diluted EPS": NaN,
        "Basic EPS": NaN,
        "Diluted NI Availto Com Stockholders": 41000000.0,
        "Net Income Common Stockholders": 41000000.0,
        "Otherunder Preferred Stock Dividend": NaN,
        "Net Income": 41000000.0,
        "Minority Interests": -7000000.0,
        "Net Income Including Noncontrolling Interests": 48000000.0,
        "Net Income Continuous Operations": 48000000.0,
        "Tax Provision": 3000000.0,
        "Pretax Income": 51000000.0,
        "Other Income Expense": -133000000.0,
        "Other Non Operating Income Expenses": -52000000.0,
        "Special Income Charges": -81000000.0,
        "Gain On Sale Of Business": 0.0,
        "Restructuring And Mergern Acquisition": 81000000.0,
        "Net Non Operating Interest Income Expense": -40000000.0,
        "Interest Expense Non Operating": 40000000.0,
        "Operating Income": 224000000.0,
        "Operating Expense": 552000000.0,
        "Depreciation Amortization Depletion Income Statement": 83000000.0,
        "Depreciation And Amortization In Income Statement": 83000000.0,
        "Amortization": 57000000.0,
        "Amortization Of Intangibles Income Statement": 57000000.0,
        "Depreciation Income Statement": 26000000.0,
        "Selling General And Administration": 469000000.0,
        "Selling And Marketing Expense": 197000000.0,
        "General And Administrative Expense": 272000000.0,
        "Other Gand A": 272000000.0,
        "Gross Profit": 776000000.0,
        "Cost Of Revenue": 854000000.0,
        "Total Revenue": 1630000000.0,
        "Operating Revenue": 1630000000.0
    },
    "2024-12-31": {
        "Tax Effect Of Unusual Items": -7281818.181818,
        "Tax Rate For Calcs": 0.269697,
        "Normalized EBITDA": 480000000.0,
        "Total Unusual Items": -27000000.0,
        "Total Unusual Items Excluding Goodwill": -27000000.0,
        "Net Income From Continuing Operation Net Minority Interest": 236000000.0,
        "Reconciled Depreciation": 86000000.0,
        "Reconciled Cost Of Revenue": 894000000.0,
        "EBITDA": 453000000.0,
        "EBIT": 367000000.0,
        "Net Interest Income": -37000000.0,
        "Interest Expense": 37000000.0,
        "Normalized Income": 255718181.818182,
        "Net Income From Continuing And Discontinued Operation": 236000000.0,
        "Total Expenses": 1425000000.0,
        "Total Operating Income As Reported": 214000000.0,
        "Diluted Average Shares": 518433000.0,
        "Basic Average Shares": 518433000.0,
        "Diluted EPS": 0.45,
        "Basic EPS": 0.45,
        "Diluted NI Availto Com Stockholders": 233000000.0,
        "Net Income Common Stockholders": 233000000.0,
        "Otherunder Preferred Stock Dividend": 3000000.0,
        "Net Income": 236000000.0,
        "Minority Interests": -5000000.0,
        "Net Income Including Noncontrolling Interests": 241000000.0,
        "Net Income Continuous Operations": 241000000.0,
        "Tax Provision": 89000000.0,
        "Pretax Income": 330000000.0,
        "Other Income Expense": 126000000.0,
        "Other Non Operating Income Expenses": 153000000.0,
        "Special Income Charges": -27000000.0,
        "Gain On Sale Of Business": 0.0,
        "Restructuring And Mergern Acquisition": 27000000.0,
        "Net Non Operating Interest Income Expense": -37000000.0,
        "Interest Expense Non Operating": 37000000.0,
        "Operating Income": 241000000.0,
        "Operating Expense": 531000000.0,
        "Depreciation Amortization Depletion Income Statement": 86000000.0,
        "Depreciation And Amortization In Income Statement": 86000000.0,
        "Amortization": 57000000.0,
        "Amortization Of Intangibles Income Statement": 57000000.0,
        "Depreciation Income Statement": 29000000.0,
        "Selling General And Administration": 445000000.0,
        "Selling And Marketing Expense": 190000000.0,
        "General And Administrative Expense": 255000000.0,
        "Other Gand A": 255000000.0,
        "Gross Profit": 772000000.0,
        "Cost Of Revenue": 894000000.0,
        "Total Revenue": 1666000000.0,
        "Operating Revenue": 1666000000.0
    },
    "2025-03-31": {
        "Tax Effect Of Unusual Items": -2730000.0,
        "Tax Rate For Calcs": 0.21,
        "Normalized EBITDA": 207000000.0,
        "Total Unusual Items": -13000000.0,
        "Total Unusual Items Excluding Goodwill": -13000000.0,
        "Net Income From Continuing Operation Net Minority Interest": 36000000.0,
        "Reconciled Depreciation": 90000000.0,
        "Reconciled Cost Of Revenue": 791000000.0,
        "EBITDA": 194000000.0,
        "EBIT": 104000000.0,
        "Net Interest Income": -39000000.0,
        "Interest Expense": 39000000.0,
        "Normalized Income": 46270000.0,
        "Net Income From Continuing And Discontinued Operation": 36000000.0,
        "Total Expenses": 1303000000.0,
        "Total Operating Income As Reported": 168000000.0,
        "Diluted Average Shares": 520318000.0,
        "Basic Average Shares": 520318000.0,
        "Diluted EPS": 0.07,
        "Basic EPS": 0.07,
        "Diluted NI Availto Com Stockholders": 36000000.0,
        "Net Income Common Stockholders": 36000000.0,
        "Otherunder Preferred Stock Dividend": 0.0,
        "Net Income": 36000000.0,
        "Minority Interests": 0.0,
        "Net Income Including Noncontrolling Interests": 36000000.0,
        "Net Income Continuous Operations": 36000000.0,
        "Tax Provision": 29000000.0,
        "Pretax Income": 65000000.0,
        "Other Income Expense": -77000000.0,
        "Other Non Operating Income Expenses": -64000000.0,
        "Special Income Charges": -13000000.0,
        "Gain On Sale Of Business": 0.0,
        "Restructuring And Mergern Acquisition": 13000000.0,
        "Net Non Operating Interest Income Expense": -39000000.0,
        "Interest Expense Non Operating": 39000000.0,
        "Operating Income": 181000000.0,
        "Operating Expense": 512000000.0,
        "Depreciation Amortization Depletion Income Statement": 90000000.0,
        "Depreciation And Amortization In Income Statement": 90000000.0,
        "Amortization": 62000000.0,
        "Amortization Of Intangibles Income Statement": 62000000.0,
        "Depreciation Income Statement": 28000000.0,
        "Selling General And Administration": 422000000.0,
        "Selling And Marketing Expense": 174000000.0,
        "General And Administrative Expense": 248000000.0,
        "Other Gand A": 248000000.0,
        "Gross Profit": 693000000.0,
        "Cost Of Revenue": 791000000.0,
        "Total Revenue": 1484000000.0,
        "Operating Revenue": 1484000000.0
    }
}