{
    "2023-03-31": {
        "Tax Effect Of Unusual Items": NaN,
        "Tax Rate For Calcs": NaN,
        "Normalized EBITDA": NaN,
        "Total Unusual Items": NaN,
        "Total Unusual Items Excluding Goodwill": NaN,
        "Net Income From Continuing Operation Net Minority Interest": NaN,
        "Reconciled Depreciation": NaN,
        "Reconciled Cost Of Revenue": NaN,
        "EBITDA": NaN,
        "EBIT": NaN,
        "Normalized Income": NaN,
        "Net Income From Continuing And Discontinued Operation": NaN,
        "Total Expenses": NaN,
        "Total Operating Income As Reported": NaN,
        "Diluted Average Shares": 26898443.0,
        "Basic Average Shares": 26898443.0,
        "Diluted EPS": 0.959684,
        "Basic EPS": 0.96,
        "Diluted NI Availto Com Stockholders": NaN,
        "Net Income Common Stockholders": NaN,
        "Net Income": NaN,
        "Net Income Including Noncontrolling Interests": NaN,
        "Net Income Continuous Operations": NaN,
        "Tax Provision": NaN,
        "Pretax Income": NaN,
        "Other Income Expense": NaN,
        "Other Non Operating Income Expenses": NaN,
        "Gain On Sale Of Security": NaN,
        "Operating Income": NaN,
        "Operating Expense": NaN,
        "Depreciation Amortization Depletion Income Statement": NaN,
        "Depreciation And Amortization In Income Statement": NaN,
        "Selling General And Administration": 253171000.0,
        "General And Administrative Expense": 253171000.0,
        "Other Gand A": 253171000.0,
        "Gross Profit": NaN,
        "Cost Of Revenue": NaN,
        "Total Revenue": NaN,
        "Operating Revenue": NaN
    },
    "2022-12-31": {
        "Tax Effect Of Unusual Items": 646619.782669,
        "Tax Rate For Calcs": 0.195235,
        "Normalized EBITDA": 56686000.0,
        "Total Unusual Items": 3312000.0,
        "Total Unusual Items Excluding Goodwill": 3312000.0,
        "Net Income From Continuing Operation Net Minority Interest": 28883000.0,
        "Reconciled Depreciation": 26422000.0,
        "Reconciled Cost Of Revenue": 997718000.0,
        "EBITDA": 59998000.0,
        "EBIT": 33576000.0,
        "Normalized Income": 26217619.782669,
        "Net Income From Continuing And Discontinued Operation": 28883000.0,
        "Total Expenses": 1272514000.0,
        "Total Operating Income As Reported": 33576000.0,
        "Diluted Average Shares": NaN,
        "Basic Average Shares": NaN,
        "Diluted EPS": NaN,
        "Basic EPS": NaN,
        "Diluted NI Availto Com Stockholders": 28883000.0,
        "Net Income Common Stockholders": 28883000.0,
        "Net Income": 28883000.0,
        "Net Income Including Noncontrolling Interests": 28883000.0,
        "Net Income Continuous Operations": 28883000.0,
        "Tax Provision": 7007000.0,
        "Pretax Income": 35890000.0,
        "Other Income Expense": 2314000.0,
        "Other Non Operating Income Expenses": -998000.0,
        "Gain On Sale Of Security": 3312000.0,
        "Operating Income": 33576000.0,
        "Operating Expense": 274796000.0,
        "Depreciation Amortization Depletion Income Statement": NaN,
        "Depreciation And Amortization In Income Statement": NaN,
        "Selling General And Administration": 274796000.0,
        "General And Administrative Expense": 274796000.0,
        "Other Gand A": 274796000.0,
        "Gross Profit": 308372000.0,
        "Cost Of Revenue": 997718000.0,
        "Total Revenue": 1306090000.0,
        "Operating Revenue": 1306090000.0
    },
    "2022-09-30": {
        "Tax Effect Of Unusual Items": NaN,
        "Tax Rate For Calcs": NaN,
        "Normalized EBITDA": NaN,
        "Total Unusual Items": NaN,
        "Total Unusual Items Excluding Goodwill": NaN,
        "Net Income From Continuing Operation Net Minority Interest": NaN,
        "Reconciled Depreciation": NaN,
        "Reconciled Cost Of Revenue": NaN,
        "EBITDA": NaN,
        "EBIT": NaN,
        "Normalized Income": NaN,
        "Net Income From Continuing And Discontinued Operation": NaN,
        "Total Expenses": NaN,
        "Total Operating Income As Reported": NaN,
        "Diluted Average Shares": 26898443.0,
        "Basic Average Shares": 26898443.0,
        "Diluted EPS": 1.07,
        "Basic EPS": 1.07,
        "Diluted NI Availto Com Stockholders": NaN,
        "Net Income Common Stockholders": NaN,
        "Net Income": NaN,
        "Net Income Including Noncontrolling Interests": NaN,
        "Net Income Continuous Operations": NaN,
        "Tax Provision": NaN,
        "Pretax Income": NaN,
        "Other Income Expense": NaN,
        "Other Non Operating Income Expenses": NaN,
        "Gain On Sale Of Security": NaN,
        "Operating Income": NaN,
        "Operating Expense": NaN,
        "Depreciation Amortization Depletion Income Statement": 23700000.0,
        "Depreciation And Amortization In Income Statement": 23700000.0,
        "Selling General And Administration": NaN,
        "General And Administrative Expense": NaN,
        "Other Gand A": NaN,
        "Gross Profit": NaN,
        "Cost Of Revenue": NaN,
        "Total Revenue": NaN,
        "Operating Revenue": NaN
    },
    "2022-06-30": {
        "Tax Effect Of Unusual Items": -275010.0,
        "Tax Rate For Calcs": 0.267,
        "Normalized EBITDA": 75316000.0,
        "Total Unusual Items": -1030000.0,
        "Total Unusual Items Excluding Goodwill": -1030000.0,
        "Net Income From Continuing Operation Net Minority Interest": 36266000.0,
        "Reconciled Depreciation": 25881000.0,
        "Reconciled Cost Of Revenue": 843020000.0,
        "EBITDA": 74286000.0,
        "EBIT": 48405000.0,
        "Normalized Income": 37020990.0,
        "Net Income From Continuing And Discontinued Operation": 36266000.0,
        "Total Expenses": 1086829000.0,
        "Total Operating Income As Reported": 48405000.0,
        "Diluted Average Shares": 26898443.0,
        "Basic Average Shares": 26898443.0,
        "Diluted EPS": 1.35,
        "Basic EPS": 1.35,
        "Diluted NI Availto Com Stockholders": 36266000.0,
        "Net Income Common Stockholders": 36266000.0,
        "Net Income": 36266000.0,
        "Net Income Including Noncontrolling Interests": 36266000.0,
        "Net Income Continuous Operations": 36266000.0,
        "Tax Provision": 13194000.0,
        "Pretax Income": 49460000.0,
        "Other Income Expense": 1055000.0,
        "Other Non Operating Income Expenses": 2085000.0,
        "Gain On Sale Of Security": -1030000.0,
        "Operating Income": 48405000.0,
        "Operating Expense": 243809000.0,
        "Selling General And Administration": 243809000.0,
        "Gross Profit": 292214000.0,
        "Cost Of Revenue": 843020000.0,
        "Total Revenue": 1135234000.0,
        "Operating Revenue": 1135234000.0
    },
    "2022-03-31": {
        "Diluted EPS": 1.17,
        "Total Revenue": NaN,
        "Gross Profit": 294,
        "Operating Income": 41,
        "EBIT": 67,
        "Net Income": 31
    },
    "2021-12-31": {
        "Diluted EPS": 0.85,
        "Total Revenue": NaN,
        "Gross Profit": 284,
        "Operating Income": 30,
        "EBIT": 56,
        "Net Income": 23
    },
    "2021-09-30": {
        "Diluted EPS": 1.06,
        "Total Revenue": NaN,
        "Gross Profit": 283,
        "Operating Income": 39,
        "EBIT": 65,
        "Net Income": 29
    },
    "2021-06-30": {
        "Diluted EPS": 1.24,
        "Total Revenue": NaN,
        "Gross Profit": 281,
        "Operating Income": 46,
        "EBIT": 71,
        "Net Income": 33
    },
    "2021-03-31": {
        "Diluted EPS": 0.9,
        "Total Revenue": NaN,
        "Gross Profit": 267,
        "Operating Income": 32,
        "EBIT": 57,
        "Net Income": 24
    },
    "2020-12-31": {
        "Diluted EPS": 0.73,
        "Total Revenue": NaN,
        "Gross Profit": 269,
        "Operating Income": 27,
        "EBIT": 52,
        "Net Income": 19
    },
    "2020-09-30": {
        "Diluted EPS": 1.16,
        "Total Revenue": NaN,
        "Gross Profit": 274,
        "Operating Income": 43,
        "EBIT": 69,
        "Net Income": 31
    },
    "2020-06-30": {
        "Diluted EPS": 1.54,
        "Total Revenue": NaN,
        "Gross Profit": 293,
        "Operating Income": 56,
        "EBIT": 80,
        "Net Income": 41
    },
    "2020-03-31": {
        "Diluted EPS": 0.99,
        "Total Revenue": 986,
        "Gross Profit": 264,
        "Operating Income": 37,
        "EBIT": 61,
        "Net Income": 27
    },
    "2019-12-31": {
        "Diluted EPS": 0.71,
        "Total Revenue": 902,
        "Gross Profit": 239,
        "Operating Income": 23,
        "EBIT": 47,
        "Net Income": 19
    },
    "2019-09-30": {
        "Diluted EPS": 0.53,
        "Total Revenue": 876,
        "Gross Profit": 233,
        "Operating Income": 18,
        "EBIT": 41,
        "Net Income": 14
    },
    "2019-06-30": {
        "Diluted EPS": 0.76,
        "Total Revenue": 888,
        "Gross Profit": 237,
        "Operating Income": 26,
        "EBIT": 49,
        "Net Income": 20
    },
    "2019-03-31": {
        "Diluted EPS": 0.53,
        "Total Revenue": 877,
        "Gross Profit": 230,
        "Operating Income": 18,
        "EBIT": 41,
        "Net Income": 14
    },
    "2018-12-31": {
        "Diluted EPS": 0.49,
        "Total Revenue": 893,
        "Gross Profit": 227,
        "Operating Income": 16,
        "EBIT": 40,
        "Net Income": 13
    },
    "2018-09-30": {
        "Diluted EPS": 0.53,
        "Total Revenue": 869,
        "Gross Profit": 232,
        "Operating Income": 18,
        "EBIT": 41,
        "Net Income": 14
    },
    "2018-06-30": {
        "Diluted EPS": 0.71,
        "Total Revenue": 871,
        "Gross Profit": 240,
        "Operating Income": 26,
        "EBIT": 49,
        "Net Income": 19
    },
    "2018-03-31": {
        "Diluted EPS": 0.6,
        "Total Revenue": 876,
        "Gross Profit": 235,
        "Operating Income": 23,
        "EBIT": 46,
        "Net Income": 16
    },
    "2017-12-31": {
        "Diluted EPS": 2.37,
        "Total Revenue": 884,
        "Gross Profit": 230,
        "Operating Income": 24,
        "EBIT": 46,
        "Net Income": 64
    },
    "2017-09-30": {
        "Diluted EPS": 0.16,
        "Total Revenue": 854,
        "Gross Profit": 220,
        "Operating Income": 6,
        "EBIT": 28,
        "Net Income": 4
    },
    "2017-06-30": {
        "Diluted EPS": 0.69,
        "Total Revenue": 877,
        "Gross Profit": 234,
        "Operating Income": 28,
        "EBIT": 49,
        "Net Income": 18
    },
    "2017-03-31": {
        "Diluted EPS": 0.44,
        "Total Revenue": 852,
        "Gross Profit": 229,
        "Operating Income": 20,
        "EBIT": 41,
        "Net Income": 12
    },
    "2016-12-31": {
        "Diluted EPS": 1.52,
        "Total Revenue": 925,
        "Gross Profit": 250,
        "Operating Income": 27,
        "EBIT": 48,
        "Net Income": 41
    },
    "2016-09-30": {
        "Diluted EPS": 0.4,
        "Total Revenue": 743,
        "Gross Profit": 205,
        "Operating Income": 16,
        "EBIT": 35,
        "Net Income": 11
    },
    "2016-06-30": {
        "Diluted EPS": 0.57,
        "Total Revenue": 730,
        "Gross Profit": 202,
        "Operating Income": 24,
        "EBIT": 43,
        "Net Income": 15
    },
    "2016-03-31": {
        "Diluted EPS": 0.75,
        "Total Revenue": 738,
        "Gross Profit": 207,
        "Operating Income": 31,
        "EBIT": 50,
        "Net Income": 20
    },
    "2015-12-31": {
        "Diluted EPS": 0.61,
        "Total Revenue": 734,
        "Gross Profit": 199,
        "Operating Income": 26,
        "EBIT": 44,
        "Net Income": 17
    },
    "2015-09-30": {
        "Diluted EPS": 0.48,
        "Total Revenue": 712,
        "Gross Profit": 194,
        "Operating Income": 20,
        "EBIT": 37,
        "Net Income": 13
    },
    "2015-06-30": {
        "Diluted EPS": 0.62,
        "Total Revenue": 718,
        "Gross Profit": 199,
        "Operating Income": 26,
        "EBIT": 43,
        "Net Income": 17
    },
    "2015-03-31": {
        "Diluted EPS": 0.5,
        "Total Revenue": 712,
        "Gross Profit": 195,
        "Operating Income": 20,
        "EBIT": 37,
        "Net Income": 13
    },
    "2014-12-31": {
        "Diluted EPS": 0.49,
        "Total Revenue": 714,
        "Gross Profit": 193,
        "Operating Income": 20,
        "EBIT": 37,
        "Net Income": 13
    },
    "2014-09-30": {
        "Diluted EPS": 0.5,
        "Total Revenue": 684,
        "Gross Profit": 186,
        "Operating Income": 20,
        "EBIT": 37,
        "Net Income": 14
    },
    "2014-06-30": {
        "Diluted EPS": 0.48,
        "Total Revenue": 692,
        "Gross Profit": 188,
        "Operating Income": 19,
        "EBIT": 36,
        "Net Income": 13
    },
    "2014-03-31": {
        "Diluted EPS": 0.55,
        "Total Revenue": 687,
        "Gross Profit": 187,
        "Operating Income": 22,
        "EBIT": 38,
        "Net Income": 15
    },
    "2013-12-31": {
        "Diluted EPS": 0.64,
        "Total Revenue": 686,
        "Gross Profit": 181,
        "Operating Income": 27,
        "EBIT": 43,
        "Net Income": 17
    },
    "2013-09-30": {
        "Diluted EPS": 0.43,
        "Total Revenue": 661,
        "Gross Profit": 183,
        "Operating Income": 18,
        "EBIT": 33,
        "Net Income": 12
    },
    "2013-06-30": {
        "Diluted EPS": 0.9,
        "Total Revenue": 662,
        "Gross Profit": 190,
        "Operating Income": 38,
        "EBIT": 52,
        "Net Income": 24
    },
    "2013-03-31": {
        "Diluted EPS": 0.75,
        "Total Revenue": 683,
        "Gross Profit": 191,
        "Operating Income": 31,
        "EBIT": 45,
        "Net Income": 20
    },
    "2012-12-31": {
        "Diluted EPS": 0.83,
        "Total Revenue": 694,
        "Gross Profit": 191,
        "Operating Income": 35,
        "EBIT": 48,
        "Net Income": 22
    },
    "2012-09-30": {
        "Diluted EPS": 0.64,
        "Total Revenue": 668,
        "Gross Profit": 181,
        "Operating Income": 26,
        "EBIT": 39,
        "Net Income": 17
    },
    "2012-06-30": {
        "Diluted EPS": 0.86,
        "Total Revenue": 677,
        "Gross Profit": 188,
        "Operating Income": 35,
        "EBIT": 48,
        "Net Income": 23
    },
    "2012-03-31": {
        "Diluted EPS": 0.74,
        "Total Revenue": 662,
        "Gross Profit": 183,
        "Operating Income": 30,
        "EBIT": 43,
        "Net Income": 20
    },
    "2011-12-31": {
        "Diluted EPS": 0.72,
        "Total Revenue": 738,
        "Gross Profit": 192,
        "Operating Income": 28,
        "EBIT": 44,
        "Net Income": 19
    },
    "2011-09-30": {
        "Diluted EPS": 0.63,
        "Total Revenue": 679,
        "Gross Profit": 183,
        "Operating Income": 26,
        "EBIT": 41,
        "Net Income": 17
    },
    "2011-06-30": {
        "Diluted EPS": 0.77,
        "Total Revenue": 677,
        "Gross Profit": 183,
        "Operating Income": 32,
        "EBIT": 46,
        "Net Income": 21
    },
    "2011-03-31": {
        "Diluted EPS": 0.69,
        "Total Revenue": 659,
        "Gross Profit": 179,
        "Operating Income": 28,
        "EBIT": 42,
        "Net Income": 19
    },
    "2010-12-31": {
        "Diluted EPS": 0.52,
        "Total Revenue": 662,
        "Gross Profit": 172,
        "Operating Income": 21,
        "EBIT": 35,
        "Net Income": 14
    },
    "2010-09-30": {
        "Diluted EPS": 0.61,
        "Total Revenue": 640,
        "Gross Profit": 178,
        "Operating Income": 25,
        "EBIT": 39,
        "Net Income": 16
    },
    "2010-06-30": {
        "Diluted EPS": 0.76,
        "Total Revenue": 654,
        "Gross Profit": 184,
        "Operating Income": 33,
        "EBIT": 46,
        "Net Income": 21
    },
    "2010-03-31": {
        "Diluted EPS": 0.65,
        "Total Revenue": 664,
        "Gross Profit": 180,
        "Operating Income": 27,
        "EBIT": 40,
        "Net Income": 17
    },
    "2009-12-31": {
        "Diluted EPS": 0.58,
        "Total Revenue": 671,
        "Gross Profit": 177,
        "Operating Income": 24,
        "EBIT": 38,
        "Net Income": 16
    },
    "2009-09-30": {
        "Diluted EPS": 0.58,
        "Total Revenue": 623,
        "Gross Profit": 171,
        "Operating Income": 24,
        "EBIT": 38,
        "Net Income": 16
    },
    "2009-06-30": {
        "Diluted EPS": 0.56,
        "Total Revenue": 615,
        "Gross Profit": 166,
        "Operating Income": 23,
        "EBIT": 36,
        "Net Income": 15
    },
    "2009-03-31": {
        "Diluted EPS": 0.61,
        "Total Revenue": 606,
        "Gross Profit": 164,
        "Operating Income": 25,
        "EBIT": 38,
        "Net Income": 17
    },
    "2023-06-30": {
        "Tax Effect Of Unusual Items": NaN,
        "Tax Rate For Calcs": NaN,
        "Normalized EBITDA": NaN,
        "Total Unusual Items": NaN,
        "Total Unusual Items Excluding Goodwill": NaN,
        "Net Income From Continuing Operation Net Minority Interest": NaN,
        "Reconciled Depreciation": NaN,
        "Reconciled Cost Of Revenue": NaN,
        "EBITDA": NaN,
        "EBIT": NaN,
        "Normalized Income": NaN,
        "Net Income From Continuing And Discontinued Operation": NaN,
        "Total Expenses": NaN,
        "Total Operating Income As Reported": NaN,
        "Diluted Average Shares": 26898443.0,
        "Basic Average Shares": 26898443.0,
        "Diluted EPS": 1.27,
        "Basic EPS": 1.27,
        "Diluted NI Availto Com Stockholders": NaN,
        "Net Income Common Stockholders": NaN,
        "Net Income": NaN,
        "Net Income Including Noncontrolling Interests": NaN,
        "Net Income Continuous Operations": NaN,
        "Tax Provision": NaN,
        "Pretax Income": NaN,
        "Other Income Expense": NaN,
        "Other Non Operating Income Expenses": NaN,
        "Gain On Sale Of Security": NaN,
        "Operating Income": NaN,
        "Operating Expense": NaN,
        "Depreciation Amortization Depletion Income Statement": NaN,
        "Depreciation And Amortization In Income Statement": NaN,
        "Selling General And Administration": NaN,
        "General And Administrative Expense": NaN,
        "Other Gand A": NaN,
        "Gross Profit": NaN,
        "Cost Of Revenue": NaN,
        "Total Revenue": NaN,
        "Operating Revenue": NaN
    },
    "2023-09-30": {
        "Tax Effect Of Unusual Items": NaN,
        "Tax Rate For Calcs": NaN,
        "Normalized EBITDA": NaN,
        "Total Unusual Items": NaN,
        "Total Unusual Items Excluding Goodwill": NaN,
        "Net Income From Continuing Operation Net Minority Interest": NaN,
        "Reconciled Depreciation": NaN,
        "Reconciled Cost Of Revenue": NaN,
        "EBITDA": NaN,
        "EBIT": NaN,
        "Normalized Income": NaN,
        "Net Income From Continuing And Discontinued Operation": NaN,
        "Total Expenses": NaN,
        "Total Operating Income As Reported": NaN,
        "Diluted Average Shares": 26898443.0,
        "Basic Average Shares": 26898443.0,
        "Diluted EPS": 0.86,
        "Basic EPS": 0.86,
        "Diluted NI Availto Com Stockholders": NaN,
        "Net Income Common Stockholders": NaN,
        "Net Income": NaN,
        "Net Income Including Noncontrolling Interests": NaN,
        "Net Income Continuous Operations": NaN,
        "Tax Provision": NaN,
        "Pretax Income": NaN,
        "Other Income Expense": NaN,
        "Other Non Operating Income Expenses": NaN,
        "Gain On Sale Of Security": NaN,
        "Operating Income": NaN,
        "Operating Expense": NaN,
        "Depreciation Amortization Depletion Income Statement": 24700000.0,
        "Depreciation And Amortization In Income Statement": 24700000.0,
        "Selling General And Administration": 231350000.0,
        "General And Administrative Expense": 231350000.0,
        "Other Gand A": 231350000.0,
        "Gross Profit": NaN,
        "Cost Of Revenue": NaN,
        "Total Revenue": NaN,
        "Operating Revenue": NaN
    },
    "2023-12-31": {
        "Tax Effect Of Unusual Items": NaN,
        "Tax Rate For Calcs": NaN,
        "Normalized EBITDA": NaN,
        "Total Unusual Items": NaN,
        "Total Unusual Items Excluding Goodwill": NaN,
        "Net Income From Continuing Operation Net Minority Interest": NaN,
        "Reconciled Depreciation": NaN,
        "Reconciled Cost Of Revenue": NaN,
        "EBITDA": NaN,
        "EBIT": NaN,
        "Normalized Income": NaN,
        "Net Income From Continuing And Discontinued Operation": NaN,
        "Total Expenses": NaN,
        "Total Operating Income As Reported": NaN,
        "Diluted Average Shares": NaN,
        "Basic Average Shares": NaN,
        "Diluted EPS": NaN,
        "Basic EPS": NaN,
        "Diluted NI Availto Com Stockholders": NaN,
        "Net Income Common Stockholders": NaN,
        "Net Income": NaN,
        "Net Income Including Noncontrolling Interests": NaN,
        "Net Income Continuous Operations": NaN,
        "Tax Provision": NaN,
        "Pretax Income": NaN,
        "Other Income Expense": NaN,
        "Other Non Operating Income Expenses": NaN,
        "Gain On Sale Of Security": NaN,
        "Operating Income": NaN,
        "Operating Expense": NaN,
        "Other Operating Expenses": NaN,
        "Depreciation Amortization Depletion Income Statement": NaN,
        "Depreciation And Amortization In Income Statement": NaN,
        "Selling General And Administration": 237711000.0,
        "General And Administrative Expense": 237711000.0,
        "Other Gand A": 237711000.0,
        "Gross Profit": NaN,
        "Cost Of Revenue": NaN,
        "Total Revenue": NaN,
        "Operating Revenue": NaN
    },
    "2024-03-31": {
        "Tax Effect Of Unusual Items": NaN,
        "Tax Rate For Calcs": NaN,
        "Normalized EBITDA": NaN,
        "Total Unusual Items": NaN,
        "Total Unusual Items Excluding Goodwill": NaN,
        "Net Income From Continuing Operation Net Minority Interest": NaN,
        "Reconciled Depreciation": NaN,
        "Reconciled Cost Of Revenue": NaN,
        "EBITDA": NaN,
        "EBIT": NaN,
        "Normalized Income": NaN,
        "Net Income From Continuing And Discontinued Operation": NaN,
        "Total Expenses": NaN,
        "Total Operating Income As Reported": NaN,
        "Diluted Average Shares": NaN,
        "Basic Average Shares": NaN,
        "Diluted EPS": NaN,
        "Basic EPS": NaN,
        "Diluted NI Availto Com Stockholders": NaN,
        "Net Income Common Stockholders": NaN,
        "Net Income": NaN,
        "Net Income Including Noncontrolling Interests": NaN,
        "Net Income Continuous Operations": NaN,
        "Tax Provision": NaN,
        "Pretax Income": NaN,
        "Other Income Expense": NaN,
        "Other Non Operating Income Expenses": -1401000.0,
        "Gain On Sale Of Security": NaN,
        "Operating Income": NaN,
        "Operating Expense": NaN,
        "Other Operating Expenses": NaN,
        "Depreciation Amortization Depletion Income Statement": NaN,
        "Depreciation And Amortization In Income Statement": NaN,
        "Selling General And Administration": 242847000.0,
        "General And Administrative Expense": 242847000.0,
        "Other Gand A": 242847000.0,
        "Gross Profit": NaN,
        "Cost Of Revenue": NaN,
        "Total Revenue": NaN,
        "Operating Revenue": NaN
    },
    "2024-06-30": {
        "Tax Effect Of Unusual Items": 1108926.0,
        "Tax Rate For Calcs": 0.273,
        "Normalized EBITDA": 56333000.0,
        "Total Unusual Items": 4062000.0,
        "Total Unusual Items Excluding Goodwill": 4062000.0,
        "Net Income From Continuing Operation Net Minority Interest": 26259000.0,
        "Reconciled Depreciation": 27906000.0,
        "Reconciled Cost Of Revenue": 883989000.0,
        "EBITDA": 60395000.0,
        "EBIT": 32489000.0,
        "Normalized Income": 23305926.0,
        "Net Income From Continuing And Discontinued Operation": 26259000.0,
        "Total Expenses": 1153230000.0,
        "Total Operating Income As Reported": 32489000.0,
        "Diluted Average Shares": 26898443.0,
        "Basic Average Shares": 26898443.0,
        "Diluted EPS": 0.98,
        "Basic EPS": 0.98,
        "Diluted NI Availto Com Stockholders": 26259000.0,
        "Net Income Common Stockholders": 26259000.0,
        "Net Income": 26259000.0,
        "Net Income Including Noncontrolling Interests": 26259000.0,
        "Net Income Continuous Operations": 26259000.0,
        "Tax Provision": 9885000.0,
        "Pretax Income": 36144000.0,
        "Other Income Expense": 3655000.0,
        "Other Non Operating Income Expenses": -407000.0,
        "Gain On Sale Of Security": 4062000.0,
        "Operating Income": 32489000.0,
        "Operating Expense": 266535000.0,
        "Other Operating Expenses": 241335000.0,
        "Depreciation Amortization Depletion Income Statement": 25200000.0,
        "Depreciation And Amortization In Income Statement": 25200000.0,
        "Selling General And Administration": NaN,
        "General And Administrative Expense": NaN,
        "Other Gand A": NaN,
        "Gross Profit": 299024000.0,
        "Cost Of Revenue": 886695000.0,
        "Total Revenue": 1185719000.0,
        "Operating Revenue": 1181456000.0
    },
    "2024-09-30": {
        "Tax Effect Of Unusual Items": 2181744.0,
        "Tax Rate For Calcs": 0.278,
        "Normalized EBITDA": 50266000.0,
        "Total Unusual Items": 7848000.0,
        "Total Unusual Items Excluding Goodwill": 7848000.0,
        "Net Income From Continuing Operation Net Minority Interest": 25840000.0,
        "Reconciled Depreciation": 28556000.0,
        "Reconciled Cost Of Revenue": 892336000.0,
        "EBITDA": 58114000.0,
        "EBIT": 29558000.0,
        "Normalized Income": 20173744.0,
        "Net Income From Continuing And Discontinued Operation": 25840000.0,
        "Total Expenses": 1156674000.0,
        "Total Operating Income As Reported": 29558000.0,
        "Diluted Average Shares": 26898443.0,
        "Basic Average Shares": 26898443.0,
        "Diluted EPS": 0.96,
        "Basic EPS": 0.96,
        "Diluted NI Availto Com Stockholders": 25840000.0,
        "Net Income Common Stockholders": 25840000.0,
        "Net Income": 25840000.0,
        "Net Income Including Noncontrolling Interests": 25840000.0,
        "Net Income Continuous Operations": 25840000.0,
        "Tax Provision": 9945000.0,
        "Pretax Income": 35785000.0,
        "Other Income Expense": 6227000.0,
        "Other Non Operating Income Expenses": -1621000.0,
        "Gain On Sale Of Security": 7848000.0,
        "Operating Income": 29558000.0,
        "Operating Expense": 261582000.0,
        "Other Operating Expenses": 235782000.0,
        "Depreciation Amortization Depletion Income Statement": 25800000.0,
        "Depreciation And Amortization In Income Statement": 25800000.0,
        "Selling General And Administration": 235782000.0,
        "General And Administrative Expense": 235782000.0,
        "Other Gand A": 235782000.0,
        "Gross Profit": 291140000.0,
        "Cost Of Revenue": 895092000.0,
        "Total Revenue": 1186232000.0,
        "Operating Revenue": 1186232000.0
    },
    "2024-12-31": {
        "Tax Effect Of Unusual Items": 1170333.603792,
        "Tax Rate For Calcs": 0.259555,
        "Normalized EBITDA": 67763000.0,
        "Total Unusual Items": 4509000.0,
        "Total Unusual Items Excluding Goodwill": 4509000.0,
        "Net Income From Continuing Operation Net Minority Interest": 34678000.0,
        "Reconciled Depreciation": 29966000.0,
        "Reconciled Cost Of Revenue": 915057000.0,
        "EBITDA": 72272000.0,
        "EBIT": 42306000.0,
        "Normalized Income": 31339333.603792,
        "Net Income From Continuing And Discontinued Operation": 34678000.0,
        "Total Expenses": 1202822000.0,
        "Total Operating Income As Reported": 42306000.0,
        "Diluted Average Shares": 26898443.0,
        "Basic Average Shares": 26898443.0,
        "Diluted EPS": 1.29,
        "Basic EPS": 1.29,
        "Diluted NI Availto Com Stockholders": 34678000.0,
        "Net Income Common Stockholders": 34678000.0,
        "Net Income": 34678000.0,
        "Net Income Including Noncontrolling Interests": 34678000.0,
        "Net Income Continuous Operations": 34678000.0,
        "Tax Provision": 12156000.0,
        "Pretax Income": 46834000.0,
        "Other Income Expense": 4529000.0,
        "Other Non Operating Income Expenses": 20000.0,
        "Gain On Sale Of Security": 4509000.0,
        "Operating Income": 42306000.0,
        "Operating Expense": 284899000.0,
        "Other Operating Expenses": 257799000.0,
        "Depreciation Amortization Depletion Income Statement": 27100000.0,
        "Depreciation And Amortization In Income Statement": 27100000.0,
        "Selling General And Administration": 257799000.0,
        "General And Administrative Expense": 257799000.0,
        "Other Gand A": 257799000.0,
        "Gross Profit": 327205000.0,
        "Cost Of Revenue": 917923000.0,
        "Total Revenue": 1245128000.0,
        "Operating Revenue": 1227278000.0
    },
    "2025-03-31": {
        "Tax Effect Of Unusual Items": 1253984.0,
        "Tax Rate For Calcs": 0.263,
        "Normalized EBITDA": 47891000.0,
        "Total Unusual Items": 4768000.0,
        "Total Unusual Items Excluding Goodwill": 4768000.0,
        "Net Income From Continuing Operation Net Minority Interest": 20478000.0,
        "Reconciled Depreciation": 29623000.0,
        "Reconciled Cost Of Revenue": 898351000.0,
        "EBITDA": 52659000.0,
        "EBIT": 23036000.0,
        "Normalized Income": 16963984.0,
        "Net Income From Continuing And Discontinued Operation": 20478000.0,
        "Total Expenses": 1177740000.0,
        "Total Operating Income As Reported": 23036000.0,
        "Diluted Average Shares": 26898443.0,
        "Basic Average Shares": 26898443.0,
        "Diluted EPS": 0.76,
        "Basic EPS": 0.76,
        "Diluted NI Availto Com Stockholders": 20478000.0,
        "Net Income Common Stockholders": 20478000.0,
        "Net Income": 20478000.0,
        "Net Income Including Noncontrolling Interests": 20478000.0,
        "Net Income Continuous Operations": 20478000.0,
        "Tax Provision": 7326000.0,
        "Pretax Income": 27804000.0,
        "Other Income Expense": 4768000.0,
        "Other Non Operating Income Expenses": NaN,
        "Gain On Sale Of Security": 4768000.0,
        "Operating Income": 23036000.0,
        "Operating Expense": 276466000.0,
        "Other Operating Expenses": 249766000.0,
        "Depreciation Amortization Depletion Income Statement": 26700000.0,
        "Depreciation And Amortization In Income Statement": 26700000.0,
        "Selling General And Administration": 249766000.0,
        "General And Administrative Expense": 249766000.0,
        "Other Gand A": 249766000.0,
        "Gross Profit": 299502000.0,
        "Cost Of Revenue": 901274000.0,
        "Total Revenue": 1200776000.0,
        "Operating Revenue": 1196805000.0
    },
    "2025-06-30": {
        "Tax Effect Of Unusual Items": 1291736.0,
        "Tax Rate For Calcs": 0.244,
        "Normalized EBITDA": 57238000.0,
        "Total Unusual Items": 5294000.0,
        "Total Unusual Items Excluding Goodwill": 5294000.0,
        "Net Income From Continuing Operation Net Minority Interest": 26526000.0,
        "Reconciled Depreciation": 30595000.0,
        "Reconciled Cost Of Revenue": 907536000.0,
        "EBITDA": 62532000.0,
        "EBIT": 31937000.0,
        "Normalized Income": 22523736.0,
        "Net Income From Continuing And Discontinued Operation": 26526000.0,
        "Total Expenses": 1186859000.0,
        "Total Operating Income As Reported": 31937000.0,
        "Diluted Average Shares": 26354064.0,
        "Basic Average Shares": 26354064.0,
        "Diluted EPS": 1.01,
        "Basic EPS": 1.01,
        "Diluted NI Availto Com Stockholders": 26526000.0,
        "Net Income Common Stockholders": 26526000.0,
        "Net Income": 26526000.0,
        "Net Income Including Noncontrolling Interests": 26527000.0,
        "Net Income Continuous Operations": 26527000.0,
        "Tax Provision": 8541000.0,
        "Pretax Income": 35068000.0,
        "Other Income Expense": 3131000.0,
        "Other Non Operating Income Expenses": -2163000.0,
        "Gain On Sale Of Security": 5294000.0,
        "Operating Income": 31937000.0,
        "Operating Expense": 276428000.0,
        "Other Operating Expenses": 248728000.0,
        "Depreciation Amortization Depletion Income Statement": 27700000.0,
        "Depreciation And Amortization In Income Statement": 27700000.0,
        "Selling General And Administration": NaN,
        "General And Administrative Expense": NaN,
        "Other Gand A": NaN,
        "Gross Profit": 308365000.0,
        "Cost Of Revenue": 910431000.0,
        "Total Revenue": 1218796000.0,
        "Operating Revenue": 1214479000.0
    }
}