{
    "2023-03-31": {
        "Tax Effect Of Unusual Items": NaN,
        "Tax Rate For Calcs": NaN,
        "Normalized EBITDA": NaN,
        "Total Unusual Items": NaN,
        "Total Unusual Items Excluding Goodwill": NaN,
        "Net Income From Continuing Operation Net Minority Interest": NaN,
        "Reconciled Depreciation": NaN,
        "Reconciled Cost Of Revenue": NaN,
        "EBITDA": NaN,
        "EBIT": NaN,
        "Net Interest Income": NaN,
        "Interest Expense": NaN,
        "Interest Income": NaN,
        "Normalized Income": NaN,
        "Net Income From Continuing And Discontinued Operation": NaN,
        "Total Expenses": NaN,
        "Total Operating Income As Reported": NaN,
        "Diluted Average Shares": NaN,
        "Basic Average Shares": NaN,
        "Diluted EPS": NaN,
        "Basic EPS": NaN,
        "Diluted NI Availto Com Stockholders": NaN,
        "Net Income Common Stockholders": NaN,
        "Otherunder Preferred Stock Dividend": 0.0,
        "Net Income": NaN,
        "Minority Interests": NaN,
        "Net Income Including Noncontrolling Interests": NaN,
        "Net Income Continuous Operations": NaN,
        "Earnings From Equity Interest Net Of Tax": NaN,
        "Tax Provision": NaN,
        "Pretax Income": NaN,
        "Other Income Expense": NaN,
        "Special Income Charges": NaN,
        "Gain On Sale Of Ppe": NaN,
        "Gain On Sale Of Security": -7583000.0,
        "Net Non Operating Interest Income Expense": NaN,
        "Interest Expense Non Operating": NaN,
        "Interest Income Non Operating": NaN,
        "Operating Income": NaN,
        "Operating Expense": NaN,
        "Depreciation Amortization Depletion Income Statement": NaN,
        "Depreciation And Amortization In Income Statement": NaN,
        "Amortization": NaN,
        "Amortization Of Intangibles Income Statement": NaN,
        "Selling General And Administration": NaN,
        "Gross Profit": NaN,
        "Cost Of Revenue": NaN,
        "Total Revenue": NaN,
        "Operating Revenue": NaN
    },
    "2022-12-31": {
        "Tax Effect Of Unusual Items": NaN,
        "Tax Rate For Calcs": NaN,
        "Normalized EBITDA": NaN,
        "Total Unusual Items": NaN,
        "Total Unusual Items Excluding Goodwill": NaN,
        "Net Income From Continuing Operation Net Minority Interest": NaN,
        "Reconciled Depreciation": NaN,
        "Reconciled Cost Of Revenue": NaN,
        "EBITDA": NaN,
        "EBIT": NaN,
        "Net Interest Income": NaN,
        "Interest Expense": NaN,
        "Interest Income": NaN,
        "Normalized Income": NaN,
        "Net Income From Continuing And Discontinued Operation": NaN,
        "Total Expenses": NaN,
        "Total Operating Income As Reported": NaN,
        "Diluted Average Shares": NaN,
        "Basic Average Shares": NaN,
        "Diluted EPS": NaN,
        "Basic EPS": NaN,
        "Diluted NI Availto Com Stockholders": NaN,
        "Net Income Common Stockholders": NaN,
        "Otherunder Preferred Stock Dividend": 0.0,
        "Net Income": NaN,
        "Minority Interests": NaN,
        "Net Income Including Noncontrolling Interests": NaN,
        "Net Income Continuous Operations": NaN,
        "Earnings From Equity Interest Net Of Tax": NaN,
        "Tax Provision": NaN,
        "Pretax Income": NaN,
        "Other Income Expense": NaN,
        "Special Income Charges": NaN,
        "Gain On Sale Of Ppe": NaN,
        "Gain On Sale Of Security": NaN,
        "Net Non Operating Interest Income Expense": NaN,
        "Interest Expense Non Operating": NaN,
        "Interest Income Non Operating": NaN,
        "Operating Income": NaN,
        "Operating Expense": NaN,
        "Depreciation Amortization Depletion Income Statement": NaN,
        "Depreciation And Amortization In Income Statement": NaN,
        "Amortization": NaN,
        "Amortization Of Intangibles Income Statement": NaN,
        "Selling General And Administration": NaN,
        "Gross Profit": NaN,
        "Cost Of Revenue": NaN,
        "Total Revenue": NaN,
        "Operating Revenue": NaN
    },
    "2022-09-30": {
        "Tax Effect Of Unusual Items": NaN,
        "Tax Rate For Calcs": NaN,
        "Normalized EBITDA": NaN,
        "Total Unusual Items": NaN,
        "Total Unusual Items Excluding Goodwill": NaN,
        "Net Income From Continuing Operation Net Minority Interest": NaN,
        "Reconciled Depreciation": NaN,
        "Reconciled Cost Of Revenue": NaN,
        "EBITDA": NaN,
        "EBIT": NaN,
        "Net Interest Income": NaN,
        "Interest Expense": NaN,
        "Normalized Income": NaN,
        "Net Income From Continuing And Discontinued Operation": NaN,
        "Total Expenses": NaN,
        "Total Operating Income As Reported": NaN,
        "Diluted Average Shares": NaN,
        "Basic Average Shares": NaN,
        "Diluted EPS": NaN,
        "Basic EPS": NaN,
        "Diluted NI Availto Com Stockholders": NaN,
        "Net Income Common Stockholders": NaN,
        "Otherunder Preferred Stock Dividend": 0.0,
        "Net Income": NaN,
        "Minority Interests": NaN,
        "Net Income Including Noncontrolling Interests": NaN,
        "Net Income Continuous Operations": NaN,
        "Earnings From Equity Interest Net Of Tax": NaN,
        "Tax Provision": NaN,
        "Pretax Income": NaN,
        "Other Income Expense": NaN,
        "Special Income Charges": NaN,
        "Gain On Sale Of Ppe": NaN,
        "Gain On Sale Of Security": NaN,
        "Net Non Operating Interest Income Expense": NaN,
        "Interest Expense Non Operating": NaN,
        "Operating Income": NaN,
        "Operating Expense": NaN,
        "Depreciation Amortization Depletion Income Statement": NaN,
        "Depreciation And Amortization In Income Statement": NaN,
        "Amortization": NaN,
        "Amortization Of Intangibles Income Statement": NaN,
        "Selling General And Administration": NaN,
        "Gross Profit": NaN,
        "Cost Of Revenue": NaN,
        "Total Revenue": NaN,
        "Operating Revenue": NaN
    },
    "2022-06-30": {
        "Tax Effect Of Unusual Items": 362973.0,
        "Tax Rate For Calcs": 0.227,
        "Normalized EBITDA": 287488000.0,
        "Total Unusual Items": 1599000.0,
        "Total Unusual Items Excluding Goodwill": 1599000.0,
        "Net Income From Continuing Operation Net Minority Interest": 187146000.0,
        "Reconciled Depreciation": 35578000.0,
        "Reconciled Cost Of Revenue": 540178000.0,
        "EBITDA": 289087000.0,
        "EBIT": 253509000.0,
        "Net Interest Income": -11072000.0,
        "Interest Expense": 11072000.0,
        "Normalized Income": 185909973.0,
        "Net Income From Continuing And Discontinued Operation": 187146000.0,
        "Total Expenses": 662276000.0,
        "Total Operating Income As Reported": 251607000.0,
        "Diluted Average Shares": 84389000.0,
        "Basic Average Shares": 83144000.0,
        "Diluted EPS": 2.22,
        "Basic EPS": 2.25,
        "Diluted NI Availto Com Stockholders": 187146000.0,
        "Net Income Common Stockholders": 187146000.0,
        "Otherunder Preferred Stock Dividend": 0.0,
        "Net Income": 187146000.0,
        "Minority Interests": -1336000.0,
        "Net Income Including Noncontrolling Interests": 188482000.0,
        "Net Income Continuous Operations": 188482000.0,
        "Earnings From Equity Interest Net Of Tax": 1110000.0,
        "Tax Provision": 55065000.0,
        "Pretax Income": 242437000.0,
        "Other Income Expense": 1599000.0,
        "Special Income Charges": -303000.0,
        "Gain On Sale Of Ppe": -303000.0,
        "Gain On Sale Of Security": 1902000.0,
        "Net Non Operating Interest Income Expense": -11072000.0,
        "Interest Expense Non Operating": 11072000.0,
        "Operating Income": 251910000.0,
        "Operating Expense": 100197000.0,
        "Depreciation Amortization Depletion Income Statement": 13677000.0,
        "Depreciation And Amortization In Income Statement": 13677000.0,
        "Amortization": 13677000.0,
        "Amortization Of Intangibles Income Statement": 13677000.0,
        "Selling General And Administration": 86520000.0,
        "General And Administrative Expense": NaN,
        "Other Gand A": NaN,
        "Salaries And Wages": NaN,
        "Gross Profit": 352107000.0,
        "Cost Of Revenue": 562079000.0,
        "Total Revenue": 914186000.0,
        "Operating Revenue": 914186000.0
    },
    "2023-06-30": {
        "Tax Effect Of Unusual Items": NaN,
        "Tax Rate For Calcs": NaN,
        "Normalized EBITDA": NaN,
        "Total Unusual Items": NaN,
        "Total Unusual Items Excluding Goodwill": NaN,
        "Net Income From Continuing Operation Net Minority Interest": NaN,
        "Reconciled Depreciation": NaN,
        "Reconciled Cost Of Revenue": NaN,
        "EBITDA": NaN,
        "EBIT": NaN,
        "Net Interest Income": NaN,
        "Interest Expense": NaN,
        "Interest Income": NaN,
        "Normalized Income": NaN,
        "Net Income From Continuing And Discontinued Operation": NaN,
        "Total Expenses": NaN,
        "Total Operating Income As Reported": NaN,
        "Diluted Average Shares": NaN,
        "Basic Average Shares": NaN,
        "Diluted EPS": NaN,
        "Basic EPS": NaN,
        "Diluted NI Availto Com Stockholders": NaN,
        "Net Income Common Stockholders": NaN,
        "Net Income": NaN,
        "Minority Interests": NaN,
        "Net Income Including Noncontrolling Interests": NaN,
        "Net Income Continuous Operations": NaN,
        "Earnings From Equity Interest Net Of Tax": NaN,
        "Tax Provision": NaN,
        "Pretax Income": NaN,
        "Other Income Expense": NaN,
        "Special Income Charges": NaN,
        "Gain On Sale Of Ppe": NaN,
        "Gain On Sale Of Security": 3549000.0,
        "Net Non Operating Interest Income Expense": NaN,
        "Interest Expense Non Operating": NaN,
        "Interest Income Non Operating": NaN,
        "Operating Income": NaN,
        "Operating Expense": NaN,
        "Depreciation Amortization Depletion Income Statement": NaN,
        "Depreciation And Amortization In Income Statement": NaN,
        "Amortization": NaN,
        "Amortization Of Intangibles Income Statement": NaN,
        "Selling General And Administration": NaN,
        "Gross Profit": NaN,
        "Cost Of Revenue": NaN,
        "Total Revenue": NaN,
        "Operating Revenue": NaN
    },
    "2022-03-31": {
        "Diluted EPS": 0.54,
        "Total Revenue": 678,
        "Gross Profit": 190,
        "Operating Income": 81,
        "EBIT": 119,
        "Net Income": 40
    },
    "2021-12-31": {
        "Diluted EPS": 0.86,
        "Total Revenue": 715,
        "Gross Profit": 209,
        "Operating Income": 110,
        "EBIT": 145,
        "Net Income": 63
    },
    "2021-09-30": {
        "Diluted EPS": 0.88,
        "Total Revenue": 706,
        "Gross Profit": 200,
        "Operating Income": 112,
        "EBIT": 146,
        "Net Income": 63
    },
    "2021-06-30": {
        "Diluted EPS": 0.87,
        "Total Revenue": 669,
        "Gross Profit": 201,
        "Operating Income": 109,
        "EBIT": 144,
        "Net Income": 63
    },
    "2021-03-31": {
        "Diluted EPS": 0.21,
        "Total Revenue": 444,
        "Gross Profit": 127,
        "Operating Income": 33,
        "EBIT": 71,
        "Net Income": 17
    },
    "2020-12-31": {
        "Diluted EPS": 0.62,
        "Total Revenue": 486,
        "Gross Profit": 169,
        "Operating Income": 83,
        "EBIT": 119,
        "Net Income": 45
    },
    "2020-09-30": {
        "Diluted EPS": 0.93,
        "Total Revenue": 544,
        "Gross Profit": 206,
        "Operating Income": 122,
        "EBIT": 157,
        "Net Income": 66
    },
    "2020-06-30": {
        "Diluted EPS": 0.83,
        "Total Revenue": 509,
        "Gross Profit": 189,
        "Operating Income": 107,
        "EBIT": 143,
        "Net Income": 58
    },
    "2020-03-31": {
        "Diluted EPS": 0.47,
        "Total Revenue": 371,
        "Gross Profit": 109,
        "Operating Income": 7,
        "EBIT": 57,
        "Net Income": 4
    },
    "2019-12-31": {
        "Diluted EPS": 0.28,
        "Total Revenue": 393,
        "Gross Profit": 123,
        "Operating Income": 41,
        "EBIT": 72,
        "Net Income": 19
    },
    "2019-09-30": {
        "Diluted EPS": 0.1,
        "Total Revenue": 496,
        "Gross Profit": 147,
        "Operating Income": 57,
        "EBIT": 118,
        "Net Income": 6
    },
    "2019-06-30": {
        "Diluted EPS": -4.06,
        "Total Revenue": 414,
        "Gross Profit": -62,
        "Operating Income": -200,
        "EBIT": -183,
        "Net Income": -234
    },
    "2019-03-31": {
        "Diluted EPS": 0.01,
        "Total Revenue": 272,
        "Gross Profit": 60,
        "Operating Income": 7,
        "EBIT": 26,
        "Net Income": 1
    },
    "2018-12-31": {
        "Diluted EPS": 0.25,
        "Total Revenue": 318,
        "Gross Profit": 72,
        "Operating Income": 25,
        "EBIT": 43,
        "Net Income": 14
    },
    "2018-09-30": {
        "Diluted EPS": 0.45,
        "Total Revenue": 407,
        "Gross Profit": 95,
        "Operating Income": 47,
        "EBIT": 64,
        "Net Income": 26
    },
    "2018-06-30": {
        "Diluted EPS": 0.51,
        "Total Revenue": 388,
        "Gross Profit": 100,
        "Operating Income": 51,
        "EBIT": 69,
        "Net Income": 29
    },
    "2018-03-31": {
        "Diluted EPS": -0.09,
        "Total Revenue": 250,
        "Gross Profit": 48,
        "Operating Income": -5,
        "EBIT": 15,
        "Net Income": -5
    },
    "2017-12-31": {
        "Diluted EPS": 0.51,
        "Total Revenue": 321,
        "Gross Profit": 78,
        "Operating Income": 27,
        "EBIT": 45,
        "Net Income": 29
    },
    "2017-09-30": {
        "Diluted EPS": 0.29,
        "Total Revenue": 401,
        "Gross Profit": 90,
        "Operating Income": 34,
        "EBIT": 54,
        "Net Income": 16
    },
    "2017-06-30": {
        "Diluted EPS": 0.28,
        "Total Revenue": 358,
        "Gross Profit": 87,
        "Operating Income": 31,
        "EBIT": 50,
        "Net Income": 16
    },
    "2017-03-31": {
        "Diluted EPS": -0.31,
        "Total Revenue": 244,
        "Gross Profit": 39,
        "Operating Income": -24,
        "EBIT": -5,
        "Net Income": -17
    },
    "2016-12-31": {
        "Diluted EPS": 0.14,
        "Total Revenue": 295,
        "Gross Profit": 69,
        "Operating Income": 21,
        "EBIT": 40,
        "Net Income": 8
    },
    "2016-09-30": {
        "Diluted EPS": 0.38,
        "Total Revenue": 361,
        "Gross Profit": 91,
        "Operating Income": 43,
        "EBIT": 62,
        "Net Income": 21
    },
    "2016-06-30": {
        "Diluted EPS": 0.29,
        "Total Revenue": 358,
        "Gross Profit": 97,
        "Operating Income": 35,
        "EBIT": 54,
        "Net Income": 16
    },
    "2016-03-31": {
        "Diluted EPS": -0.2,
        "Total Revenue": 245,
        "Gross Profit": 50,
        "Operating Income": -4,
        "EBIT": -4,
        "Net Income": -11
    },
    "2015-12-31": {
        "Diluted EPS": 0.21,
        "Total Revenue": 313,
        "Gross Profit": 75,
        "Operating Income": 31,
        "EBIT": 31,
        "Net Income": 11
    },
    "2015-09-30": {
        "Diluted EPS": 0.19,
        "Total Revenue": 383,
        "Gross Profit": 87,
        "Operating Income": 36,
        "EBIT": 36,
        "Net Income": 11
    },
    "2015-06-30": {
        "Diluted EPS": 0.19,
        "Total Revenue": 349,
        "Gross Profit": 74,
        "Operating Income": 31,
        "EBIT": 31,
        "Net Income": 10
    },
    "2015-03-31": {
        "Diluted EPS": -0.42,
        "Total Revenue": 207,
        "Gross Profit": 24,
        "Operating Income": -22,
        "EBIT": -22,
        "Net Income": -22
    },
    "2014-12-31": {
        "Diluted EPS": -0.09,
        "Total Revenue": 280,
        "Gross Profit": 49,
        "Operating Income": 10,
        "EBIT": 10,
        "Net Income": -5
    },
    "2014-09-30": {
        "Diluted EPS": 0.4,
        "Total Revenue": 367,
        "Gross Profit": 70,
        "Operating Income": 30,
        "EBIT": 30,
        "Net Income": 21
    },
    "2014-06-30": {
        "Diluted EPS": -0.27,
        "Total Revenue": 326,
        "Gross Profit": 61,
        "Operating Income": 20,
        "EBIT": 20,
        "Net Income": -13
    },
    "2014-03-31": {
        "Diluted EPS": -0.32,
        "Total Revenue": 181,
        "Gross Profit": 11,
        "Operating Income": -38,
        "EBIT": -38,
        "Net Income": -12
    },
    "2013-12-31": {
        "Diluted EPS": -0.21,
        "Total Revenue": 261,
        "Gross Profit": 59,
        "Operating Income": 26,
        "EBIT": 26,
        "Net Income": -10
    },
    "2013-09-30": {
        "Diluted EPS": 0.21,
        "Total Revenue": 333,
        "Gross Profit": 66,
        "Operating Income": 30,
        "EBIT": 30,
        "Net Income": 10
    },
    "2013-06-30": {
        "Diluted EPS": 0.21,
        "Total Revenue": 293,
        "Gross Profit": 56,
        "Operating Income": 29,
        "EBIT": 29,
        "Net Income": 10
    },
    "2013-03-31": {
        "Diluted EPS": 0.0,
        "Total Revenue": NaN,
        "Gross Profit": NaN,
        "Operating Income": NaN,
        "EBIT": NaN,
        "Net Income": NaN
    },
    "2012-03-31": {
        "Diluted EPS": 0.0,
        "Total Revenue": NaN,
        "Gross Profit": NaN,
        "Operating Income": NaN,
        "EBIT": NaN,
        "Net Income": NaN
    },
    "2023-09-30": {
        "Tax Effect Of Unusual Items": NaN,
        "Tax Rate For Calcs": NaN,
        "Normalized EBITDA": NaN,
        "Total Unusual Items": NaN,
        "Total Unusual Items Excluding Goodwill": NaN,
        "Net Income From Continuing Operation Net Minority Interest": NaN,
        "Reconciled Depreciation": NaN,
        "Reconciled Cost Of Revenue": NaN,
        "EBITDA": NaN,
        "EBIT": NaN,
        "Net Interest Income": NaN,
        "Interest Expense": NaN,
        "Interest Income": NaN,
        "Normalized Income": NaN,
        "Net Income From Continuing And Discontinued Operation": NaN,
        "Total Expenses": NaN,
        "Total Operating Income As Reported": NaN,
        "Diluted Average Shares": NaN,
        "Basic Average Shares": NaN,
        "Diluted EPS": NaN,
        "Basic EPS": NaN,
        "Diluted NI Availto Com Stockholders": NaN,
        "Net Income Common Stockholders": NaN,
        "Net Income": NaN,
        "Minority Interests": NaN,
        "Net Income Including Noncontrolling Interests": NaN,
        "Net Income Continuous Operations": NaN,
        "Earnings From Equity Interest Net Of Tax": NaN,
        "Tax Provision": NaN,
        "Pretax Income": NaN,
        "Other Income Expense": NaN,
        "Special Income Charges": NaN,
        "Gain On Sale Of Ppe": NaN,
        "Gain On Sale Of Security": 7506000.0,
        "Net Non Operating Interest Income Expense": NaN,
        "Interest Expense Non Operating": NaN,
        "Interest Income Non Operating": NaN,
        "Operating Income": NaN,
        "Operating Expense": NaN,
        "Depreciation Amortization Depletion Income Statement": NaN,
        "Depreciation And Amortization In Income Statement": NaN,
        "Amortization": NaN,
        "Amortization Of Intangibles Income Statement": NaN,
        "Selling General And Administration": NaN,
        "Gross Profit": NaN,
        "Cost Of Revenue": NaN,
        "Total Revenue": NaN,
        "Operating Revenue": NaN
    },
    "2023-12-31": {
        "Tax Effect Of Unusual Items": NaN,
        "Tax Rate For Calcs": NaN,
        "Normalized EBITDA": NaN,
        "Total Unusual Items": NaN,
        "Total Unusual Items Excluding Goodwill": NaN,
        "Net Income From Continuing Operation Net Minority Interest": NaN,
        "Reconciled Depreciation": NaN,
        "Reconciled Cost Of Revenue": NaN,
        "EBITDA": NaN,
        "EBIT": NaN,
        "Net Interest Income": NaN,
        "Interest Expense": NaN,
        "Interest Income": NaN,
        "Normalized Income": NaN,
        "Net Income From Continuing And Discontinued Operation": NaN,
        "Total Expenses": NaN,
        "Total Operating Income As Reported": NaN,
        "Diluted Average Shares": NaN,
        "Basic Average Shares": NaN,
        "Diluted EPS": NaN,
        "Basic EPS": NaN,
        "Diluted NI Availto Com Stockholders": NaN,
        "Net Income Common Stockholders": NaN,
        "Net Income": NaN,
        "Minority Interests": NaN,
        "Net Income Including Noncontrolling Interests": NaN,
        "Net Income Continuous Operations": NaN,
        "Earnings From Equity Interest Net Of Tax": NaN,
        "Tax Provision": NaN,
        "Pretax Income": NaN,
        "Other Income Expense": NaN,
        "Special Income Charges": NaN,
        "Gain On Sale Of Ppe": NaN,
        "Gain On Sale Of Security": 4772000.0,
        "Net Non Operating Interest Income Expense": NaN,
        "Interest Expense Non Operating": NaN,
        "Interest Income Non Operating": NaN,
        "Operating Income": NaN,
        "Operating Expense": NaN,
        "Depreciation Amortization Depletion Income Statement": NaN,
        "Depreciation And Amortization In Income Statement": NaN,
        "Amortization": NaN,
        "Amortization Of Intangibles Income Statement": NaN,
        "Selling General And Administration": NaN,
        "Gross Profit": NaN,
        "Cost Of Revenue": NaN,
        "Total Revenue": NaN,
        "Operating Revenue": NaN
    },
    "2024-03-31": {
        "Tax Effect Of Unusual Items": NaN,
        "Tax Rate For Calcs": NaN,
        "Normalized EBITDA": NaN,
        "Total Unusual Items": NaN,
        "Total Unusual Items Excluding Goodwill": NaN,
        "Net Income From Continuing Operation Net Minority Interest": NaN,
        "Reconciled Depreciation": NaN,
        "Reconciled Cost Of Revenue": NaN,
        "EBITDA": NaN,
        "EBIT": NaN,
        "Net Interest Income": NaN,
        "Interest Expense": NaN,
        "Interest Income": NaN,
        "Normalized Income": NaN,
        "Net Income From Continuing And Discontinued Operation": NaN,
        "Total Expenses": NaN,
        "Total Operating Income As Reported": NaN,
        "Diluted Average Shares": NaN,
        "Basic Average Shares": NaN,
        "Diluted EPS": NaN,
        "Basic EPS": NaN,
        "Diluted NI Availto Com Stockholders": NaN,
        "Net Income Common Stockholders": NaN,
        "Net Income": NaN,
        "Minority Interests": NaN,
        "Net Income Including Noncontrolling Interests": NaN,
        "Net Income Continuous Operations": NaN,
        "Earnings From Equity Interest Net Of Tax": NaN,
        "Tax Provision": NaN,
        "Pretax Income": NaN,
        "Other Income Expense": NaN,
        "Special Income Charges": NaN,
        "Gain On Sale Of Ppe": NaN,
        "Gain On Sale Of Security": -15349000.0,
        "Net Non Operating Interest Income Expense": NaN,
        "Interest Expense Non Operating": NaN,
        "Interest Income Non Operating": NaN,
        "Operating Income": NaN,
        "Operating Expense": NaN,
        "Depreciation Amortization Depletion Income Statement": NaN,
        "Depreciation And Amortization In Income Statement": NaN,
        "Amortization": NaN,
        "Amortization Of Intangibles Income Statement": NaN,
        "Selling General And Administration": NaN,
        "Gross Profit": NaN,
        "Cost Of Revenue": NaN,
        "Total Revenue": NaN,
        "Operating Revenue": NaN
    },
    "2024-06-30": {
        "Tax Effect Of Unusual Items": -69204.0,
        "Tax Rate For Calcs": 0.237,
        "Normalized EBITDA": 274721000.0,
        "Total Unusual Items": -292000.0,
        "Total Unusual Items Excluding Goodwill": -292000.0,
        "Net Income From Continuing Operation Net Minority Interest": 161402000.0,
        "Reconciled Depreciation": 41098000.0,
        "Reconciled Cost Of Revenue": 453679000.0,
        "EBITDA": 274429000.0,
        "EBIT": 233331000.0,
        "Net Interest Income": -15708000.0,
        "Interest Expense": 22824000.0,
        "Interest Income": 7116000.0,
        "Normalized Income": 161624796.0,
        "Net Income From Continuing And Discontinued Operation": 161402000.0,
        "Total Expenses": 588829000.0,
        "Total Operating Income As Reported": 226215000.0,
        "Diluted Average Shares": 78282000.0,
        "Basic Average Shares": 77540000.0,
        "Diluted EPS": 2.06,
        "Basic EPS": 2.08,
        "Diluted NI Availto Com Stockholders": 161402000.0,
        "Net Income Common Stockholders": 161402000.0,
        "Net Income": 161402000.0,
        "Minority Interests": -920000.0,
        "Net Income Including Noncontrolling Interests": 162322000.0,
        "Net Income Continuous Operations": 162322000.0,
        "Earnings From Equity Interest Net Of Tax": 1701000.0,
        "Tax Provision": 49886000.0,
        "Pretax Income": 210507000.0,
        "Other Income Expense": -292000.0,
        "Special Income Charges": -292000.0,
        "Gain On Sale Of Ppe": -292000.0,
        "Gain On Sale Of Security": NaN,
        "Net Non Operating Interest Income Expense": -15708000.0,
        "Interest Expense Non Operating": 22824000.0,
        "Interest Income Non Operating": 7116000.0,
        "Operating Income": 226507000.0,
        "Operating Expense": 105947000.0,
        "Depreciation Amortization Depletion Income Statement": 11895000.0,
        "Depreciation And Amortization In Income Statement": 11895000.0,
        "Amortization": 11895000.0,
        "Amortization Of Intangibles Income Statement": 11895000.0,
        "Selling General And Administration": 94052000.0,
        "Gross Profit": 332454000.0,
        "Cost Of Revenue": 482882000.0,
        "Total Revenue": 815336000.0,
        "Operating Revenue": 815336000.0
    },
    "2024-09-30": {
        "Tax Effect Of Unusual Items": -147463.0,
        "Tax Rate For Calcs": 0.239,
        "Normalized EBITDA": 239756000.0,
        "Total Unusual Items": -617000.0,
        "Total Unusual Items Excluding Goodwill": -617000.0,
        "Net Income From Continuing Operation Net Minority Interest": 130382000.0,
        "Reconciled Depreciation": 44807000.0,
        "Reconciled Cost Of Revenue": 455678000.0,
        "EBITDA": 239139000.0,
        "EBIT": 194332000.0,
        "Net Interest Income": -16200000.0,
        "Interest Expense": 23156000.0,
        "Interest Income": 6956000.0,
        "Normalized Income": 130851537.0,
        "Net Income From Continuing And Discontinued Operation": 130382000.0,
        "Total Expenses": 594617000.0,
        "Total Operating Income As Reported": 187376000.0,
        "Diluted Average Shares": 78110000.0,
        "Basic Average Shares": 77542000.0,
        "Diluted EPS": 1.67,
        "Basic EPS": 1.68,
        "Diluted NI Availto Com Stockholders": 130382000.0,
        "Net Income Common Stockholders": 130382000.0,
        "Net Income": 130382000.0,
        "Minority Interests": -792000.0,
        "Net Income Including Noncontrolling Interests": 131174000.0,
        "Net Income Continuous Operations": 131174000.0,
        "Earnings From Equity Interest Net Of Tax": 918000.0,
        "Tax Provision": 40920000.0,
        "Pretax Income": 171176000.0,
        "Other Income Expense": -617000.0,
        "Special Income Charges": -617000.0,
        "Gain On Sale Of Ppe": -617000.0,
        "Gain On Sale Of Security": NaN,
        "Net Non Operating Interest Income Expense": -16200000.0,
        "Interest Expense Non Operating": 23156000.0,
        "Interest Income Non Operating": 6956000.0,
        "Operating Income": 187993000.0,
        "Operating Expense": 105948000.0,
        "Depreciation Amortization Depletion Income Statement": 11816000.0,
        "Depreciation And Amortization In Income Statement": 11816000.0,
        "Amortization": 11816000.0,
        "Amortization Of Intangibles Income Statement": 11816000.0,
        "Selling General And Administration": 94132000.0,
        "Gross Profit": 293941000.0,
        "Cost Of Revenue": 488669000.0,
        "Total Revenue": 782610000.0,
        "Operating Revenue": 782610000.0
    },
    "2024-12-31": {
        "Tax Effect Of Unusual Items": 119250.0,
        "Tax Rate For Calcs": 0.25,
        "Normalized EBITDA": 178945000.0,
        "Total Unusual Items": 477000.0,
        "Total Unusual Items Excluding Goodwill": 477000.0,
        "Net Income From Continuing Operation Net Minority Interest": 81231000.0,
        "Reconciled Depreciation": 47766000.0,
        "Reconciled Cost Of Revenue": 415607000.0,
        "EBITDA": 179422000.0,
        "EBIT": 131656000.0,
        "Net Interest Income": -18302000.0,
        "Interest Expense": 23094000.0,
        "Interest Income": 4792000.0,
        "Normalized Income": 80873250.0,
        "Net Income From Continuing And Discontinued Operation": 81231000.0,
        "Total Expenses": 564151000.0,
        "Total Operating Income As Reported": 126864000.0,
        "Diluted Average Shares": 78115000.0,
        "Basic Average Shares": 77540000.0,
        "Diluted EPS": 1.04,
        "Basic EPS": 1.05,
        "Diluted NI Availto Com Stockholders": 81231000.0,
        "Net Income Common Stockholders": 81231000.0,
        "Net Income": 81231000.0,
        "Minority Interests": -1058000.0,
        "Net Income Including Noncontrolling Interests": 82289000.0,
        "Net Income Continuous Operations": 82289000.0,
        "Earnings From Equity Interest Net Of Tax": 818000.0,
        "Tax Provision": 27091000.0,
        "Pretax Income": 108562000.0,
        "Other Income Expense": 477000.0,
        "Special Income Charges": 477000.0,
        "Gain On Sale Of Ppe": 477000.0,
        "Gain On Sale Of Security": NaN,
        "Net Non Operating Interest Income Expense": -18302000.0,
        "Interest Expense Non Operating": 23094000.0,
        "Interest Income Non Operating": 4792000.0,
        "Operating Income": 126387000.0,
        "Operating Expense": 115207000.0,
        "Depreciation Amortization Depletion Income Statement": 14429000.0,
        "Depreciation And Amortization In Income Statement": 14429000.0,
        "Amortization": 14429000.0,
        "Amortization Of Intangibles Income Statement": 14429000.0,
        "Selling General And Administration": 100778000.0,
        "Gross Profit": 241594000.0,
        "Cost Of Revenue": 448944000.0,
        "Total Revenue": 690538000.0,
        "Operating Revenue": 690538000.0
    },
    "2025-03-31": {
        "Tax Effect Of Unusual Items": -922950.997783,
        "Tax Rate For Calcs": 0.233481,
        "Normalized EBITDA": 175512000.0,
        "Total Unusual Items": -3953000.0,
        "Total Unusual Items Excluding Goodwill": -3953000.0,
        "Net Income From Continuing Operation Net Minority Interest": 77157000.0,
        "Reconciled Depreciation": 49610000.0,
        "Reconciled Cost Of Revenue": 354328000.0,
        "EBITDA": 171559000.0,
        "EBIT": 121949000.0,
        "Net Interest Income": -18108000.0,
        "Interest Expense": 22729000.0,
        "Interest Income": 4621000.0,
        "Normalized Income": 80187049.002217,
        "Net Income From Continuing And Discontinued Operation": 77157000.0,
        "Total Expenses": 495354000.0,
        "Total Operating Income As Reported": 116981000.0,
        "Diluted Average Shares": 78109000.0,
        "Basic Average Shares": 77576000.0,
        "Diluted EPS": 0.99,
        "Basic EPS": 0.99,
        "Diluted NI Availto Com Stockholders": 77157000.0,
        "Net Income Common Stockholders": 77157000.0,
        "Net Income": 77157000.0,
        "Minority Interests": 369000.0,
        "Net Income Including Noncontrolling Interests": 76788000.0,
        "Net Income Continuous Operations": 76788000.0,
        "Earnings From Equity Interest Net Of Tax": 734000.0,
        "Tax Provision": 23166000.0,
        "Pretax Income": 99220000.0,
        "Other Income Expense": -3079000.0,
        "Special Income Charges": -3426000.0,
        "Gain On Sale Of Ppe": -3426000.0,
        "Gain On Sale Of Security": NaN,
        "Net Non Operating Interest Income Expense": -18108000.0,
        "Interest Expense Non Operating": 22729000.0,
        "Interest Income Non Operating": 4621000.0,
        "Operating Income": 120407000.0,
        "Operating Expense": 105845000.0,
        "Depreciation Amortization Depletion Income Statement": 14429000.0,
        "Depreciation And Amortization In Income Statement": 14429000.0,
        "Amortization": 14429000.0,
        "Amortization Of Intangibles Income Statement": 14429000.0,
        "Selling General And Administration": 91416000.0,
        "Gross Profit": 226252000.0,
        "Cost Of Revenue": 389509000.0,
        "Total Revenue": 615761000.0,
        "Operating Revenue": 615761000.0
    },
    "2025-06-30": {
        "Tax Effect Of Unusual Items": -1727904.0,
        "Tax Rate For Calcs": 0.246,
        "Normalized EBITDA": 269703000.0,
        "Total Unusual Items": -7024000.0,
        "Total Unusual Items Excluding Goodwill": -7024000.0,
        "Net Income From Continuing Operation Net Minority Interest": 143922000.0,
        "Reconciled Depreciation": 50228000.0,
        "Reconciled Cost Of Revenue": 462921000.0,
        "EBITDA": 262679000.0,
        "EBIT": 212451000.0,
        "Net Interest Income": -16324000.0,
        "Interest Expense": 23029000.0,
        "Interest Income": 6705000.0,
        "Normalized Income": 149218096.0,
        "Net Income From Continuing And Discontinued Operation": 143922000.0,
        "Total Expenses": 617110000.0,
        "Total Operating Income As Reported": 205746000.0,
        "Diluted Average Shares": 78122000.0,
        "Basic Average Shares": 77641000.0,
        "Diluted EPS": 1.84,
        "Basic EPS": 1.85,
        "Diluted NI Availto Com Stockholders": 143922000.0,
        "Net Income Common Stockholders": 143922000.0,
        "Net Income": 143922000.0,
        "Minority Interests": -169000.0,
        "Net Income Including Noncontrolling Interests": 144091000.0,
        "Net Income Continuous Operations": 144091000.0,
        "Earnings From Equity Interest Net Of Tax": 1343000.0,
        "Tax Provision": 46674000.0,
        "Pretax Income": 189422000.0,
        "Other Income Expense": -7024000.0,
        "Special Income Charges": -7024000.0,
        "Gain On Sale Of Ppe": -7024000.0,
        "Gain On Sale Of Security": NaN,
        "Net Non Operating Interest Income Expense": -16324000.0,
        "Interest Expense Non Operating": 23029000.0,
        "Interest Income Non Operating": 6705000.0,
        "Operating Income": 212770000.0,
        "Operating Expense": 117668000.0,
        "Depreciation Amortization Depletion Income Statement": 13707000.0,
        "Depreciation And Amortization In Income Statement": 13707000.0,
        "Amortization": 13707000.0,
        "Amortization Of Intangibles Income Statement": 13707000.0,
        "Selling General And Administration": 103961000.0,
        "Gross Profit": 330438000.0,
        "Cost Of Revenue": 499442000.0,
        "Total Revenue": 829880000.0,
        "Operating Revenue": 829880000.0
    },
    "2025-09-30": {
        "Tax Effect Of Unusual Items": 4013352.0,
        "Tax Rate For Calcs": 0.252,
        "Normalized EBITDA": 270074000.0,
        "Total Unusual Items": 15926000.0,
        "Total Unusual Items Excluding Goodwill": 15926000.0,
        "Net Income From Continuing Operation Net Minority Interest": 156017000.0,
        "Reconciled Depreciation": 54693000.0,
        "Reconciled Cost Of Revenue": 469095000.0,
        "EBITDA": 286000000.0,
        "EBIT": 231307000.0,
        "Net Interest Income": -15104000.0,
        "Interest Expense": 23116000.0,
        "Interest Income": 8012000.0,
        "Normalized Income": 144104352.0,
        "Net Income From Continuing And Discontinued Operation": 156017000.0,
        "Total Expenses": 643012000.0,
        "Total Operating Income As Reported": 223295000.0,
        "Diluted Average Shares": 78310000.0,
        "Basic Average Shares": 77752000.0,
        "Diluted EPS": 1.99,
        "Basic EPS": 2.01,
        "Diluted NI Availto Com Stockholders": 156017000.0,
        "Net Income Common Stockholders": 156017000.0,
        "Net Income": 156017000.0,
        "Minority Interests": -483000.0,
        "Net Income Including Noncontrolling Interests": 156500000.0,
        "Net Income Continuous Operations": 156500000.0,
        "Earnings From Equity Interest Net Of Tax": 708000.0,
        "Tax Provision": 52399000.0,
        "Pretax Income": 208191000.0,
        "Other Income Expense": 15926000.0,
        "Special Income Charges": 15926000.0,
        "Gain On Sale Of Ppe": 15926000.0,
        "Gain On Sale Of Security": NaN,
        "Net Non Operating Interest Income Expense": -15104000.0,
        "Interest Expense Non Operating": 23116000.0,
        "Interest Income Non Operating": 8012000.0,
        "Operating Income": 207369000.0,
        "Operating Expense": 132763000.0,
        "Depreciation Amortization Depletion Income Statement": 13539000.0,
        "Depreciation And Amortization In Income Statement": 13539000.0,
        "Amortization": 13539000.0,
        "Amortization Of Intangibles Income Statement": 13539000.0,
        "Selling General And Administration": 119224000.0,
        "Gross Profit": 340132000.0,
        "Cost Of Revenue": 510249000.0,
        "Total Revenue": 850381000.0,
        "Operating Revenue": 850381000.0
    }
}