{
    "2023-03-31": {
        "Tax Effect Of Unusual Items": NaN,
        "Tax Rate For Calcs": NaN,
        "Normalized EBITDA": NaN,
        "Total Unusual Items": NaN,
        "Total Unusual Items Excluding Goodwill": NaN,
        "Net Income From Continuing Operation Net Minority Interest": NaN,
        "Reconciled Depreciation": NaN,
        "Reconciled Cost Of Revenue": NaN,
        "EBITDA": NaN,
        "EBIT": NaN,
        "Net Interest Income": NaN,
        "Interest Expense": NaN,
        "Interest Income": NaN,
        "Normalized Income": NaN,
        "Net Income From Continuing And Discontinued Operation": NaN,
        "Total Expenses": NaN,
        "Total Operating Income As Reported": NaN,
        "Diluted Average Shares": NaN,
        "Basic Average Shares": NaN,
        "Diluted EPS": NaN,
        "Basic EPS": NaN,
        "Diluted NI Availto Com Stockholders": NaN,
        "Net Income Common Stockholders": NaN,
        "Net Income": NaN,
        "Net Income Including Noncontrolling Interests": NaN,
        "Net Income Discontinuous Operations": NaN,
        "Net Income Continuous Operations": NaN,
        "Tax Provision": NaN,
        "Pretax Income": NaN,
        "Other Income Expense": NaN,
        "Other Non Operating Income Expenses": NaN,
        "Special Income Charges": NaN,
        "Gain On Sale Of Ppe": NaN,
        "Other Special Charges": NaN,
        "Restructuring And Mergern Acquisition": NaN,
        "Earnings From Equity Interest": 0.0,
        "Gain On Sale Of Security": NaN,
        "Net Non Operating Interest Income Expense": NaN,
        "Interest Expense Non Operating": NaN,
        "Interest Income Non Operating": NaN,
        "Operating Income": NaN,
        "Operating Expense": NaN,
        "Other Operating Expenses": NaN,
        "Depreciation Amortization Depletion Income Statement": NaN,
        "Depreciation And Amortization In Income Statement": NaN,
        "Amortization": NaN,
        "Amortization Of Intangibles Income Statement": NaN,
        "Research And Development": NaN,
        "Selling General And Administration": NaN,
        "Gross Profit": NaN,
        "Cost Of Revenue": NaN,
        "Total Revenue": NaN,
        "Operating Revenue": NaN
    },
    "2022-12-31": {
        "Tax Effect Of Unusual Items": NaN,
        "Tax Rate For Calcs": NaN,
        "Normalized EBITDA": NaN,
        "Total Unusual Items": NaN,
        "Total Unusual Items Excluding Goodwill": NaN,
        "Net Income From Continuing Operation Net Minority Interest": NaN,
        "Reconciled Depreciation": NaN,
        "Reconciled Cost Of Revenue": NaN,
        "EBITDA": NaN,
        "EBIT": NaN,
        "Net Interest Income": NaN,
        "Interest Expense": NaN,
        "Interest Income": NaN,
        "Normalized Income": NaN,
        "Net Income From Continuing And Discontinued Operation": NaN,
        "Total Expenses": NaN,
        "Total Operating Income As Reported": NaN,
        "Diluted Average Shares": NaN,
        "Basic Average Shares": NaN,
        "Diluted EPS": NaN,
        "Basic EPS": NaN,
        "Diluted NI Availto Com Stockholders": NaN,
        "Net Income Common Stockholders": NaN,
        "Net Income": NaN,
        "Net Income Including Noncontrolling Interests": NaN,
        "Net Income Discontinuous Operations": NaN,
        "Net Income Continuous Operations": NaN,
        "Tax Provision": NaN,
        "Pretax Income": NaN,
        "Other Income Expense": NaN,
        "Other Non Operating Income Expenses": NaN,
        "Special Income Charges": NaN,
        "Gain On Sale Of Ppe": NaN,
        "Other Special Charges": NaN,
        "Restructuring And Mergern Acquisition": NaN,
        "Earnings From Equity Interest": 0.0,
        "Gain On Sale Of Security": NaN,
        "Net Non Operating Interest Income Expense": NaN,
        "Interest Expense Non Operating": NaN,
        "Interest Income Non Operating": NaN,
        "Operating Income": NaN,
        "Operating Expense": NaN,
        "Depreciation Amortization Depletion Income Statement": NaN,
        "Depreciation And Amortization In Income Statement": NaN,
        "Amortization": NaN,
        "Amortization Of Intangibles Income Statement": NaN,
        "Research And Development": NaN,
        "Selling General And Administration": NaN,
        "Gross Profit": NaN,
        "Cost Of Revenue": NaN,
        "Total Revenue": NaN,
        "Operating Revenue": NaN
    },
    "2022-09-30": {
        "Tax Effect Of Unusual Items": -21000.0,
        "Tax Rate For Calcs": 0.21,
        "Normalized EBITDA": -37500000.0,
        "Total Unusual Items": -100000.0,
        "Total Unusual Items Excluding Goodwill": -100000.0,
        "Net Income From Continuing Operation Net Minority Interest": -26200000.0,
        "Reconciled Depreciation": 38000000.0,
        "Reconciled Cost Of Revenue": 126300000.0,
        "EBITDA": -37600000.0,
        "EBIT": -75600000.0,
        "Net Interest Income": -500000.0,
        "Interest Expense": 4800000.0,
        "Interest Income": 4300000.0,
        "Normalized Income": -26121000.0,
        "Net Income From Continuing And Discontinued Operation": -26200000.0,
        "Total Expenses": 316900000.0,
        "Total Operating Income As Reported": -75700000.0,
        "Diluted Average Shares": 124035000.0,
        "Basic Average Shares": 124035000.0,
        "Diluted EPS": -0.21,
        "Basic EPS": -0.21,
        "Diluted NI Availto Com Stockholders": -26200000.0,
        "Net Income Common Stockholders": -26200000.0,
        "Net Income": -26200000.0,
        "Net Income Including Noncontrolling Interests": -26200000.0,
        "Net Income Discontinuous Operations": NaN,
        "Net Income Continuous Operations": -26200000.0,
        "Tax Provision": 200000.0,
        "Pretax Income": -26000000.0,
        "Other Income Expense": 49600000.0,
        "Other Non Operating Income Expenses": 49700000.0,
        "Special Income Charges": -100000.0,
        "Gain On Sale Of Ppe": -100000.0,
        "Other Special Charges": -48400000.0,
        "Restructuring And Mergern Acquisition": 41400000.0,
        "Earnings From Equity Interest": NaN,
        "Net Non Operating Interest Income Expense": -500000.0,
        "Interest Expense Non Operating": 4800000.0,
        "Interest Income Non Operating": 4300000.0,
        "Operating Income": -75600000.0,
        "Operating Expense": 155500000.0,
        "Other Operating Expenses": 42400000.0,
        "Depreciation Amortization Depletion Income Statement": 2900000.0,
        "Depreciation And Amortization In Income Statement": 2900000.0,
        "Amortization": 2900000.0,
        "Amortization Of Intangibles Income Statement": 2900000.0,
        "Research And Development": 55200000.0,
        "Selling General And Administration": 55000000.0,
        "Gross Profit": 79900000.0,
        "Cost Of Revenue": 161400000.0,
        "Total Revenue": 241300000.0,
        "Operating Revenue": 241300000.0
    },
    "2022-06-30": {
        "Tax Effect Of Unusual Items": 0.0,
        "Tax Rate For Calcs": 0.4,
        "Normalized EBITDA": -55900000.0,
        "Total Unusual Items": 0.0,
        "Total Unusual Items Excluding Goodwill": 0.0,
        "Net Income From Continuing Operation Net Minority Interest": -61800000.0,
        "Reconciled Depreciation": 3000000.0,
        "Reconciled Cost Of Revenue": 149600000.0,
        "EBITDA": -55900000.0,
        "EBIT": -58900000.0,
        "Net Interest Income": -4000000.0,
        "Interest Expense": 8000000.0,
        "Interest Income": 4000000.0,
        "Normalized Income": -61800000.0,
        "Net Income From Continuing And Discontinued Operation": 32400000.0,
        "Total Expenses": 287400000.0,
        "Total Operating Income As Reported": -58900000.0,
        "Diluted Average Shares": 123729000.0,
        "Basic Average Shares": 123729000.0,
        "Diluted EPS": 0.26,
        "Basic EPS": 0.26,
        "Diluted NI Availto Com Stockholders": 32400000.0,
        "Net Income Common Stockholders": 32400000.0,
        "Net Income": 32400000.0,
        "Minority Interests": 0.0,
        "Net Income Including Noncontrolling Interests": 32400000.0,
        "Net Income Discontinuous Operations": 94200000.0,
        "Net Income Continuous Operations": -61800000.0,
        "Tax Provision": 300000.0,
        "Pretax Income": -61500000.0,
        "Other Income Expense": -2600000.0,
        "Other Non Operating Income Expenses": -2600000.0,
        "Special Income Charges": 0.0,
        "Gain On Sale Of Ppe": 0.0,
        "Other Special Charges": 0.0,
        "Restructuring And Mergern Acquisition": 31600000.0,
        "Earnings From Equity Interest": NaN,
        "Gain On Sale Of Security": -600000.0,
        "Net Non Operating Interest Income Expense": -4000000.0,
        "Interest Expense Non Operating": 8000000.0,
        "Interest Income Non Operating": 4000000.0,
        "Operating Income": -58900000.0,
        "Operating Expense": 137800000.0,
        "Other Operating Expenses": 31600000.0,
        "Depreciation Amortization Depletion Income Statement": 3000000.0,
        "Depreciation And Amortization In Income Statement": 3000000.0,
        "Amortization": 3000000.0,
        "Amortization Of Intangibles Income Statement": 3000000.0,
        "Research And Development": 48200000.0,
        "Selling General And Administration": 55000000.0,
        "Gross Profit": 78900000.0,
        "Cost Of Revenue": 149600000.0,
        "Total Revenue": 228500000.0,
        "Operating Revenue": 228500000.0
    },
    "2022-03-31": {
        "Diluted EPS": -0.54,
        "Total Revenue": 188,
        "Gross Profit": 64,
        "Operating Income": -62,
        "EBIT": -27,
        "Net Income": -67
    },
    "2021-12-31": {
        "Diluted EPS": -0.82,
        "Total Revenue": 173,
        "Gross Profit": 57,
        "Operating Income": -61,
        "EBIT": -23,
        "Net Income": -97
    },
    "2021-09-30": {
        "Diluted EPS": -0.6,
        "Total Revenue": 157,
        "Gross Profit": 49,
        "Operating Income": -66,
        "EBIT": -24,
        "Net Income": -70
    },
    "2021-06-30": {
        "Diluted EPS": -1.27,
        "Total Revenue": 146,
        "Gross Profit": 44,
        "Operating Income": -133,
        "EBIT": -92,
        "Net Income": -148
    },
    "2021-03-31": {
        "Diluted EPS": -0.96,
        "Total Revenue": 137,
        "Gross Profit": 44,
        "Operating Income": -61,
        "EBIT": -19,
        "Net Income": -109
    },
    "2020-12-31": {
        "Diluted EPS": -0.75,
        "Total Revenue": 127,
        "Gross Profit": 41,
        "Operating Income": -58,
        "EBIT": -18,
        "Net Income": -83
    },
    "2020-09-30": {
        "Diluted EPS": -1.68,
        "Total Revenue": 116,
        "Gross Profit": 36,
        "Operating Income": -62,
        "EBIT": -24,
        "Net Income": -184
    },
    "2020-06-30": {
        "Diluted EPS": -0.37,
        "Total Revenue": -7,
        "Gross Profit": 7,
        "Operating Income": -74,
        "EBIT": -40,
        "Net Income": -40
    },
    "2020-03-31": {
        "Diluted EPS": -0.56,
        "Total Revenue": 114,
        "Gross Profit": 41,
        "Operating Income": -48,
        "EBIT": -14,
        "Net Income": -60
    },
    "2019-12-31": {
        "Diluted EPS": -0.5,
        "Total Revenue": 121,
        "Gross Profit": 36,
        "Operating Income": -63,
        "EBIT": -40,
        "Net Income": -54
    },
    "2019-09-30": {
        "Diluted EPS": -0.35,
        "Total Revenue": 243,
        "Gross Profit": 74,
        "Operating Income": -39,
        "EBIT": -5,
        "Net Income": -38
    },
    "2019-06-30": {
        "Diluted EPS": -0.33,
        "Total Revenue": 251,
        "Gross Profit": 89,
        "Operating Income": -26,
        "EBIT": -27,
        "Net Income": -134
    },
    "2019-03-31": {
        "Diluted EPS": -2.2,
        "Total Revenue": 274,
        "Gross Profit": 101,
        "Operating Income": -11,
        "EBIT": 27,
        "Net Income": -228
    },
    "2018-12-31": {
        "Diluted EPS": -0.02,
        "Total Revenue": 281,
        "Gross Profit": 104,
        "Operating Income": 10,
        "EBIT": 48,
        "Net Income": -3
    },
    "2018-09-30": {
        "Diluted EPS": -0.11,
        "Total Revenue": 274,
        "Gross Profit": 98,
        "Operating Income": 11,
        "EBIT": 43,
        "Net Income": -11
    },
    "2018-06-30": {
        "Diluted EPS": -0.29,
        "Total Revenue": 266,
        "Gross Profit": 88,
        "Operating Income": -8,
        "EBIT": -9,
        "Net Income": -33
    },
    "2018-03-31": {
        "Diluted EPS": -2.4,
        "Total Revenue": 225,
        "Gross Profit": 75,
        "Operating Income": -6,
        "EBIT": 34,
        "Net Income": -241
    },
    "2017-12-31": {
        "Diluted EPS": 0.14,
        "Total Revenue": 368,
        "Gross Profit": 93,
        "Operating Income": -26,
        "EBIT": 12,
        "Net Income": 14
    },
    "2017-09-30": {
        "Diluted EPS": -0.2,
        "Total Revenue": 360,
        "Gross Profit": 100,
        "Operating Income": -14,
        "EBIT": 25,
        "Net Income": -20
    },
    "2017-06-30": {
        "Diluted EPS": -0.06,
        "Total Revenue": 359,
        "Gross Profit": 98,
        "Operating Income": -13,
        "EBIT": 25,
        "Net Income": -6
    },
    "2017-03-31": {
        "Diluted EPS": -1.02,
        "Total Revenue": 342,
        "Gross Profit": 86,
        "Operating Income": -20,
        "EBIT": 32,
        "Net Income": -99
    },
    "2016-12-31": {
        "Diluted EPS": 0.06,
        "Total Revenue": 401,
        "Gross Profit": 141,
        "Operating Income": 20,
        "EBIT": 48,
        "Net Income": 6
    },
    "2016-09-30": {
        "Diluted EPS": 0.01,
        "Total Revenue": 371,
        "Gross Profit": 110,
        "Operating Income": -5,
        "EBIT": 32,
        "Net Income": 1
    },
    "2016-06-30": {
        "Diluted EPS": -0.1,
        "Total Revenue": 474,
        "Gross Profit": 160,
        "Operating Income": 3,
        "EBIT": 43,
        "Net Income": -11
    },
    "2016-03-31": {
        "Diluted EPS": 0.0,
        "Total Revenue": 367,
        "Gross Profit": 109,
        "Operating Income": -5,
        "EBIT": 35,
        "Net Income": 0
    },
    "2015-12-31": {
        "Diluted EPS": 0.13,
        "Total Revenue": 394,
        "Gross Profit": 111,
        "Operating Income": 3,
        "EBIT": 45,
        "Net Income": 13
    },
    "2015-09-30": {
        "Diluted EPS": -0.24,
        "Total Revenue": 382,
        "Gross Profit": 107,
        "Operating Income": -12,
        "EBIT": 31,
        "Net Income": -24
    },
    "2015-06-30": {
        "Diluted EPS": -0.76,
        "Total Revenue": 382,
        "Gross Profit": 76,
        "Operating Income": -96,
        "EBIT": -53,
        "Net Income": -88
    },
    "2015-03-31": {
        "Diluted EPS": 0.0,
        "Total Revenue": 410,
        "Gross Profit": 125,
        "Operating Income": 1,
        "EBIT": 47,
        "Net Income": 0
    },
    "2014-12-31": {
        "Diluted EPS": 0.1,
        "Total Revenue": 413,
        "Gross Profit": 137,
        "Operating Income": 10,
        "EBIT": 55,
        "Net Income": 12
    },
    "2014-09-30": {
        "Diluted EPS": 0.09,
        "Total Revenue": 428,
        "Gross Profit": 136,
        "Operating Income": 11,
        "EBIT": 57,
        "Net Income": 11
    },
    "2014-06-30": {
        "Diluted EPS": 0.23,
        "Total Revenue": 436,
        "Gross Profit": 161,
        "Operating Income": 31,
        "EBIT": 80,
        "Net Income": 29
    },
    "2014-03-31": {
        "Diluted EPS": 0.23,
        "Total Revenue": 405,
        "Gross Profit": 150,
        "Operating Income": 30,
        "EBIT": 74,
        "Net Income": 28
    },
    "2013-12-31": {
        "Diluted EPS": 0.29,
        "Total Revenue": 415,
        "Gross Profit": 156,
        "Operating Income": 35,
        "EBIT": 78,
        "Net Income": 36
    },
    "2013-09-30": {
        "Diluted EPS": 0.25,
        "Total Revenue": 391,
        "Gross Profit": 151,
        "Operating Income": 37,
        "EBIT": 79,
        "Net Income": 30
    },
    "2013-06-30": {
        "Diluted EPS": 0.23,
        "Total Revenue": 375,
        "Gross Profit": 141,
        "Operating Income": 31,
        "EBIT": 72,
        "Net Income": 28
    },
    "2013-03-31": {
        "Diluted EPS": 0.19,
        "Total Revenue": 349,
        "Gross Profit": 133,
        "Operating Income": 23,
        "EBIT": 64,
        "Net Income": 22
    },
    "2012-12-31": {
        "Diluted EPS": 0.18,
        "Total Revenue": 346,
        "Gross Profit": 133,
        "Operating Income": 25,
        "EBIT": 67,
        "Net Income": 20
    },
    "2012-09-30": {
        "Diluted EPS": 0.14,
        "Total Revenue": 316,
        "Gross Profit": 116,
        "Operating Income": 17,
        "EBIT": 56,
        "Net Income": 16
    },
    "2012-06-30": {
        "Diluted EPS": 0.1,
        "Total Revenue": 307,
        "Gross Profit": 107,
        "Operating Income": 9,
        "EBIT": 49,
        "Net Income": 10
    },
    "2012-03-31": {
        "Diluted EPS": 0.08,
        "Total Revenue": 285,
        "Gross Profit": 99,
        "Operating Income": 5,
        "EBIT": 44,
        "Net Income": 9
    },
    "2011-12-31": {
        "Diluted EPS": 0.1,
        "Total Revenue": 304,
        "Gross Profit": 105,
        "Operating Income": 12,
        "EBIT": 50,
        "Net Income": 12
    },
    "2011-09-30": {
        "Diluted EPS": 0.11,
        "Total Revenue": 269,
        "Gross Profit": 98,
        "Operating Income": 13,
        "EBIT": 47,
        "Net Income": 13
    },
    "2011-06-30": {
        "Diluted EPS": 0.18,
        "Total Revenue": 243,
        "Gross Profit": 93,
        "Operating Income": 20,
        "EBIT": 54,
        "Net Income": 20
    },
    "2011-03-31": {
        "Diluted EPS": 0.17,
        "Total Revenue": 219,
        "Gross Profit": 91,
        "Operating Income": 20,
        "EBIT": 52,
        "Net Income": 19
    },
    "2010-12-31": {
        "Diluted EPS": 0.45,
        "Total Revenue": 257,
        "Gross Profit": 121,
        "Operating Income": 55,
        "EBIT": 85,
        "Net Income": 50
    },
    "2010-09-30": {
        "Diluted EPS": 0.53,
        "Total Revenue": 268,
        "Gross Profit": 131,
        "Operating Income": 73,
        "EBIT": 102,
        "Net Income": 58
    },
    "2010-06-30": {
        "Diluted EPS": 0.49,
        "Total Revenue": 265,
        "Gross Profit": 131,
        "Operating Income": 69,
        "EBIT": 96,
        "Net Income": 53
    },
    "2010-03-31": {
        "Diluted EPS": 0.41,
        "Total Revenue": 234,
        "Gross Profit": 112,
        "Operating Income": 57,
        "EBIT": 82,
        "Net Income": 45
    },
    "2009-12-31": {
        "Diluted EPS": 0.32,
        "Total Revenue": 199,
        "Gross Profit": 94,
        "Operating Income": 46,
        "EBIT": 70,
        "Net Income": 34
    },
    "2009-09-30": {
        "Diluted EPS": 0.23,
        "Total Revenue": 169,
        "Gross Profit": 74,
        "Operating Income": 27,
        "EBIT": 50,
        "Net Income": 21
    },
    "2009-06-30": {
        "Diluted EPS": 0.1,
        "Total Revenue": 148,
        "Gross Profit": 59,
        "Operating Income": 11,
        "EBIT": 36,
        "Net Income": 10
    },
    "2009-03-31": {
        "Diluted EPS": 0.05,
        "Total Revenue": 131,
        "Gross Profit": 47,
        "Operating Income": 3,
        "EBIT": 27,
        "Net Income": 4
    },
    "2023-06-30": {
        "Tax Effect Of Unusual Items": NaN,
        "Tax Rate For Calcs": NaN,
        "Normalized EBITDA": NaN,
        "Total Unusual Items": NaN,
        "Total Unusual Items Excluding Goodwill": NaN,
        "Net Income From Continuing Operation Net Minority Interest": NaN,
        "Reconciled Depreciation": NaN,
        "Reconciled Cost Of Revenue": NaN,
        "EBITDA": NaN,
        "EBIT": NaN,
        "Net Interest Income": NaN,
        "Interest Expense": NaN,
        "Interest Income": NaN,
        "Normalized Income": NaN,
        "Net Income From Continuing And Discontinued Operation": NaN,
        "Total Expenses": NaN,
        "Total Operating Income As Reported": NaN,
        "Diluted Average Shares": NaN,
        "Basic Average Shares": NaN,
        "Diluted EPS": NaN,
        "Basic EPS": NaN,
        "Diluted NI Availto Com Stockholders": NaN,
        "Net Income Common Stockholders": NaN,
        "Net Income": NaN,
        "Net Income Including Noncontrolling Interests": NaN,
        "Net Income Discontinuous Operations": NaN,
        "Net Income Continuous Operations": NaN,
        "Tax Provision": NaN,
        "Pretax Income": NaN,
        "Other Income Expense": NaN,
        "Other Non Operating Income Expenses": NaN,
        "Special Income Charges": NaN,
        "Gain On Sale Of Ppe": NaN,
        "Other Special Charges": -52300000.0,
        "Restructuring And Mergern Acquisition": NaN,
        "Earnings From Equity Interest": NaN,
        "Gain On Sale Of Security": NaN,
        "Net Non Operating Interest Income Expense": NaN,
        "Interest Expense Non Operating": NaN,
        "Interest Income Non Operating": NaN,
        "Operating Income": NaN,
        "Operating Expense": NaN,
        "Other Operating Expenses": NaN,
        "Depreciation Amortization Depletion Income Statement": NaN,
        "Depreciation And Amortization In Income Statement": NaN,
        "Amortization": NaN,
        "Amortization Of Intangibles Income Statement": NaN,
        "Research And Development": NaN,
        "Selling General And Administration": NaN,
        "Gross Profit": NaN,
        "Cost Of Revenue": NaN,
        "Total Revenue": NaN,
        "Operating Revenue": NaN
    },
    "2023-09-30": {
        "Tax Effect Of Unusual Items": NaN,
        "Tax Rate For Calcs": NaN,
        "Normalized EBITDA": NaN,
        "Total Unusual Items": NaN,
        "Total Unusual Items Excluding Goodwill": NaN,
        "Net Income From Continuing Operation Net Minority Interest": NaN,
        "Reconciled Depreciation": NaN,
        "Reconciled Cost Of Revenue": NaN,
        "EBITDA": NaN,
        "EBIT": NaN,
        "Net Interest Income": NaN,
        "Interest Expense": NaN,
        "Interest Income": NaN,
        "Normalized Income": NaN,
        "Net Income From Continuing And Discontinued Operation": NaN,
        "Total Expenses": NaN,
        "Total Operating Income As Reported": NaN,
        "Diluted Average Shares": NaN,
        "Basic Average Shares": NaN,
        "Diluted EPS": NaN,
        "Basic EPS": NaN,
        "Diluted NI Availto Com Stockholders": NaN,
        "Net Income Common Stockholders": NaN,
        "Net Income": NaN,
        "Net Income Including Noncontrolling Interests": NaN,
        "Net Income Discontinuous Operations": NaN,
        "Net Income Continuous Operations": NaN,
        "Tax Provision": NaN,
        "Pretax Income": NaN,
        "Other Income Expense": NaN,
        "Other Non Operating Income Expenses": NaN,
        "Special Income Charges": NaN,
        "Gain On Sale Of Ppe": NaN,
        "Other Special Charges": 8400000.0,
        "Restructuring And Mergern Acquisition": NaN,
        "Earnings From Equity Interest": NaN,
        "Gain On Sale Of Security": NaN,
        "Net Non Operating Interest Income Expense": NaN,
        "Interest Expense Non Operating": NaN,
        "Interest Income Non Operating": NaN,
        "Operating Income": NaN,
        "Operating Expense": NaN,
        "Other Operating Expenses": NaN,
        "Depreciation Amortization Depletion Income Statement": NaN,
        "Depreciation And Amortization In Income Statement": NaN,
        "Amortization": NaN,
        "Amortization Of Intangibles Income Statement": NaN,
        "Research And Development": NaN,
        "Selling General And Administration": NaN,
        "Gross Profit": NaN,
        "Cost Of Revenue": NaN,
        "Total Revenue": NaN,
        "Operating Revenue": NaN
    },
    "2023-12-31": {
        "Tax Effect Of Unusual Items": NaN,
        "Tax Rate For Calcs": NaN,
        "Normalized EBITDA": NaN,
        "Total Unusual Items": NaN,
        "Total Unusual Items Excluding Goodwill": NaN,
        "Net Income From Continuing Operation Net Minority Interest": NaN,
        "Reconciled Depreciation": NaN,
        "Reconciled Cost Of Revenue": NaN,
        "EBITDA": NaN,
        "EBIT": NaN,
        "Net Interest Income": NaN,
        "Interest Expense": NaN,
        "Interest Income": NaN,
        "Normalized Income": NaN,
        "Net Income From Continuing And Discontinued Operation": NaN,
        "Total Expenses": NaN,
        "Total Operating Income As Reported": NaN,
        "Diluted Average Shares": NaN,
        "Basic Average Shares": NaN,
        "Diluted EPS": NaN,
        "Basic EPS": NaN,
        "Diluted NI Availto Com Stockholders": NaN,
        "Net Income Common Stockholders": NaN,
        "Net Income": NaN,
        "Net Income Including Noncontrolling Interests": NaN,
        "Net Income Discontinuous Operations": NaN,
        "Net Income Continuous Operations": NaN,
        "Tax Provision": NaN,
        "Pretax Income": NaN,
        "Other Income Expense": NaN,
        "Other Non Operating Income Expenses": NaN,
        "Special Income Charges": NaN,
        "Gain On Sale Of Ppe": NaN,
        "Other Special Charges": 10500000.0,
        "Restructuring And Mergern Acquisition": NaN,
        "Earnings From Equity Interest": 5400000.0,
        "Gain On Sale Of Security": NaN,
        "Net Non Operating Interest Income Expense": NaN,
        "Interest Expense Non Operating": NaN,
        "Interest Income Non Operating": NaN,
        "Operating Income": NaN,
        "Operating Expense": NaN,
        "Other Operating Expenses": NaN,
        "Depreciation Amortization Depletion Income Statement": NaN,
        "Depreciation And Amortization In Income Statement": NaN,
        "Amortization": NaN,
        "Amortization Of Intangibles Income Statement": NaN,
        "Research And Development": NaN,
        "Selling General And Administration": NaN,
        "General And Administrative Expense": NaN,
        "Other Gand A": NaN,
        "Gross Profit": NaN,
        "Cost Of Revenue": NaN,
        "Total Revenue": NaN,
        "Operating Revenue": NaN
    },
    "2024-03-31": {
        "Tax Effect Of Unusual Items": NaN,
        "Tax Rate For Calcs": NaN,
        "Normalized EBITDA": NaN,
        "Total Unusual Items": NaN,
        "Total Unusual Items Excluding Goodwill": NaN,
        "Net Income From Continuing Operation Net Minority Interest": NaN,
        "Reconciled Depreciation": NaN,
        "Reconciled Cost Of Revenue": NaN,
        "EBITDA": NaN,
        "EBIT": NaN,
        "Net Interest Income": NaN,
        "Interest Expense": NaN,
        "Interest Income": NaN,
        "Normalized Income": NaN,
        "Net Income From Continuing And Discontinued Operation": NaN,
        "Total Expenses": NaN,
        "Total Operating Income As Reported": NaN,
        "Diluted Average Shares": NaN,
        "Basic Average Shares": NaN,
        "Diluted EPS": NaN,
        "Basic EPS": NaN,
        "Diluted NI Availto Com Stockholders": NaN,
        "Net Income Common Stockholders": NaN,
        "Net Income": NaN,
        "Net Income Including Noncontrolling Interests": NaN,
        "Net Income Discontinuous Operations": NaN,
        "Net Income Continuous Operations": NaN,
        "Tax Provision": NaN,
        "Pretax Income": NaN,
        "Other Income Expense": NaN,
        "Other Non Operating Income Expenses": -7200000.0,
        "Special Income Charges": NaN,
        "Gain On Sale Of Ppe": NaN,
        "Other Special Charges": 7700000.0,
        "Restructuring And Mergern Acquisition": NaN,
        "Gain On Sale Of Security": 1900000.0,
        "Net Non Operating Interest Income Expense": NaN,
        "Interest Expense Non Operating": NaN,
        "Interest Income Non Operating": NaN,
        "Operating Income": NaN,
        "Operating Expense": NaN,
        "Other Operating Expenses": NaN,
        "Depreciation Amortization Depletion Income Statement": 300000.0,
        "Depreciation And Amortization In Income Statement": 300000.0,
        "Amortization": 300000.0,
        "Amortization Of Intangibles Income Statement": 300000.0,
        "Research And Development": NaN,
        "Selling General And Administration": NaN,
        "General And Administrative Expense": NaN,
        "Other Gand A": NaN,
        "Gross Profit": NaN,
        "Cost Of Revenue": NaN,
        "Total Revenue": NaN,
        "Operating Revenue": NaN
    },
    "2024-06-30": {
        "Tax Effect Of Unusual Items": -3213000.0,
        "Tax Rate For Calcs": 0.21,
        "Normalized EBITDA": -53000000.0,
        "Total Unusual Items": -15300000.0,
        "Total Unusual Items Excluding Goodwill": -15300000.0,
        "Net Income From Continuing Operation Net Minority Interest": -174900000.0,
        "Reconciled Depreciation": 45300000.0,
        "Reconciled Cost Of Revenue": 153200000.0,
        "EBITDA": -68300000.0,
        "EBIT": -113600000.0,
        "Net Interest Income": -34700000.0,
        "Interest Expense": 60800000.0,
        "Interest Income": 26100000.0,
        "Normalized Income": -162813000.0,
        "Net Income From Continuing And Discontinued Operation": -174900000.0,
        "Total Expenses": 320100000.0,
        "Total Operating Income As Reported": -145900000.0,
        "Diluted Average Shares": 126245000.0,
        "Basic Average Shares": 126245000.0,
        "Diluted EPS": -1.39,
        "Basic EPS": -1.39,
        "Diluted NI Availto Com Stockholders": -174900000.0,
        "Net Income Common Stockholders": -174900000.0,
        "Net Income": -174900000.0,
        "Net Income Including Noncontrolling Interests": -174900000.0,
        "Net Income Discontinuous Operations": 0.0,
        "Net Income Continuous Operations": -174900000.0,
        "Tax Provision": 500000.0,
        "Pretax Income": -174400000.0,
        "Other Income Expense": -20300000.0,
        "Other Non Operating Income Expenses": -5000000.0,
        "Special Income Charges": -26500000.0,
        "Gain On Sale Of Ppe": -200000.0,
        "Other Special Charges": 0.0,
        "Restructuring And Mergern Acquisition": 26300000.0,
        "Gain On Sale Of Security": 11200000.0,
        "Net Non Operating Interest Income Expense": -34700000.0,
        "Interest Expense Non Operating": 60800000.0,
        "Interest Income Non Operating": 26100000.0,
        "Operating Income": -119400000.0,
        "Operating Expense": 121800000.0,
        "Other Operating Expenses": NaN,
        "Depreciation Amortization Depletion Income Statement": 200000.0,
        "Depreciation And Amortization In Income Statement": 200000.0,
        "Amortization": 200000.0,
        "Amortization Of Intangibles Income Statement": 200000.0,
        "Research And Development": 60000000.0,
        "Selling General And Administration": 61600000.0,
        "General And Administrative Expense": 61600000.0,
        "Other Gand A": 61600000.0,
        "Gross Profit": 2400000.0,
        "Cost Of Revenue": 198300000.0,
        "Total Revenue": 200700000.0,
        "Operating Revenue": 200700000.0
    },
    "2024-09-30": {
        "Tax Effect Of Unusual Items": -16611000.0,
        "Tax Rate For Calcs": 0.21,
        "Normalized EBITDA": -67100000.0,
        "Total Unusual Items": -79100000.0,
        "Total Unusual Items Excluding Goodwill": -79100000.0,
        "Net Income From Continuing Operation Net Minority Interest": -282200000.0,
        "Reconciled Depreciation": 71100000.0,
        "Reconciled Cost Of Revenue": 160100000.0,
        "EBITDA": -146200000.0,
        "EBIT": -217300000.0,
        "Net Interest Income": -42300000.0,
        "Interest Expense": 64500000.0,
        "Interest Income": 22200000.0,
        "Normalized Income": -219711000.0,
        "Net Income From Continuing And Discontinued Operation": -282200000.0,
        "Total Expenses": 344300000.0,
        "Total Operating Income As Reported": -230100000.0,
        "Diluted Average Shares": 126733000.0,
        "Basic Average Shares": 126733000.0,
        "Diluted EPS": -2.23,
        "Basic EPS": -2.23,
        "Diluted NI Availto Com Stockholders": -282200000.0,
        "Net Income Common Stockholders": -282200000.0,
        "Net Income": -282200000.0,
        "Net Income Including Noncontrolling Interests": -282200000.0,
        "Net Income Discontinuous Operations": 0.0,
        "Net Income Continuous Operations": -282200000.0,
        "Tax Provision": 400000.0,
        "Pretax Income": -281800000.0,
        "Other Income Expense": -89900000.0,
        "Other Non Operating Income Expenses": -10800000.0,
        "Special Income Charges": -79100000.0,
        "Gain On Sale Of Ppe": -600000.0,
        "Other Special Charges": NaN,
        "Restructuring And Mergern Acquisition": 78500000.0,
        "Gain On Sale Of Security": NaN,
        "Net Non Operating Interest Income Expense": -42300000.0,
        "Interest Expense Non Operating": 64500000.0,
        "Interest Income Non Operating": 22200000.0,
        "Operating Income": -149600000.0,
        "Operating Expense": 113400000.0,
        "Other Operating Expenses": 1400000.0,
        "Depreciation Amortization Depletion Income Statement": 300000.0,
        "Depreciation And Amortization In Income Statement": 300000.0,
        "Amortization": 300000.0,
        "Amortization Of Intangibles Income Statement": 300000.0,
        "Research And Development": 50900000.0,
        "Selling General And Administration": 62200000.0,
        "General And Administrative Expense": 62200000.0,
        "Other Gand A": 62200000.0,
        "Gross Profit": -36200000.0,
        "Cost Of Revenue": 230900000.0,
        "Total Revenue": 194700000.0,
        "Operating Revenue": 194700000.0
    },
    "2024-12-31": {
        "Tax Effect Of Unusual Items": -46817.082998,
        "Tax Rate For Calcs": 0.000269,
        "Normalized EBITDA": -50800000.0,
        "Total Unusual Items": -174300000.0,
        "Total Unusual Items Excluding Goodwill": -174300000.0,
        "Net Income From Continuing Operation Net Minority Interest": -372200000.0,
        "Reconciled Depreciation": 66700000.0,
        "Reconciled Cost Of Revenue": 151300000.0,
        "EBITDA": -225100000.0,
        "EBIT": -291800000.0,
        "Net Interest Income": -63500000.0,
        "Interest Expense": 80500000.0,
        "Interest Income": 17000000.0,
        "Normalized Income": -197946817.082998,
        "Net Income From Continuing And Discontinued Operation": -372200000.0,
        "Total Expenses": 313500000.0,
        "Total Operating Income As Reported": -323000000.0,
        "Diluted Average Shares": 129018000.0,
        "Basic Average Shares": 129018000.0,
        "Diluted EPS": -2.88,
        "Basic EPS": -2.88,
        "Diluted NI Availto Com Stockholders": -372200000.0,
        "Net Income Common Stockholders": -372200000.0,
        "Net Income": -372200000.0,
        "Net Income Including Noncontrolling Interests": -372200000.0,
        "Net Income Discontinuous Operations": 0.0,
        "Net Income Continuous Operations": -372200000.0,
        "Tax Provision": -100000.0,
        "Pretax Income": -372300000.0,
        "Other Income Expense": -175800000.0,
        "Other Non Operating Income Expenses": -1500000.0,
        "Special Income Charges": -190000000.0,
        "Gain On Sale Of Ppe": -125800000.0,
        "Other Special Charges": NaN,
        "Restructuring And Mergern Acquisition": 64200000.0,
        "Gain On Sale Of Security": 15700000.0,
        "Net Non Operating Interest Income Expense": -63500000.0,
        "Interest Expense Non Operating": 80500000.0,
        "Interest Income Non Operating": 17000000.0,
        "Operating Income": -133000000.0,
        "Operating Expense": 95800000.0,
        "Other Operating Expenses": NaN,
        "Depreciation Amortization Depletion Income Statement": 300000.0,
        "Depreciation And Amortization In Income Statement": 300000.0,
        "Amortization": 300000.0,
        "Amortization Of Intangibles Income Statement": 300000.0,
        "Research And Development": 44400000.0,
        "Selling General And Administration": 51100000.0,
        "General And Administrative Expense": 51100000.0,
        "Other Gand A": 51100000.0,
        "Gross Profit": -37200000.0,
        "Cost Of Revenue": 217700000.0,
        "Total Revenue": 180500000.0,
        "Operating Revenue": 180500000.0
    },
    "2025-03-31": {
        "Tax Effect Of Unusual Items": -23793000.0,
        "Tax Rate For Calcs": 0.21,
        "Normalized EBITDA": -32800000.0,
        "Total Unusual Items": -113300000.0,
        "Total Unusual Items Excluding Goodwill": -113300000.0,
        "Net Income From Continuing Operation Net Minority Interest": -285500000.0,
        "Reconciled Depreciation": 53900000.0,
        "Reconciled Cost Of Revenue": 154300000.0,
        "EBITDA": -146100000.0,
        "EBIT": -200000000.0,
        "Net Interest Income": -66000000.0,
        "Interest Expense": 85400000.0,
        "Interest Income": 19400000.0,
        "Normalized Income": -195993000.0,
        "Net Income From Continuing And Discontinued Operation": -285500000.0,
        "Total Expenses": 291500000.0,
        "Total Operating Income As Reported": -194500000.0,
        "Diluted Average Shares": 153897000.0,
        "Basic Average Shares": 153897000.0,
        "Diluted EPS": -1.86,
        "Basic EPS": -1.86,
        "Diluted NI Availto Com Stockholders": -285500000.0,
        "Net Income Common Stockholders": -285500000.0,
        "Net Income": -285500000.0,
        "Net Income Including Noncontrolling Interests": -285500000.0,
        "Net Income Discontinuous Operations": 0.0,
        "Net Income Continuous Operations": -285500000.0,
        "Tax Provision": 100000.0,
        "Pretax Income": -285400000.0,
        "Other Income Expense": -113300000.0,
        "Other Non Operating Income Expenses": NaN,
        "Special Income Charges": -88400000.0,
        "Gain On Sale Of Ppe": -31100000.0,
        "Other Special Charges": 17000000.0,
        "Restructuring And Mergern Acquisition": 40300000.0,
        "Gain On Sale Of Security": -24900000.0,
        "Net Non Operating Interest Income Expense": -66000000.0,
        "Interest Expense Non Operating": 85400000.0,
        "Interest Income Non Operating": 19400000.0,
        "Operating Income": -106100000.0,
        "Operating Expense": 83600000.0,
        "Other Operating Expenses": NaN,
        "Depreciation Amortization Depletion Income Statement": 300000.0,
        "Depreciation And Amortization In Income Statement": 300000.0,
        "Amortization": 300000.0,
        "Amortization Of Intangibles Income Statement": 300000.0,
        "Research And Development": 42200000.0,
        "Selling General And Administration": 41100000.0,
        "General And Administrative Expense": 41100000.0,
        "Other Gand A": 41100000.0,
        "Gross Profit": -22500000.0,
        "Cost Of Revenue": 207900000.0,
        "Total Revenue": 185400000.0,
        "Operating Revenue": 185400000.0
    },
    "2025-06-30": {
        "Tax Effect Of Unusual Items": -5409758.610539,
        "Tax Rate For Calcs": 0.014866,
        "Normalized EBITDA": -170300000.0,
        "Total Unusual Items": -363900000.0,
        "Total Unusual Items Excluding Goodwill": -363900000.0,
        "Net Income From Continuing Operation Net Minority Interest": -669300000.0,
        "Reconciled Depreciation": 60400000.0,
        "Reconciled Cost Of Revenue": 222700000.0,
        "EBITDA": -534200000.0,
        "EBIT": -594600000.0,
        "Net Interest Income": -75800000.0,
        "Interest Expense": 84800000.0,
        "Interest Income": 9000000.0,
        "Normalized Income": -310809758.610539,
        "Net Income From Continuing And Discontinued Operation": -669300000.0,
        "Total Expenses": 436500000.0,
        "Total Operating Income As Reported": -581600000.0,
        "Diluted Average Shares": 155631000.0,
        "Basic Average Shares": 155631000.0,
        "Diluted EPS": -4.3,
        "Basic EPS": -4.3,
        "Diluted NI Availto Com Stockholders": -669300000.0,
        "Net Income Common Stockholders": -669300000.0,
        "Net Income": -669300000.0,
        "Net Income Including Noncontrolling Interests": -669300000.0,
        "Net Income Discontinuous Operations": 0.0,
        "Net Income Continuous Operations": -669300000.0,
        "Tax Provision": -10100000.0,
        "Pretax Income": -679400000.0,
        "Other Income Expense": -364100000.0,
        "Other Non Operating Income Expenses": -200000.0,
        "Special Income Charges": -395700000.0,
        "Gain On Sale Of Ppe": 177500000.0,
        "Other Special Charges": 0.0,
        "Restructuring And Mergern Acquisition": -17200000.0,
        "Gain On Sale Of Security": 31800000.0,
        "Net Non Operating Interest Income Expense": -75800000.0,
        "Interest Expense Non Operating": 84800000.0,
        "Interest Income Non Operating": 9000000.0,
        "Operating Income": -239500000.0,
        "Operating Expense": 213800000.0,
        "Other Operating Expenses": NaN,
        "Depreciation Amortization Depletion Income Statement": NaN,
        "Depreciation And Amortization In Income Statement": NaN,
        "Amortization": NaN,
        "Amortization Of Intangibles Income Statement": NaN,
        "Research And Development": 37600000.0,
        "Selling General And Administration": 91900000.0,
        "General And Administrative Expense": 91900000.0,
        "Other Gand A": 91900000.0,
        "Gross Profit": -25700000.0,
        "Cost Of Revenue": 222700000.0,
        "Total Revenue": 197000000.0,
        "Operating Revenue": 197000000.0
    }
}