{
    "2023-03-31": {
        "Tax Effect Of Unusual Items": NaN,
        "Tax Rate For Calcs": NaN,
        "Normalized EBITDA": NaN,
        "Total Unusual Items": NaN,
        "Total Unusual Items Excluding Goodwill": NaN,
        "Net Income From Continuing Operation Net Minority Interest": NaN,
        "Reconciled Depreciation": NaN,
        "Reconciled Cost Of Revenue": NaN,
        "EBITDA": NaN,
        "EBIT": NaN,
        "Net Interest Income": NaN,
        "Interest Expense": NaN,
        "Normalized Income": NaN,
        "Net Income From Continuing And Discontinued Operation": NaN,
        "Total Expenses": NaN,
        "Total Operating Income As Reported": NaN,
        "Diluted Average Shares": NaN,
        "Basic Average Shares": NaN,
        "Diluted EPS": NaN,
        "Basic EPS": NaN,
        "Diluted NI Availto Com Stockholders": NaN,
        "Net Income Common Stockholders": NaN,
        "Net Income": NaN,
        "Net Income Including Noncontrolling Interests": NaN,
        "Net Income Continuous Operations": NaN,
        "Tax Provision": NaN,
        "Pretax Income": NaN,
        "Other Income Expense": NaN,
        "Other Non Operating Income Expenses": NaN,
        "Special Income Charges": NaN,
        "Gain On Sale Of Ppe": 0.0,
        "Impairment Of Capital Assets": NaN,
        "Net Non Operating Interest Income Expense": NaN,
        "Interest Expense Non Operating": NaN,
        "Operating Income": NaN,
        "Operating Expense": NaN,
        "Depreciation Amortization Depletion Income Statement": NaN,
        "Depreciation And Amortization In Income Statement": NaN,
        "Selling General And Administration": NaN,
        "Gross Profit": NaN,
        "Cost Of Revenue": NaN,
        "Total Revenue": NaN,
        "Operating Revenue": NaN
    },
    "2022-12-31": {
        "Tax Effect Of Unusual Items": NaN,
        "Tax Rate For Calcs": NaN,
        "Normalized EBITDA": NaN,
        "Total Unusual Items": NaN,
        "Total Unusual Items Excluding Goodwill": NaN,
        "Net Income From Continuing Operation Net Minority Interest": NaN,
        "Reconciled Depreciation": NaN,
        "Reconciled Cost Of Revenue": NaN,
        "EBITDA": NaN,
        "EBIT": NaN,
        "Net Interest Income": NaN,
        "Interest Expense": NaN,
        "Normalized Income": NaN,
        "Net Income From Continuing And Discontinued Operation": NaN,
        "Total Expenses": NaN,
        "Total Operating Income As Reported": NaN,
        "Diluted Average Shares": NaN,
        "Basic Average Shares": NaN,
        "Diluted EPS": NaN,
        "Basic EPS": NaN,
        "Diluted NI Availto Com Stockholders": NaN,
        "Net Income Common Stockholders": NaN,
        "Net Income": NaN,
        "Net Income Including Noncontrolling Interests": NaN,
        "Net Income Discontinuous Operations": 0.0,
        "Net Income Continuous Operations": NaN,
        "Tax Provision": NaN,
        "Pretax Income": NaN,
        "Other Income Expense": NaN,
        "Other Non Operating Income Expenses": NaN,
        "Special Income Charges": NaN,
        "Gain On Sale Of Ppe": NaN,
        "Impairment Of Capital Assets": NaN,
        "Net Non Operating Interest Income Expense": NaN,
        "Interest Expense Non Operating": NaN,
        "Operating Income": NaN,
        "Operating Expense": NaN,
        "Depreciation Amortization Depletion Income Statement": NaN,
        "Depreciation And Amortization In Income Statement": NaN,
        "Selling General And Administration": NaN,
        "Gross Profit": NaN,
        "Cost Of Revenue": NaN,
        "Total Revenue": NaN,
        "Operating Revenue": NaN
    },
    "2022-09-30": {
        "Tax Effect Of Unusual Items": NaN,
        "Tax Rate For Calcs": NaN,
        "Normalized EBITDA": NaN,
        "Total Unusual Items": 0.0,
        "Total Unusual Items Excluding Goodwill": 0.0,
        "Net Income From Continuing Operation Net Minority Interest": NaN,
        "Reconciled Depreciation": NaN,
        "Reconciled Cost Of Revenue": NaN,
        "EBITDA": NaN,
        "EBIT": NaN,
        "Net Interest Income": NaN,
        "Interest Expense": NaN,
        "Normalized Income": NaN,
        "Net Income From Continuing And Discontinued Operation": NaN,
        "Total Expenses": NaN,
        "Total Operating Income As Reported": NaN,
        "Diluted Average Shares": NaN,
        "Basic Average Shares": NaN,
        "Diluted EPS": NaN,
        "Basic EPS": NaN,
        "Diluted NI Availto Com Stockholders": NaN,
        "Net Income Common Stockholders": NaN,
        "Net Income": NaN,
        "Net Income Including Noncontrolling Interests": NaN,
        "Net Income Discontinuous Operations": 0.0,
        "Net Income Continuous Operations": NaN,
        "Tax Provision": NaN,
        "Pretax Income": NaN,
        "Other Income Expense": NaN,
        "Other Non Operating Income Expenses": NaN,
        "Special Income Charges": 0.0,
        "Gain On Sale Of Ppe": NaN,
        "Impairment Of Capital Assets": 0.0,
        "Net Non Operating Interest Income Expense": NaN,
        "Interest Expense Non Operating": NaN,
        "Operating Income": NaN,
        "Operating Expense": NaN,
        "Depreciation Amortization Depletion Income Statement": NaN,
        "Depreciation And Amortization In Income Statement": NaN,
        "Selling General And Administration": NaN,
        "Gross Profit": NaN,
        "Cost Of Revenue": NaN,
        "Total Revenue": NaN,
        "Operating Revenue": NaN
    },
    "2022-06-30": {
        "Tax Effect Of Unusual Items": 0.0,
        "Tax Rate For Calcs": 0.4,
        "Normalized EBITDA": 60700000.0,
        "Total Unusual Items": NaN,
        "Total Unusual Items Excluding Goodwill": NaN,
        "Net Income From Continuing Operation Net Minority Interest": 4000000.0,
        "Reconciled Depreciation": 44500000.0,
        "Reconciled Cost Of Revenue": 82400000.0,
        "EBITDA": 60700000.0,
        "EBIT": 16200000.0,
        "Net Interest Income": -7900000.0,
        "Interest Expense": 7900000.0,
        "Normalized Income": 4000000.0,
        "Net Income From Continuing And Discontinued Operation": 4000000.0,
        "Total Expenses": 166200000.0,
        "Total Operating Income As Reported": 9900000.0,
        "Diluted Average Shares": 86793139.0,
        "Basic Average Shares": 84148917.0,
        "Diluted EPS": 0.05,
        "Basic EPS": 0.05,
        "Diluted NI Availto Com Stockholders": 4000000.0,
        "Net Income Common Stockholders": 4000000.0,
        "Net Income": 4000000.0,
        "Net Income Including Noncontrolling Interests": 4000000.0,
        "Net Income Discontinuous Operations": 0.0,
        "Net Income Continuous Operations": 4000000.0,
        "Tax Provision": 4300000.0,
        "Pretax Income": 8300000.0,
        "Other Income Expense": 6300000.0,
        "Other Non Operating Income Expenses": 6300000.0,
        "Special Income Charges": NaN,
        "Gain On Sale Of Ppe": NaN,
        "Impairment Of Capital Assets": NaN,
        "Net Non Operating Interest Income Expense": -7900000.0,
        "Interest Expense Non Operating": 7900000.0,
        "Operating Income": 9900000.0,
        "Operating Expense": 83200000.0,
        "Depreciation Amortization Depletion Income Statement": 43900000.0,
        "Depreciation And Amortization In Income Statement": 43900000.0,
        "Selling General And Administration": 39300000.0,
        "Gross Profit": 93100000.0,
        "Cost Of Revenue": 83000000.0,
        "Total Revenue": 176100000.0,
        "Operating Revenue": 168600000.0
    },
    "2022-03-31": {
        "Diluted EPS": 0.07,
        "Total Revenue": 175,
        "Gross Profit": 87,
        "Operating Income": 5,
        "EBIT": 49,
        "Net Income": 6
    },
    "2021-12-31": {
        "Diluted EPS": 2.8,
        "Total Revenue": 178,
        "Gross Profit": 89,
        "Operating Income": 3,
        "EBIT": 48,
        "Net Income": 231
    },
    "2021-09-30": {
        "Diluted EPS": 6.24,
        "Total Revenue": 184,
        "Gross Profit": 91,
        "Operating Income": 4,
        "EBIT": 47,
        "Net Income": 518
    },
    "2021-06-30": {
        "Diluted EPS": 0.15,
        "Total Revenue": 182,
        "Gross Profit": 87,
        "Operating Income": -1,
        "EBIT": 63,
        "Net Income": 12
    },
    "2021-03-31": {
        "Diluted EPS": 0.12,
        "Total Revenue": 182,
        "Gross Profit": 83,
        "Operating Income": -1,
        "EBIT": 62,
        "Net Income": 10
    },
    "2020-12-31": {
        "Diluted EPS": 0.04,
        "Total Revenue": 83,
        "Gross Profit": 29,
        "Operating Income": -47,
        "EBIT": 14,
        "Net Income": 3
    },
    "2020-09-30": {
        "Diluted EPS": 0.11,
        "Total Revenue": 183,
        "Gross Profit": 83,
        "Operating Income": 5,
        "EBIT": 64,
        "Net Income": 9
    },
    "2020-06-30": {
        "Diluted EPS": 0.03,
        "Total Revenue": 179,
        "Gross Profit": 77,
        "Operating Income": -2,
        "EBIT": 56,
        "Net Income": 2
    },
    "2020-03-31": {
        "Diluted EPS": 0.0,
        "Total Revenue": 285,
        "Gross Profit": 136,
        "Operating Income": 33,
        "EBIT": 90,
        "Net Income": 0
    },
    "2019-12-31": {
        "Diluted EPS": 0.09,
        "Total Revenue": -135,
        "Gross Profit": -100,
        "Operating Income": -118,
        "EBIT": -62,
        "Net Income": 7
    },
    "2019-09-30": {
        "Diluted EPS": 0.14,
        "Total Revenue": 285,
        "Gross Profit": 147,
        "Operating Income": 47,
        "EBIT": 99,
        "Net Income": 11
    },
    "2019-06-30": {
        "Diluted EPS": 0.12,
        "Total Revenue": 290,
        "Gross Profit": 145,
        "Operating Income": 47,
        "EBIT": 99,
        "Net Income": 10
    },
    "2019-03-31": {
        "Diluted EPS": 0.1,
        "Total Revenue": 287,
        "Gross Profit": 138,
        "Operating Income": 46,
        "EBIT": 97,
        "Net Income": 8
    },
    "2018-12-31": {
        "Diluted EPS": 0.18,
        "Total Revenue": 285,
        "Gross Profit": 135,
        "Operating Income": 48,
        "EBIT": 97,
        "Net Income": 20
    },
    "2018-09-30": {
        "Diluted EPS": 0.37,
        "Total Revenue": 292,
        "Gross Profit": 139,
        "Operating Income": 57,
        "EBIT": 105,
        "Net Income": 31
    },
    "2018-06-30": {
        "Diluted EPS": 0.3,
        "Total Revenue": 291,
        "Gross Profit": 134,
        "Operating Income": 48,
        "EBIT": 96,
        "Net Income": 25
    },
    "2018-03-31": {
        "Diluted EPS": -1.92,
        "Total Revenue": 286,
        "Gross Profit": 128,
        "Operating Income": -175,
        "EBIT": -127,
        "Net Income": -162
    },
    "2017-12-31": {
        "Diluted EPS": 1.21,
        "Total Revenue": 293,
        "Gross Profit": 137,
        "Operating Income": -2,
        "EBIT": 47,
        "Net Income": 110
    },
    "2017-09-30": {
        "Diluted EPS": -0.02,
        "Total Revenue": 298,
        "Gross Profit": 145,
        "Operating Income": 58,
        "EBIT": 108,
        "Net Income": -2
    },
    "2017-06-30": {
        "Diluted EPS": 0.07,
        "Total Revenue": 298,
        "Gross Profit": 140,
        "Operating Income": 56,
        "EBIT": 108,
        "Net Income": 5
    },
    "2017-03-31": {
        "Diluted EPS": 1.09,
        "Total Revenue": 300,
        "Gross Profit": 140,
        "Operating Income": 59,
        "EBIT": 111,
        "Net Income": 72
    },
    "2016-12-31": {
        "Diluted EPS": 0.0,
        "Total Revenue": NaN,
        "Gross Profit": NaN,
        "Operating Income": NaN,
        "EBIT": NaN,
        "Net Income": NaN
    },
    "2016-09-30": {
        "Diluted EPS": -0.31,
        "Total Revenue": 311,
        "Gross Profit": 144,
        "Operating Income": 62,
        "EBIT": 113,
        "Net Income": -20
    },
    "2016-06-30": {
        "Diluted EPS": 0.21,
        "Total Revenue": 308,
        "Gross Profit": 140,
        "Operating Income": 59,
        "EBIT": 59,
        "Net Income": 14
    },
    "2015-12-31": {
        "Diluted EPS": 0.0,
        "Total Revenue": NaN,
        "Gross Profit": NaN,
        "Operating Income": NaN,
        "EBIT": NaN,
        "Net Income": NaN
    },
    "2014-12-31": {
        "Diluted EPS": 0.0,
        "Total Revenue": NaN,
        "Gross Profit": NaN,
        "Operating Income": NaN,
        "EBIT": NaN,
        "Net Income": NaN
    },
    "2023-06-30": {
        "Tax Effect Of Unusual Items": NaN,
        "Tax Rate For Calcs": NaN,
        "Normalized EBITDA": NaN,
        "Total Unusual Items": NaN,
        "Total Unusual Items Excluding Goodwill": NaN,
        "Net Income From Continuing Operation Net Minority Interest": NaN,
        "Reconciled Depreciation": NaN,
        "Reconciled Cost Of Revenue": NaN,
        "EBITDA": NaN,
        "EBIT": NaN,
        "Net Interest Income": NaN,
        "Interest Expense": NaN,
        "Normalized Income": NaN,
        "Net Income From Continuing And Discontinued Operation": NaN,
        "Total Expenses": NaN,
        "Total Operating Income As Reported": NaN,
        "Diluted Average Shares": 81502527.0,
        "Basic Average Shares": 81502527.0,
        "Diluted EPS": -1.25,
        "Basic EPS": -1.25,
        "Diluted NI Availto Com Stockholders": NaN,
        "Net Income Common Stockholders": NaN,
        "Net Income": NaN,
        "Net Income Including Noncontrolling Interests": NaN,
        "Net Income Continuous Operations": NaN,
        "Tax Provision": NaN,
        "Pretax Income": NaN,
        "Other Income Expense": NaN,
        "Other Non Operating Income Expenses": NaN,
        "Special Income Charges": NaN,
        "Impairment Of Capital Assets": NaN,
        "Net Non Operating Interest Income Expense": NaN,
        "Interest Expense Non Operating": NaN,
        "Operating Income": NaN,
        "Operating Expense": NaN,
        "Depreciation Amortization Depletion Income Statement": NaN,
        "Depreciation And Amortization In Income Statement": NaN,
        "Selling General And Administration": NaN,
        "Gross Profit": NaN,
        "Cost Of Revenue": NaN,
        "Total Revenue": NaN,
        "Operating Revenue": NaN
    },
    "2023-09-30": {
        "Tax Effect Of Unusual Items": NaN,
        "Tax Rate For Calcs": NaN,
        "Normalized EBITDA": NaN,
        "Total Unusual Items": -131700000.0,
        "Total Unusual Items Excluding Goodwill": -131700000.0,
        "Net Income From Continuing Operation Net Minority Interest": NaN,
        "Reconciled Depreciation": NaN,
        "Reconciled Cost Of Revenue": NaN,
        "EBITDA": NaN,
        "EBIT": NaN,
        "Net Interest Income": NaN,
        "Interest Expense": NaN,
        "Normalized Income": NaN,
        "Net Income From Continuing And Discontinued Operation": NaN,
        "Total Expenses": NaN,
        "Total Operating Income As Reported": NaN,
        "Diluted Average Shares": NaN,
        "Basic Average Shares": NaN,
        "Diluted EPS": NaN,
        "Basic EPS": NaN,
        "Diluted NI Availto Com Stockholders": NaN,
        "Net Income Common Stockholders": NaN,
        "Net Income": NaN,
        "Net Income Including Noncontrolling Interests": NaN,
        "Net Income Continuous Operations": NaN,
        "Tax Provision": NaN,
        "Pretax Income": NaN,
        "Other Income Expense": -131800000.0,
        "Other Non Operating Income Expenses": NaN,
        "Special Income Charges": -131700000.0,
        "Impairment Of Capital Assets": 131700000.0,
        "Net Non Operating Interest Income Expense": NaN,
        "Interest Expense Non Operating": NaN,
        "Operating Income": NaN,
        "Operating Expense": NaN,
        "Depreciation Amortization Depletion Income Statement": NaN,
        "Depreciation And Amortization In Income Statement": NaN,
        "Selling General And Administration": NaN,
        "Gross Profit": NaN,
        "Cost Of Revenue": NaN,
        "Total Revenue": NaN,
        "Operating Revenue": NaN
    },
    "2023-12-31": {
        "Tax Effect Of Unusual Items": NaN,
        "Tax Rate For Calcs": NaN,
        "Normalized EBITDA": NaN,
        "Total Unusual Items": -47000000.0,
        "Total Unusual Items Excluding Goodwill": -47000000.0,
        "Net Income From Continuing Operation Net Minority Interest": NaN,
        "Reconciled Depreciation": NaN,
        "Reconciled Cost Of Revenue": NaN,
        "EBITDA": NaN,
        "EBIT": NaN,
        "Net Interest Income": NaN,
        "Interest Expense": NaN,
        "Normalized Income": NaN,
        "Net Income From Continuing And Discontinued Operation": NaN,
        "Total Expenses": NaN,
        "Total Operating Income As Reported": NaN,
        "Diluted Average Shares": NaN,
        "Basic Average Shares": NaN,
        "Diluted EPS": NaN,
        "Basic EPS": NaN,
        "Diluted NI Availto Com Stockholders": NaN,
        "Net Income Common Stockholders": NaN,
        "Net Income": NaN,
        "Net Income Including Noncontrolling Interests": NaN,
        "Net Income Continuous Operations": NaN,
        "Tax Provision": NaN,
        "Pretax Income": NaN,
        "Other Income Expense": -46600000.0,
        "Other Non Operating Income Expenses": NaN,
        "Special Income Charges": -47000000.0,
        "Impairment Of Capital Assets": 47000000.0,
        "Net Non Operating Interest Income Expense": NaN,
        "Interest Expense Non Operating": NaN,
        "Operating Income": NaN,
        "Operating Expense": NaN,
        "Depreciation Amortization Depletion Income Statement": NaN,
        "Depreciation And Amortization In Income Statement": NaN,
        "Selling General And Administration": NaN,
        "Gross Profit": NaN,
        "Cost Of Revenue": NaN,
        "Total Revenue": NaN,
        "Operating Revenue": NaN
    },
    "2024-03-31": {
        "Tax Effect Of Unusual Items": NaN,
        "Tax Rate For Calcs": NaN,
        "Normalized EBITDA": NaN,
        "Total Unusual Items": NaN,
        "Total Unusual Items Excluding Goodwill": NaN,
        "Net Income From Continuing Operation Net Minority Interest": NaN,
        "Reconciled Depreciation": NaN,
        "Reconciled Cost Of Revenue": NaN,
        "EBITDA": NaN,
        "EBIT": NaN,
        "Net Interest Income": NaN,
        "Interest Expense": NaN,
        "Normalized Income": NaN,
        "Net Income From Continuing And Discontinued Operation": NaN,
        "Total Expenses": NaN,
        "Total Operating Income As Reported": NaN,
        "Diluted Average Shares": NaN,
        "Basic Average Shares": NaN,
        "Diluted EPS": NaN,
        "Basic EPS": NaN,
        "Diluted NI Availto Com Stockholders": NaN,
        "Net Income Common Stockholders": NaN,
        "Net Income": NaN,
        "Net Income Including Noncontrolling Interests": NaN,
        "Net Income Continuous Operations": NaN,
        "Tax Provision": NaN,
        "Pretax Income": NaN,
        "Other Income Expense": 300000.0,
        "Other Non Operating Income Expenses": NaN,
        "Special Income Charges": NaN,
        "Other Special Charges": NaN,
        "Impairment Of Capital Assets": NaN,
        "Net Non Operating Interest Income Expense": NaN,
        "Interest Expense Non Operating": NaN,
        "Operating Income": NaN,
        "Operating Expense": NaN,
        "Depreciation Amortization Depletion Income Statement": NaN,
        "Depreciation And Amortization In Income Statement": NaN,
        "Selling General And Administration": NaN,
        "Gross Profit": NaN,
        "Cost Of Revenue": NaN,
        "Total Revenue": NaN,
        "Operating Revenue": NaN
    },
    "2024-06-30": {
        "Tax Effect Of Unusual Items": NaN,
        "Tax Rate For Calcs": NaN,
        "Normalized EBITDA": NaN,
        "Total Unusual Items": 0.0,
        "Total Unusual Items Excluding Goodwill": 0.0,
        "Net Income From Continuing Operation Net Minority Interest": NaN,
        "Reconciled Depreciation": NaN,
        "Reconciled Cost Of Revenue": NaN,
        "EBITDA": NaN,
        "EBIT": NaN,
        "Net Interest Income": NaN,
        "Interest Expense": NaN,
        "Normalized Income": NaN,
        "Net Income From Continuing And Discontinued Operation": NaN,
        "Total Expenses": NaN,
        "Total Operating Income As Reported": NaN,
        "Diluted Average Shares": NaN,
        "Basic Average Shares": NaN,
        "Diluted EPS": NaN,
        "Basic EPS": NaN,
        "Diluted NI Availto Com Stockholders": NaN,
        "Net Income Common Stockholders": NaN,
        "Net Income": NaN,
        "Net Income Including Noncontrolling Interests": NaN,
        "Net Income Continuous Operations": NaN,
        "Tax Provision": NaN,
        "Pretax Income": NaN,
        "Other Income Expense": 200000.0,
        "Other Non Operating Income Expenses": 200000.0,
        "Special Income Charges": 0.0,
        "Other Special Charges": NaN,
        "Impairment Of Capital Assets": 0.0,
        "Net Non Operating Interest Income Expense": NaN,
        "Interest Expense Non Operating": NaN,
        "Operating Income": NaN,
        "Operating Expense": NaN,
        "Depreciation Amortization Depletion Income Statement": NaN,
        "Depreciation And Amortization In Income Statement": NaN,
        "Selling General And Administration": NaN,
        "Gross Profit": NaN,
        "Cost Of Revenue": NaN,
        "Total Revenue": NaN,
        "Operating Revenue": NaN
    },
    "2024-09-30": {
        "Tax Effect Of Unusual Items": 0.0,
        "Tax Rate For Calcs": 0.224913,
        "Normalized EBITDA": 57900000.0,
        "Total Unusual Items": 0.0,
        "Total Unusual Items Excluding Goodwill": 0.0,
        "Net Income From Continuing Operation Net Minority Interest": -22400000.0,
        "Reconciled Depreciation": 52600000.0,
        "Reconciled Cost Of Revenue": 65200000.0,
        "EBITDA": 57900000.0,
        "EBIT": 2700000.0,
        "Net Interest Income": -31600000.0,
        "Interest Expense": 31600000.0,
        "Normalized Income": -22400000.0,
        "Net Income From Continuing And Discontinued Operation": -22400000.0,
        "Total Expenses": 155700000.0,
        "Total Operating Income As Reported": 2300000.0,
        "Diluted Average Shares": 82053403.0,
        "Basic Average Shares": 82053403.0,
        "Diluted EPS": -0.27,
        "Basic EPS": -0.27,
        "Diluted NI Availto Com Stockholders": -22400000.0,
        "Net Income Common Stockholders": -22400000.0,
        "Net Income": -22400000.0,
        "Net Income Including Noncontrolling Interests": -22400000.0,
        "Net Income Continuous Operations": -22400000.0,
        "Tax Provision": -6500000.0,
        "Pretax Income": -28900000.0,
        "Other Income Expense": 400000.0,
        "Other Non Operating Income Expenses": 400000.0,
        "Special Income Charges": 0.0,
        "Other Special Charges": NaN,
        "Impairment Of Capital Assets": 0.0,
        "Net Non Operating Interest Income Expense": -31600000.0,
        "Interest Expense Non Operating": 31600000.0,
        "Operating Income": 2300000.0,
        "Operating Expense": 93100000.0,
        "Depreciation Amortization Depletion Income Statement": 55200000.0,
        "Depreciation And Amortization In Income Statement": 55200000.0,
        "Selling General And Administration": 37900000.0,
        "Gross Profit": 95400000.0,
        "Cost Of Revenue": 62600000.0,
        "Total Revenue": 158000000.0,
        "Operating Revenue": 150500000.0
    },
    "2024-12-31": {
        "Tax Effect Of Unusual Items": -210000.0,
        "Tax Rate For Calcs": 0.21,
        "Normalized EBITDA": 47700000.0,
        "Total Unusual Items": -1000000.0,
        "Total Unusual Items Excluding Goodwill": -1000000.0,
        "Net Income From Continuing Operation Net Minority Interest": -10600000.0,
        "Reconciled Depreciation": 52000000.0,
        "Reconciled Cost Of Revenue": 62400000.0,
        "EBITDA": 46700000.0,
        "EBIT": -5600000.0,
        "Net Interest Income": -18200000.0,
        "Interest Expense": 18200000.0,
        "Normalized Income": -9810000.0,
        "Net Income From Continuing And Discontinued Operation": -10600000.0,
        "Total Expenses": 157300000.0,
        "Total Operating Income As Reported": -4700000.0,
        "Diluted Average Shares": 82090840.0,
        "Basic Average Shares": 82090840.0,
        "Diluted EPS": -0.129125,
        "Basic EPS": -0.129125,
        "Diluted NI Availto Com Stockholders": -10600000.0,
        "Net Income Common Stockholders": -10600000.0,
        "Net Income": -10600000.0,
        "Net Income Including Noncontrolling Interests": -10600000.0,
        "Net Income Continuous Operations": -10600000.0,
        "Tax Provision": -13200000.0,
        "Pretax Income": -23800000.0,
        "Other Income Expense": NaN,
        "Other Non Operating Income Expenses": 100000.0,
        "Special Income Charges": -1000000.0,
        "Other Special Charges": NaN,
        "Impairment Of Capital Assets": 0.0,
        "Net Non Operating Interest Income Expense": -18200000.0,
        "Interest Expense Non Operating": 18200000.0,
        "Operating Income": -4700000.0,
        "Operating Expense": 95200000.0,
        "Depreciation Amortization Depletion Income Statement": 52300000.0,
        "Depreciation And Amortization In Income Statement": 52300000.0,
        "Selling General And Administration": 42900000.0,
        "Gross Profit": 90500000.0,
        "Cost Of Revenue": 62100000.0,
        "Total Revenue": 152600000.0,
        "Operating Revenue": 145100000.0
    },
    "2025-03-31": {
        "Tax Effect Of Unusual Items": 0.0,
        "Tax Rate For Calcs": 0.260638,
        "Normalized EBITDA": 60800000.0,
        "Total Unusual Items": NaN,
        "Total Unusual Items Excluding Goodwill": NaN,
        "Net Income From Continuing Operation Net Minority Interest": -13900000.0,
        "Reconciled Depreciation": 52100000.0,
        "Reconciled Cost Of Revenue": 57700000.0,
        "EBITDA": 60800000.0,
        "EBIT": 8700000.0,
        "Net Interest Income": -27500000.0,
        "Interest Expense": 27500000.0,
        "Normalized Income": -13900000.0,
        "Net Income From Continuing And Discontinued Operation": -13900000.0,
        "Total Expenses": 141300000.0,
        "Total Operating Income As Reported": 8700000.0,
        "Diluted Average Shares": 82249490.0,
        "Basic Average Shares": 82249490.0,
        "Diluted EPS": -0.17,
        "Basic EPS": -0.17,
        "Diluted NI Availto Com Stockholders": -13900000.0,
        "Net Income Common Stockholders": -13900000.0,
        "Net Income": -13900000.0,
        "Net Income Including Noncontrolling Interests": -13900000.0,
        "Net Income Continuous Operations": -13900000.0,
        "Tax Provision": -4900000.0,
        "Pretax Income": -18800000.0,
        "Other Income Expense": NaN,
        "Other Non Operating Income Expenses": NaN,
        "Special Income Charges": NaN,
        "Other Special Charges": NaN,
        "Impairment Of Capital Assets": NaN,
        "Net Non Operating Interest Income Expense": -27500000.0,
        "Interest Expense Non Operating": 27500000.0,
        "Operating Income": 8700000.0,
        "Operating Expense": 82300000.0,
        "Depreciation Amortization Depletion Income Statement": 50800000.0,
        "Depreciation And Amortization In Income Statement": 50800000.0,
        "Selling General And Administration": 31500000.0,
        "Gross Profit": 91000000.0,
        "Cost Of Revenue": 59000000.0,
        "Total Revenue": 150000000.0,
        "Operating Revenue": 143400000.0
    },
    "2025-06-30": {
        "Tax Effect Of Unusual Items": 0.0,
        "Tax Rate For Calcs": 0.226087,
        "Normalized EBITDA": 53300000.0,
        "Total Unusual Items": NaN,
        "Total Unusual Items Excluding Goodwill": NaN,
        "Net Income From Continuing Operation Net Minority Interest": -17800000.0,
        "Reconciled Depreciation": 50700000.0,
        "Reconciled Cost Of Revenue": 55200000.0,
        "EBITDA": 53300000.0,
        "EBIT": 2600000.0,
        "Net Interest Income": -25600000.0,
        "Interest Expense": 25600000.0,
        "Normalized Income": -17800000.0,
        "Net Income From Continuing And Discontinued Operation": -17800000.0,
        "Total Expenses": 141800000.0,
        "Total Operating Income As Reported": 2400000.0,
        "Diluted Average Shares": 82791997.0,
        "Basic Average Shares": 82791997.0,
        "Diluted EPS": -0.22,
        "Basic EPS": -0.22,
        "Diluted NI Availto Com Stockholders": -17800000.0,
        "Net Income Common Stockholders": -17800000.0,
        "Net Income": -17800000.0,
        "Net Income Including Noncontrolling Interests": -17800000.0,
        "Net Income Continuous Operations": -17800000.0,
        "Tax Provision": -5200000.0,
        "Pretax Income": -23000000.0,
        "Other Income Expense": 200000.0,
        "Other Non Operating Income Expenses": 200000.0,
        "Special Income Charges": NaN,
        "Other Special Charges": NaN,
        "Impairment Of Capital Assets": NaN,
        "Net Non Operating Interest Income Expense": -25600000.0,
        "Interest Expense Non Operating": 25600000.0,
        "Operating Income": 2400000.0,
        "Operating Expense": 86600000.0,
        "Depreciation Amortization Depletion Income Statement": 50700000.0,
        "Depreciation And Amortization In Income Statement": 50700000.0,
        "Selling General And Administration": 35900000.0,
        "Gross Profit": 89000000.0,
        "Cost Of Revenue": 55200000.0,
        "Total Revenue": 144200000.0,
        "Operating Revenue": 137800000.0
    },
    "2025-09-30": {
        "Tax Effect Of Unusual Items": -441000.0,
        "Tax Rate For Calcs": 0.21,
        "Normalized EBITDA": 52300000.0,
        "Total Unusual Items": -2100000.0,
        "Total Unusual Items Excluding Goodwill": -2100000.0,
        "Net Income From Continuing Operation Net Minority Interest": -35700000.0,
        "Reconciled Depreciation": 49900000.0,
        "Reconciled Cost Of Revenue": 53700000.0,
        "EBITDA": 50200000.0,
        "EBIT": 300000.0,
        "Net Interest Income": -25900000.0,
        "Interest Expense": 25900000.0,
        "Normalized Income": -34041000.0,
        "Net Income From Continuing And Discontinued Operation": -35700000.0,
        "Total Expenses": 141700000.0,
        "Total Operating Income As Reported": 800000.0,
        "Diluted Average Shares": 82920821.0,
        "Basic Average Shares": 82920821.0,
        "Diluted EPS": -0.43,
        "Basic EPS": -0.43,
        "Diluted NI Availto Com Stockholders": -35700000.0,
        "Net Income Common Stockholders": -35700000.0,
        "Net Income": -35700000.0,
        "Net Income Including Noncontrolling Interests": -35700000.0,
        "Net Income Continuous Operations": -35700000.0,
        "Tax Provision": 10100000.0,
        "Pretax Income": -25600000.0,
        "Other Income Expense": -2000000.0,
        "Other Non Operating Income Expenses": 100000.0,
        "Special Income Charges": -2100000.0,
        "Other Special Charges": 600000.0,
        "Impairment Of Capital Assets": 1500000.0,
        "Net Non Operating Interest Income Expense": -25900000.0,
        "Interest Expense Non Operating": 25900000.0,
        "Operating Income": 2300000.0,
        "Operating Expense": 87800000.0,
        "Depreciation Amortization Depletion Income Statement": 49700000.0,
        "Depreciation And Amortization In Income Statement": 49700000.0,
        "Selling General And Administration": 38100000.0,
        "Gross Profit": 90100000.0,
        "Cost Of Revenue": 53900000.0,
        "Total Revenue": 144000000.0,
        "Operating Revenue": 137900000.0
    }
}