{
    "2023-03-31": {
        "Tax Effect Of Unusual Items": NaN,
        "Tax Rate For Calcs": NaN,
        "Normalized EBITDA": NaN,
        "Total Unusual Items": NaN,
        "Total Unusual Items Excluding Goodwill": NaN,
        "Net Income From Continuing Operation Net Minority Interest": NaN,
        "Reconciled Depreciation": NaN,
        "Reconciled Cost Of Revenue": NaN,
        "EBITDA": NaN,
        "EBIT": NaN,
        "Net Interest Income": NaN,
        "Interest Expense": NaN,
        "Interest Income": NaN,
        "Normalized Income": NaN,
        "Net Income From Continuing And Discontinued Operation": NaN,
        "Total Expenses": NaN,
        "Total Operating Income As Reported": NaN,
        "Diluted Average Shares": NaN,
        "Basic Average Shares": NaN,
        "Diluted EPS": NaN,
        "Basic EPS": NaN,
        "Diluted NI Availto Com Stockholders": NaN,
        "Net Income Common Stockholders": NaN,
        "Net Income": NaN,
        "Net Income Including Noncontrolling Interests": NaN,
        "Net Income Continuous Operations": NaN,
        "Tax Provision": NaN,
        "Pretax Income": NaN,
        "Other Income Expense": NaN,
        "Other Non Operating Income Expenses": NaN,
        "Special Income Charges": NaN,
        "Gain On Sale Of Ppe": NaN,
        "Other Special Charges": 1378000.0,
        "Impairment Of Capital Assets": NaN,
        "Gain On Sale Of Security": NaN,
        "Net Non Operating Interest Income Expense": NaN,
        "Total Other Finance Cost": NaN,
        "Interest Expense Non Operating": NaN,
        "Interest Income Non Operating": NaN,
        "Operating Income": NaN,
        "Operating Expense": NaN,
        "Other Taxes": NaN,
        "Depreciation Amortization Depletion Income Statement": NaN,
        "Depreciation And Amortization In Income Statement": NaN,
        "Depreciation Income Statement": NaN,
        "Selling General And Administration": NaN,
        "General And Administrative Expense": NaN,
        "Other Gand A": NaN,
        "Insurance And Claims": NaN,
        "Salaries And Wages": NaN,
        "Gross Profit": NaN,
        "Cost Of Revenue": NaN,
        "Total Revenue": NaN,
        "Operating Revenue": NaN
    },
    "2022-12-31": {
        "Tax Effect Of Unusual Items": NaN,
        "Tax Rate For Calcs": NaN,
        "Normalized EBITDA": NaN,
        "Total Unusual Items": NaN,
        "Total Unusual Items Excluding Goodwill": NaN,
        "Net Income From Continuing Operation Net Minority Interest": NaN,
        "Reconciled Depreciation": NaN,
        "Reconciled Cost Of Revenue": NaN,
        "EBITDA": NaN,
        "EBIT": NaN,
        "Net Interest Income": NaN,
        "Interest Expense": NaN,
        "Interest Income": NaN,
        "Normalized Income": NaN,
        "Net Income From Continuing And Discontinued Operation": NaN,
        "Total Expenses": NaN,
        "Total Operating Income As Reported": NaN,
        "Diluted Average Shares": NaN,
        "Basic Average Shares": NaN,
        "Diluted EPS": NaN,
        "Basic EPS": NaN,
        "Diluted NI Availto Com Stockholders": NaN,
        "Net Income Common Stockholders": NaN,
        "Net Income": NaN,
        "Net Income Including Noncontrolling Interests": NaN,
        "Net Income Continuous Operations": NaN,
        "Tax Provision": NaN,
        "Pretax Income": NaN,
        "Other Income Expense": NaN,
        "Other Non Operating Income Expenses": NaN,
        "Special Income Charges": NaN,
        "Gain On Sale Of Ppe": 51443000.0,
        "Other Special Charges": 2917000.0,
        "Impairment Of Capital Assets": 1719000.0,
        "Gain On Sale Of Security": NaN,
        "Net Non Operating Interest Income Expense": NaN,
        "Total Other Finance Cost": NaN,
        "Interest Expense Non Operating": NaN,
        "Interest Income Non Operating": NaN,
        "Operating Income": NaN,
        "Operating Expense": NaN,
        "Other Taxes": NaN,
        "Depreciation Amortization Depletion Income Statement": NaN,
        "Depreciation And Amortization In Income Statement": NaN,
        "Depreciation Income Statement": NaN,
        "Selling General And Administration": NaN,
        "General And Administrative Expense": NaN,
        "Other Gand A": NaN,
        "Insurance And Claims": NaN,
        "Salaries And Wages": NaN,
        "Gross Profit": NaN,
        "Cost Of Revenue": NaN,
        "Total Revenue": NaN,
        "Operating Revenue": NaN
    },
    "2022-09-30": {
        "Tax Effect Of Unusual Items": NaN,
        "Tax Rate For Calcs": NaN,
        "Normalized EBITDA": NaN,
        "Total Unusual Items": NaN,
        "Total Unusual Items Excluding Goodwill": NaN,
        "Net Income From Continuing Operation Net Minority Interest": NaN,
        "Reconciled Depreciation": NaN,
        "Reconciled Cost Of Revenue": NaN,
        "EBITDA": NaN,
        "EBIT": NaN,
        "Net Interest Income": NaN,
        "Interest Expense": NaN,
        "Interest Income": NaN,
        "Normalized Income": NaN,
        "Net Income From Continuing And Discontinued Operation": NaN,
        "Total Expenses": NaN,
        "Total Operating Income As Reported": NaN,
        "Diluted Average Shares": 452386000.0,
        "Basic Average Shares": 451757000.0,
        "Diluted EPS": 0.434,
        "Basic EPS": 0.435,
        "Diluted NI Availto Com Stockholders": NaN,
        "Net Income Common Stockholders": NaN,
        "Net Income": NaN,
        "Net Income Including Noncontrolling Interests": NaN,
        "Net Income Continuous Operations": NaN,
        "Tax Provision": NaN,
        "Pretax Income": NaN,
        "Other Income Expense": NaN,
        "Other Non Operating Income Expenses": NaN,
        "Special Income Charges": NaN,
        "Gain On Sale Of Ppe": 104425000.0,
        "Other Special Charges": 1406000.0,
        "Impairment Of Capital Assets": -10330000.0,
        "Gain On Sale Of Security": NaN,
        "Net Non Operating Interest Income Expense": NaN,
        "Total Other Finance Cost": NaN,
        "Interest Expense Non Operating": NaN,
        "Interest Income Non Operating": NaN,
        "Operating Income": NaN,
        "Operating Expense": NaN,
        "Other Taxes": NaN,
        "Depreciation Amortization Depletion Income Statement": NaN,
        "Depreciation And Amortization In Income Statement": NaN,
        "Depreciation Income Statement": NaN,
        "Selling General And Administration": NaN,
        "General And Administrative Expense": NaN,
        "Other Gand A": NaN,
        "Insurance And Claims": NaN,
        "Salaries And Wages": NaN,
        "Gross Profit": NaN,
        "Cost Of Revenue": NaN,
        "Total Revenue": NaN,
        "Operating Revenue": NaN
    },
    "2022-06-30": {
        "Tax Effect Of Unusual Items": -1040.850779,
        "Tax Rate For Calcs": 0.001347,
        "Normalized EBITDA": 216152000.0,
        "Total Unusual Items": -773000.0,
        "Total Unusual Items Excluding Goodwill": -773000.0,
        "Net Income From Continuing Operation Net Minority Interest": 149074000.0,
        "Reconciled Depreciation": 66080000.0,
        "Reconciled Cost Of Revenue": 74943000.0,
        "EBITDA": 215379000.0,
        "EBIT": 149299000.0,
        "Net Interest Income": -948000.0,
        "Interest Expense": 24000.0,
        "Interest Income": 441000.0,
        "Normalized Income": 149845959.149221,
        "Net Income From Continuing And Discontinued Operation": 149074000.0,
        "Total Expenses": 151918000.0,
        "Total Operating Income As Reported": 149844000.0,
        "Diluted Average Shares": 452359000.0,
        "Basic Average Shares": 451524000.0,
        "Diluted EPS": 0.33,
        "Basic EPS": 0.33,
        "Diluted NI Availto Com Stockholders": 149074000.0,
        "Net Income Common Stockholders": 149074000.0,
        "Net Income": 149074000.0,
        "Net Income Including Noncontrolling Interests": 149074000.0,
        "Net Income Continuous Operations": 149074000.0,
        "Tax Provision": 201000.0,
        "Pretax Income": 149275000.0,
        "Other Income Expense": -781000.0,
        "Other Non Operating Income Expenses": -8000.0,
        "Special Income Charges": -1160000.0,
        "Gain On Sale Of Ppe": NaN,
        "Other Special Charges": 1160000.0,
        "Impairment Of Capital Assets": NaN,
        "Gain On Sale Of Security": 387000.0,
        "Net Non Operating Interest Income Expense": -948000.0,
        "Total Other Finance Cost": 1365000.0,
        "Interest Expense Non Operating": 24000.0,
        "Interest Income Non Operating": 441000.0,
        "Operating Income": 151004000.0,
        "Operating Expense": 11293000.0,
        "Other Taxes": 391000.0,
        "Depreciation Amortization Depletion Income Statement": 398000.0,
        "Depreciation And Amortization In Income Statement": 398000.0,
        "Depreciation Income Statement": 398000.0,
        "Selling General And Administration": 10504000.0,
        "General And Administrative Expense": 10504000.0,
        "Other Gand A": 2967000.0,
        "Insurance And Claims": 539000.0,
        "Salaries And Wages": 6998000.0,
        "Gross Profit": 162297000.0,
        "Cost Of Revenue": 140625000.0,
        "Total Revenue": 302922000.0,
        "Operating Revenue": 302922000.0
    },
    "2022-03-31": {
        "Diluted EPS": 0.35,
        "Total Revenue": 307,
        "Gross Profit": 180,
        "Operating Income": 160,
        "EBIT": 218,
        "Net Income": 157
    },
    "2021-12-31": {
        "Diluted EPS": 0.65,
        "Total Revenue": 278,
        "Gross Profit": 151,
        "Operating Income": 131,
        "EBIT": 191,
        "Net Income": 292
    },
    "2021-09-30": {
        "Diluted EPS": 0.3,
        "Total Revenue": 269,
        "Gross Profit": 151,
        "Operating Income": 138,
        "EBIT": 193,
        "Net Income": 135
    },
    "2021-06-30": {
        "Diluted EPS": 0.37,
        "Total Revenue": 330,
        "Gross Profit": 182,
        "Operating Income": 163,
        "EBIT": 234,
        "Net Income": 166
    },
    "2021-03-31": {
        "Diluted EPS": 0.36,
        "Total Revenue": 324,
        "Gross Profit": 175,
        "Operating Income": 165,
        "EBIT": 236,
        "Net Income": 162
    },
    "2020-12-31": {
        "Diluted EPS": 0.35,
        "Total Revenue": 286,
        "Gross Profit": 162,
        "Operating Income": 153,
        "EBIT": 213,
        "Net Income": 157
    },
    "2020-09-30": {
        "Diluted EPS": 0.33,
        "Total Revenue": 307,
        "Gross Profit": 177,
        "Operating Income": 155,
        "EBIT": 216,
        "Net Income": 150
    },
    "2020-06-30": {
        "Diluted EPS": 0.24,
        "Total Revenue": 248,
        "Gross Profit": 124,
        "Operating Income": 102,
        "EBIT": 161,
        "Net Income": 106
    },
    "2020-03-31": {
        "Diluted EPS": 0.21,
        "Total Revenue": 255,
        "Gross Profit": 123,
        "Operating Income": 110,
        "EBIT": 175,
        "Net Income": 95
    },
    "2019-12-31": {
        "Diluted EPS": 0.17,
        "Total Revenue": 223,
        "Gross Profit": 96,
        "Operating Income": 84,
        "EBIT": 148,
        "Net Income": 78
    },
    "2019-09-30": {
        "Diluted EPS": 0.17,
        "Total Revenue": 224,
        "Gross Profit": 96,
        "Operating Income": 82,
        "EBIT": 145,
        "Net Income": 76
    },
    "2019-06-30": {
        "Diluted EPS": -0.28,
        "Total Revenue": 189,
        "Gross Profit": 67,
        "Operating Income": 55,
        "EBIT": 117,
        "Net Income": -125
    },
    "2019-03-31": {
        "Diluted EPS": 0.13,
        "Total Revenue": 225,
        "Gross Profit": 87,
        "Operating Income": 71,
        "EBIT": 140,
        "Net Income": 57
    },
    "2018-12-31": {
        "Diluted EPS": 0.01,
        "Total Revenue": 197,
        "Gross Profit": 65,
        "Operating Income": 44,
        "EBIT": 112,
        "Net Income": 7
    },
    "2018-09-30": {
        "Diluted EPS": 0.08,
        "Total Revenue": 186,
        "Gross Profit": 58,
        "Operating Income": 49,
        "EBIT": 114,
        "Net Income": 34
    },
    "2018-06-30": {
        "Diluted EPS": 0.72,
        "Total Revenue": 212,
        "Gross Profit": 87,
        "Operating Income": 75,
        "EBIT": 138,
        "Net Income": 318
    },
    "2018-03-31": {
        "Diluted EPS": 0.15,
        "Total Revenue": 199,
        "Gross Profit": 86,
        "Operating Income": 76,
        "EBIT": 133,
        "Net Income": 68
    },
    "2017-12-31": {
        "Diluted EPS": -0.31,
        "Total Revenue": 243,
        "Gross Profit": 95,
        "Operating Income": 87,
        "EBIT": 164,
        "Net Income": -138
    },
    "2017-09-30": {
        "Diluted EPS": 0.15,
        "Total Revenue": 203,
        "Gross Profit": 83,
        "Operating Income": 74,
        "EBIT": 136,
        "Net Income": 67
    },
    "2017-06-30": {
        "Diluted EPS": 0.15,
        "Total Revenue": 200,
        "Gross Profit": 83,
        "Operating Income": 74,
        "EBIT": 134,
        "Net Income": 68
    },
    "2017-03-31": {
        "Diluted EPS": 0.14,
        "Total Revenue": 198,
        "Gross Profit": 76,
        "Operating Income": 68,
        "EBIT": 132,
        "Net Income": 61
    },
    "2016-12-31": {
        "Diluted EPS": 0.02,
        "Total Revenue": 258,
        "Gross Profit": 93,
        "Operating Income": 89,
        "EBIT": 178,
        "Net Income": 11
    },
    "2016-09-30": {
        "Diluted EPS": 0.19,
        "Total Revenue": 233,
        "Gross Profit": 99,
        "Operating Income": 89,
        "EBIT": 163,
        "Net Income": 83
    },
    "2016-06-30": {
        "Diluted EPS": 0.14,
        "Total Revenue": 212,
        "Gross Profit": 77,
        "Operating Income": 67,
        "EBIT": 142,
        "Net Income": 60
    },
    "2016-03-31": {
        "Diluted EPS": 0.1,
        "Total Revenue": 188,
        "Gross Profit": 60,
        "Operating Income": 49,
        "EBIT": 120,
        "Net Income": 41
    },
    "2015-12-31": {
        "Diluted EPS": -0.42,
        "Total Revenue": 201,
        "Gross Profit": 71,
        "Operating Income": 62,
        "EBIT": 130,
        "Net Income": -169
    },
    "2015-09-30": {
        "Diluted EPS": -0.24,
        "Total Revenue": 153,
        "Gross Profit": 61,
        "Operating Income": 54,
        "EBIT": 100,
        "Net Income": -96
    },
    "2015-06-30": {
        "Diluted EPS": 0.13,
        "Total Revenue": 164,
        "Gross Profit": 63,
        "Operating Income": 55,
        "EBIT": 109,
        "Net Income": 54
    },
    "2015-03-31": {
        "Diluted EPS": 0.13,
        "Total Revenue": 131,
        "Gross Profit": 64,
        "Operating Income": 56,
        "EBIT": 88,
        "Net Income": 49
    },
    "2014-12-31": {
        "Diluted EPS": 0.14,
        "Total Revenue": 140,
        "Gross Profit": -58,
        "Operating Income": 52,
        "EBIT": 93,
        "Net Income": 52
    },
    "2014-09-30": {
        "Diluted EPS": 0.01,
        "Total Revenue": 166,
        "Gross Profit": 126,
        "Operating Income": 73,
        "EBIT": 117,
        "Net Income": 4
    },
    "2014-06-30": {
        "Diluted EPS": 0.18,
        "Total Revenue": 149,
        "Gross Profit": 113,
        "Operating Income": 64,
        "EBIT": 103,
        "Net Income": 63
    },
    "2014-03-31": {
        "Diluted EPS": 0.22,
        "Total Revenue": 165,
        "Gross Profit": 128,
        "Operating Income": 82,
        "EBIT": 119,
        "Net Income": 80
    },
    "2013-12-31": {
        "Diluted EPS": 0.26,
        "Total Revenue": 167,
        "Gross Profit": 130,
        "Operating Income": 83,
        "EBIT": 123,
        "Net Income": 94
    },
    "2013-09-30": {
        "Diluted EPS": 0.22,
        "Total Revenue": 166,
        "Gross Profit": 129,
        "Operating Income": 81,
        "EBIT": 114,
        "Net Income": 77
    },
    "2013-06-30": {
        "Diluted EPS": 0.2,
        "Total Revenue": 167,
        "Gross Profit": 132,
        "Operating Income": 82,
        "EBIT": 130,
        "Net Income": 71
    },
    "2013-03-31": {
        "Diluted EPS": 0.37,
        "Total Revenue": 206,
        "Gross Profit": 175,
        "Operating Income": 141,
        "EBIT": 166,
        "Net Income": 133
    },
    "2012-12-31": {
        "Diluted EPS": 0.5,
        "Total Revenue": 287,
        "Gross Profit": 244,
        "Operating Income": 186,
        "EBIT": 234,
        "Net Income": 178
    },
    "2012-09-30": {
        "Diluted EPS": 0.34,
        "Total Revenue": 161,
        "Gross Profit": 140,
        "Operating Income": 120,
        "EBIT": 135,
        "Net Income": 120
    },
    "2012-06-30": {
        "Diluted EPS": 0.4,
        "Total Revenue": 201,
        "Gross Profit": 173,
        "Operating Income": 144,
        "EBIT": 166,
        "Net Income": 141
    },
    "2012-03-31": {
        "Diluted EPS": 0.41,
        "Total Revenue": 200,
        "Gross Profit": 175,
        "Operating Income": 150,
        "EBIT": 167,
        "Net Income": 147
    },
    "2011-12-31": {
        "Diluted EPS": 0.41,
        "Total Revenue": 192,
        "Gross Profit": 168,
        "Operating Income": 144,
        "EBIT": 162,
        "Net Income": 145
    },
    "2011-09-30": {
        "Diluted EPS": 0.38,
        "Total Revenue": 185,
        "Gross Profit": 164,
        "Operating Income": 144,
        "EBIT": 158,
        "Net Income": 135
    },
    "2011-06-30": {
        "Diluted EPS": 0.42,
        "Total Revenue": 195,
        "Gross Profit": 174,
        "Operating Income": 153,
        "EBIT": 168,
        "Net Income": 148
    },
    "2011-03-31": {
        "Diluted EPS": 0.34,
        "Total Revenue": 158,
        "Gross Profit": 138,
        "Operating Income": 120,
        "EBIT": 132,
        "Net Income": 122
    },
    "2010-12-31": {
        "Diluted EPS": 0.35,
        "Total Revenue": 150,
        "Gross Profit": 127,
        "Operating Income": 104,
        "EBIT": 120,
        "Net Income": 123
    },
    "2010-09-30": {
        "Diluted EPS": 0.2,
        "Total Revenue": 93,
        "Gross Profit": 74,
        "Operating Income": 56,
        "EBIT": 69,
        "Net Income": 69
    },
    "2010-06-30": {
        "Diluted EPS": 0.15,
        "Total Revenue": 95,
        "Gross Profit": 74,
        "Operating Income": 53,
        "EBIT": 68,
        "Net Income": 53
    },
    "2010-03-31": {
        "Diluted EPS": 0.13,
        "Total Revenue": 86,
        "Gross Profit": 66,
        "Operating Income": 45,
        "EBIT": 59,
        "Net Income": 45
    },
    "2009-12-31": {
        "Diluted EPS": 0.15,
        "Total Revenue": 91,
        "Gross Profit": 27,
        "Operating Income": -32,
        "EBIT": -17,
        "Net Income": 51
    },
    "2009-09-30": {
        "Diluted EPS": 0.11,
        "Total Revenue": 70,
        "Gross Profit": 51,
        "Operating Income": 34,
        "EBIT": 47,
        "Net Income": 34
    },
    "2009-06-30": {
        "Diluted EPS": 0.06,
        "Total Revenue": 41,
        "Gross Profit": 29,
        "Operating Income": 18,
        "EBIT": 25,
        "Net Income": 18
    },
    "2009-03-31": {
        "Diluted EPS": 0.06,
        "Total Revenue": 38,
        "Gross Profit": 25,
        "Operating Income": 14,
        "EBIT": 21,
        "Net Income": 15
    },
    "2023-06-30": {
        "Tax Effect Of Unusual Items": NaN,
        "Tax Rate For Calcs": NaN,
        "Normalized EBITDA": NaN,
        "Total Unusual Items": NaN,
        "Total Unusual Items Excluding Goodwill": NaN,
        "Net Income From Continuing Operation Net Minority Interest": NaN,
        "Reconciled Depreciation": NaN,
        "Reconciled Cost Of Revenue": NaN,
        "EBITDA": NaN,
        "EBIT": NaN,
        "Net Interest Income": NaN,
        "Interest Expense": NaN,
        "Interest Income": NaN,
        "Normalized Income": NaN,
        "Net Income From Continuing And Discontinued Operation": NaN,
        "Total Expenses": NaN,
        "Total Operating Income As Reported": NaN,
        "Diluted Average Shares": 453575000.0,
        "Basic Average Shares": 452892000.0,
        "Diluted EPS": 0.312,
        "Basic EPS": 0.312,
        "Diluted NI Availto Com Stockholders": NaN,
        "Net Income Common Stockholders": NaN,
        "Net Income": NaN,
        "Net Income Including Noncontrolling Interests": NaN,
        "Net Income Continuous Operations": NaN,
        "Tax Provision": NaN,
        "Pretax Income": NaN,
        "Other Income Expense": NaN,
        "Other Non Operating Income Expenses": NaN,
        "Special Income Charges": 5027000.0,
        "Gain On Sale Of Ppe": 5027000.0,
        "Other Special Charges": 1940000.0,
        "Impairment Of Capital Assets": NaN,
        "Gain On Sale Of Security": NaN,
        "Net Non Operating Interest Income Expense": NaN,
        "Total Other Finance Cost": NaN,
        "Interest Expense Non Operating": NaN,
        "Interest Income Non Operating": NaN,
        "Operating Income": NaN,
        "Operating Expense": NaN,
        "Other Taxes": NaN,
        "Depreciation Amortization Depletion Income Statement": NaN,
        "Depreciation And Amortization In Income Statement": NaN,
        "Depreciation Income Statement": NaN,
        "Selling General And Administration": NaN,
        "General And Administrative Expense": NaN,
        "Other Gand A": NaN,
        "Insurance And Claims": NaN,
        "Salaries And Wages": NaN,
        "Gross Profit": NaN,
        "Cost Of Revenue": NaN,
        "Total Revenue": NaN,
        "Operating Revenue": NaN
    },
    "2023-09-30": {
        "Tax Effect Of Unusual Items": NaN,
        "Tax Rate For Calcs": NaN,
        "Normalized EBITDA": NaN,
        "Total Unusual Items": NaN,
        "Total Unusual Items Excluding Goodwill": NaN,
        "Net Income From Continuing Operation Net Minority Interest": NaN,
        "Reconciled Depreciation": NaN,
        "Reconciled Cost Of Revenue": NaN,
        "EBITDA": NaN,
        "EBIT": NaN,
        "Net Interest Income": NaN,
        "Interest Expense": NaN,
        "Interest Income": NaN,
        "Normalized Income": NaN,
        "Net Income From Continuing And Discontinued Operation": NaN,
        "Total Expenses": NaN,
        "Total Operating Income As Reported": NaN,
        "Diluted Average Shares": 453538000.0,
        "Basic Average Shares": 452975000.0,
        "Diluted EPS": 0.257,
        "Basic EPS": 0.257,
        "Diluted NI Availto Com Stockholders": NaN,
        "Net Income Common Stockholders": NaN,
        "Net Income": NaN,
        "Net Income Including Noncontrolling Interests": NaN,
        "Net Income Continuous Operations": NaN,
        "Tax Provision": NaN,
        "Pretax Income": NaN,
        "Other Income Expense": NaN,
        "Other Non Operating Income Expenses": NaN,
        "Special Income Charges": 0.0,
        "Gain On Sale Of Ppe": 0.0,
        "Other Special Charges": 1736000.0,
        "Impairment Of Capital Assets": 0.0,
        "Gain On Sale Of Security": NaN,
        "Net Non Operating Interest Income Expense": NaN,
        "Total Other Finance Cost": NaN,
        "Interest Expense Non Operating": NaN,
        "Interest Income Non Operating": NaN,
        "Operating Income": NaN,
        "Operating Expense": NaN,
        "Other Taxes": NaN,
        "Depreciation Amortization Depletion Income Statement": NaN,
        "Depreciation And Amortization In Income Statement": NaN,
        "Depreciation Income Statement": NaN,
        "Selling General And Administration": NaN,
        "General And Administrative Expense": NaN,
        "Other Gand A": NaN,
        "Insurance And Claims": NaN,
        "Salaries And Wages": NaN,
        "Gross Profit": NaN,
        "Cost Of Revenue": NaN,
        "Total Revenue": NaN,
        "Operating Revenue": NaN
    },
    "2023-12-31": {
        "Tax Effect Of Unusual Items": NaN,
        "Tax Rate For Calcs": NaN,
        "Normalized EBITDA": NaN,
        "Total Unusual Items": NaN,
        "Total Unusual Items Excluding Goodwill": NaN,
        "Net Income From Continuing Operation Net Minority Interest": NaN,
        "Reconciled Depreciation": NaN,
        "Reconciled Cost Of Revenue": NaN,
        "EBITDA": NaN,
        "EBIT": NaN,
        "Net Interest Income": NaN,
        "Interest Expense": NaN,
        "Interest Income": NaN,
        "Normalized Income": NaN,
        "Net Income From Continuing And Discontinued Operation": NaN,
        "Total Expenses": NaN,
        "Total Operating Income As Reported": NaN,
        "Diluted Average Shares": NaN,
        "Basic Average Shares": NaN,
        "Diluted EPS": NaN,
        "Basic EPS": NaN,
        "Diluted NI Availto Com Stockholders": NaN,
        "Net Income Common Stockholders": NaN,
        "Net Income": NaN,
        "Net Income Including Noncontrolling Interests": NaN,
        "Net Income Continuous Operations": NaN,
        "Tax Provision": NaN,
        "Pretax Income": NaN,
        "Other Income Expense": NaN,
        "Other Non Operating Income Expenses": NaN,
        "Special Income Charges": 0.0,
        "Gain On Sale Of Ppe": 0.0,
        "Impairment Of Capital Assets": 0.0,
        "Gain On Sale Of Security": NaN,
        "Net Non Operating Interest Income Expense": NaN,
        "Total Other Finance Cost": NaN,
        "Interest Expense Non Operating": NaN,
        "Interest Income Non Operating": NaN,
        "Operating Income": NaN,
        "Operating Expense": NaN,
        "Other Operating Expenses": NaN,
        "Other Taxes": NaN,
        "Depreciation Amortization Depletion Income Statement": NaN,
        "Depreciation And Amortization In Income Statement": NaN,
        "Depreciation Income Statement": NaN,
        "Selling General And Administration": NaN,
        "General And Administrative Expense": NaN,
        "Other Gand A": NaN,
        "Insurance And Claims": NaN,
        "Salaries And Wages": NaN,
        "Gross Profit": NaN,
        "Cost Of Revenue": NaN,
        "Total Revenue": NaN,
        "Operating Revenue": NaN
    },
    "2024-03-31": {
        "Tax Effect Of Unusual Items": NaN,
        "Tax Rate For Calcs": NaN,
        "Normalized EBITDA": NaN,
        "Total Unusual Items": NaN,
        "Total Unusual Items Excluding Goodwill": NaN,
        "Net Income From Continuing Operation Net Minority Interest": NaN,
        "Reconciled Depreciation": NaN,
        "Reconciled Cost Of Revenue": NaN,
        "EBITDA": NaN,
        "EBIT": NaN,
        "Net Interest Income": NaN,
        "Interest Expense": NaN,
        "Interest Income": NaN,
        "Normalized Income": NaN,
        "Net Income From Continuing And Discontinued Operation": NaN,
        "Total Expenses": NaN,
        "Total Operating Income As Reported": NaN,
        "Diluted Average Shares": 453666000.0,
        "Basic Average Shares": 453094000.0,
        "Diluted EPS": 0.362,
        "Basic EPS": 0.362,
        "Diluted NI Availto Com Stockholders": NaN,
        "Net Income Common Stockholders": NaN,
        "Net Income": NaN,
        "Net Income Including Noncontrolling Interests": NaN,
        "Net Income Continuous Operations": NaN,
        "Tax Provision": NaN,
        "Pretax Income": NaN,
        "Other Income Expense": NaN,
        "Other Non Operating Income Expenses": NaN,
        "Special Income Charges": NaN,
        "Gain On Sale Of Ppe": NaN,
        "Impairment Of Capital Assets": NaN,
        "Gain On Sale Of Security": NaN,
        "Net Non Operating Interest Income Expense": NaN,
        "Total Other Finance Cost": NaN,
        "Interest Expense Non Operating": NaN,
        "Interest Income Non Operating": NaN,
        "Operating Income": NaN,
        "Operating Expense": NaN,
        "Other Operating Expenses": NaN,
        "Other Taxes": NaN,
        "Depreciation Amortization Depletion Income Statement": NaN,
        "Depreciation And Amortization In Income Statement": NaN,
        "Depreciation Income Statement": NaN,
        "Selling General And Administration": NaN,
        "General And Administrative Expense": NaN,
        "Other Gand A": NaN,
        "Insurance And Claims": NaN,
        "Salaries And Wages": NaN,
        "Gross Profit": NaN,
        "Cost Of Revenue": NaN,
        "Total Revenue": NaN,
        "Operating Revenue": NaN
    },
    "2024-06-30": {
        "Tax Effect Of Unusual Items": 210540.0,
        "Tax Rate For Calcs": 0.29,
        "Normalized EBITDA": 231387000.0,
        "Total Unusual Items": 726000.0,
        "Total Unusual Items Excluding Goodwill": 726000.0,
        "Net Income From Continuing Operation Net Minority Interest": 122317000.0,
        "Reconciled Depreciation": 59211000.0,
        "Reconciled Cost Of Revenue": 54008000.0,
        "EBITDA": 232113000.0,
        "EBIT": 172902000.0,
        "Net Interest Income": 3097000.0,
        "Interest Expense": 72000.0,
        "Interest Income": 4396000.0,
        "Normalized Income": 121801540.0,
        "Net Income From Continuing And Discontinued Operation": 122317000.0,
        "Total Expenses": 130057000.0,
        "Total Operating Income As Reported": 169007000.0,
        "Diluted Average Shares": 454104000.0,
        "Basic Average Shares": 453430000.0,
        "Diluted EPS": 0.269,
        "Basic EPS": 0.27,
        "Diluted NI Availto Com Stockholders": 122317000.0,
        "Net Income Common Stockholders": 122317000.0,
        "Net Income": 122317000.0,
        "Net Income Including Noncontrolling Interests": 122317000.0,
        "Net Income Continuous Operations": 122317000.0,
        "Tax Provision": 50513000.0,
        "Pretax Income": 172830000.0,
        "Other Income Expense": 726000.0,
        "Other Non Operating Income Expenses": -703000.0,
        "Special Income Charges": 0.0,
        "Gain On Sale Of Ppe": 0.0,
        "Impairment Of Capital Assets": NaN,
        "Gain On Sale Of Security": 726000.0,
        "Net Non Operating Interest Income Expense": 3097000.0,
        "Total Other Finance Cost": 1227000.0,
        "Interest Expense Non Operating": 72000.0,
        "Interest Income Non Operating": 4396000.0,
        "Operating Income": 169007000.0,
        "Operating Expense": 17185000.0,
        "Other Operating Expenses": 703000.0,
        "Other Taxes": 309000.0,
        "Depreciation Amortization Depletion Income Statement": 347000.0,
        "Depreciation And Amortization In Income Statement": 347000.0,
        "Depreciation Income Statement": 347000.0,
        "Selling General And Administration": 15826000.0,
        "General And Administrative Expense": 15826000.0,
        "Other Gand A": 3830000.0,
        "Insurance And Claims": 368000.0,
        "Salaries And Wages": 11628000.0,
        "Gross Profit": 186192000.0,
        "Cost Of Revenue": 112872000.0,
        "Total Revenue": 299064000.0,
        "Operating Revenue": 299064000.0
    },
    "2024-09-30": {
        "Tax Effect Of Unusual Items": 124908.573342,
        "Tax Rate For Calcs": 0.151038,
        "Normalized EBITDA": 237277000.0,
        "Total Unusual Items": 827000.0,
        "Total Unusual Items Excluding Goodwill": 827000.0,
        "Net Income From Continuing Operation Net Minority Interest": 154635000.0,
        "Reconciled Depreciation": 55887000.0,
        "Reconciled Cost Of Revenue": 55311000.0,
        "EBITDA": 238104000.0,
        "EBIT": 182217000.0,
        "Net Interest Income": 5363000.0,
        "Interest Expense": 71000.0,
        "Interest Income": 6767000.0,
        "Normalized Income": 153932908.573342,
        "Net Income From Continuing And Discontinued Operation": 154635000.0,
        "Total Expenses": 132308000.0,
        "Total Operating Income As Reported": 175945000.0,
        "Diluted Average Shares": 454302000.0,
        "Basic Average Shares": 453641000.0,
        "Diluted EPS": 0.34,
        "Basic EPS": 0.341,
        "Diluted NI Availto Com Stockholders": 154635000.0,
        "Net Income Common Stockholders": 154635000.0,
        "Net Income": 154635000.0,
        "Net Income Including Noncontrolling Interests": 154635000.0,
        "Net Income Continuous Operations": 154635000.0,
        "Tax Provision": 27511000.0,
        "Pretax Income": 182146000.0,
        "Other Income Expense": 838000.0,
        "Other Non Operating Income Expenses": 11000.0,
        "Special Income Charges": 0.0,
        "Gain On Sale Of Ppe": 0.0,
        "Impairment Of Capital Assets": NaN,
        "Gain On Sale Of Security": 827000.0,
        "Net Non Operating Interest Income Expense": 5363000.0,
        "Total Other Finance Cost": 1333000.0,
        "Interest Expense Non Operating": 71000.0,
        "Interest Income Non Operating": 6767000.0,
        "Operating Income": 175945000.0,
        "Operating Expense": 21468000.0,
        "Other Operating Expenses": 2352000.0,
        "Other Taxes": 162000.0,
        "Depreciation Amortization Depletion Income Statement": 358000.0,
        "Depreciation And Amortization In Income Statement": 358000.0,
        "Depreciation Income Statement": 358000.0,
        "Selling General And Administration": 18596000.0,
        "General And Administrative Expense": 18596000.0,
        "Other Gand A": 3146000.0,
        "Insurance And Claims": 499000.0,
        "Salaries And Wages": 14951000.0,
        "Gross Profit": 197413000.0,
        "Cost Of Revenue": 110840000.0,
        "Total Revenue": 308253000.0,
        "Operating Revenue": 308253000.0
    },
    "2024-12-31": {
        "Tax Effect Of Unusual Items": -31936755.358781,
        "Tax Rate For Calcs": 0.296821,
        "Normalized EBITDA": 302211000.0,
        "Total Unusual Items": -107596000.0,
        "Total Unusual Items Excluding Goodwill": -107596000.0,
        "Net Income From Continuing Operation Net Minority Interest": 88147000.0,
        "Reconciled Depreciation": 69192000.0,
        "Reconciled Cost Of Revenue": 64236000.0,
        "EBITDA": 194615000.0,
        "EBIT": 125423000.0,
        "Net Interest Income": 6520000.0,
        "Interest Expense": 68000.0,
        "Interest Income": 7925000.0,
        "Normalized Income": 163806244.641219,
        "Net Income From Continuing And Discontinued Operation": 88147000.0,
        "Total Expenses": 154034000.0,
        "Total Operating Income As Reported": 117621000.0,
        "Diluted Average Shares": NaN,
        "Basic Average Shares": NaN,
        "Diluted EPS": NaN,
        "Basic EPS": NaN,
        "Diluted NI Availto Com Stockholders": 88147000.0,
        "Net Income Common Stockholders": 88147000.0,
        "Net Income": 88147000.0,
        "Net Income Including Noncontrolling Interests": 88147000.0,
        "Net Income Continuous Operations": 88147000.0,
        "Tax Provision": 37208000.0,
        "Pretax Income": 125355000.0,
        "Other Income Expense": -107647000.0,
        "Other Non Operating Income Expenses": -51000.0,
        "Special Income Charges": -108861000.0,
        "Gain On Sale Of Ppe": 0.0,
        "Impairment Of Capital Assets": NaN,
        "Gain On Sale Of Security": 1265000.0,
        "Net Non Operating Interest Income Expense": 6520000.0,
        "Total Other Finance Cost": 1337000.0,
        "Interest Expense Non Operating": 68000.0,
        "Interest Income Non Operating": 7925000.0,
        "Operating Income": 226482000.0,
        "Operating Expense": 20925000.0,
        "Other Operating Expenses": 4332000.0,
        "Other Taxes": 117000.0,
        "Depreciation Amortization Depletion Income Statement": 319000.0,
        "Depreciation And Amortization In Income Statement": 319000.0,
        "Depreciation Income Statement": 319000.0,
        "Selling General And Administration": 16157000.0,
        "General And Administrative Expense": 16157000.0,
        "Other Gand A": 4174000.0,
        "Insurance And Claims": 496000.0,
        "Salaries And Wages": 11487000.0,
        "Gross Profit": 247407000.0,
        "Cost Of Revenue": 133109000.0,
        "Total Revenue": 380516000.0,
        "Operating Revenue": 380516000.0
    },
    "2025-03-31": {
        "Tax Effect Of Unusual Items": 102347.967907,
        "Tax Rate For Calcs": 0.144152,
        "Normalized EBITDA": 373138000.0,
        "Total Unusual Items": 710000.0,
        "Total Unusual Items Excluding Goodwill": 710000.0,
        "Net Income From Continuing Operation Net Minority Interest": 253984000.0,
        "Reconciled Depreciation": 76994000.0,
        "Reconciled Cost Of Revenue": 74635000.0,
        "EBITDA": 373848000.0,
        "EBIT": 296854000.0,
        "Net Interest Income": 7366000.0,
        "Interest Expense": 91000.0,
        "Interest Income": 8807000.0,
        "Normalized Income": 253376347.967907,
        "Net Income From Continuing And Discontinued Operation": 253984000.0,
        "Total Expenses": 179727000.0,
        "Total Operating Income As Reported": 290684000.0,
        "Diluted Average Shares": 454428000.0,
        "Basic Average Shares": 453692000.0,
        "Diluted EPS": 0.559,
        "Basic EPS": 0.56,
        "Diluted NI Availto Com Stockholders": 253984000.0,
        "Net Income Common Stockholders": 253984000.0,
        "Net Income": 253984000.0,
        "Net Income Including Noncontrolling Interests": 253984000.0,
        "Net Income Continuous Operations": 253984000.0,
        "Tax Provision": 42779000.0,
        "Pretax Income": 296763000.0,
        "Other Income Expense": -1287000.0,
        "Other Non Operating Income Expenses": -1997000.0,
        "Special Income Charges": NaN,
        "Gain On Sale Of Ppe": NaN,
        "Impairment Of Capital Assets": NaN,
        "Gain On Sale Of Security": 710000.0,
        "Net Non Operating Interest Income Expense": 7366000.0,
        "Total Other Finance Cost": 1350000.0,
        "Interest Expense Non Operating": 91000.0,
        "Interest Income Non Operating": 8807000.0,
        "Operating Income": 290684000.0,
        "Operating Expense": 28399000.0,
        "Other Operating Expenses": 2693000.0,
        "Other Taxes": 622000.0,
        "Depreciation Amortization Depletion Income Statement": 301000.0,
        "Depreciation And Amortization In Income Statement": 301000.0,
        "Depreciation Income Statement": 301000.0,
        "Selling General And Administration": 24783000.0,
        "General And Administrative Expense": 24783000.0,
        "Other Gand A": 4298000.0,
        "Insurance And Claims": 493000.0,
        "Salaries And Wages": 19992000.0,
        "Gross Profit": 319083000.0,
        "Cost Of Revenue": 151328000.0,
        "Total Revenue": 470411000.0,
        "Operating Revenue": 470411000.0
    },
    "2025-06-30": {
        "Tax Effect Of Unusual Items": 145880.0,
        "Tax Rate For Calcs": 0.14,
        "Normalized EBITDA": 412394000.0,
        "Total Unusual Items": 1042000.0,
        "Total Unusual Items Excluding Goodwill": 1042000.0,
        "Net Income From Continuing Operation Net Minority Interest": 292270000.0,
        "Reconciled Depreciation": 75322000.0,
        "Reconciled Cost Of Revenue": 75169000.0,
        "EBITDA": 413436000.0,
        "EBIT": 338114000.0,
        "Net Interest Income": 7028000.0,
        "Interest Expense": 110000.0,
        "Interest Income": 8455000.0,
        "Normalized Income": 291373880.0,
        "Net Income From Continuing And Discontinued Operation": 292270000.0,
        "Total Expenses": 173523000.0,
        "Total Operating Income As Reported": 329695000.0,
        "Diluted Average Shares": 454663000.0,
        "Basic Average Shares": 453889000.0,
        "Diluted EPS": 0.643,
        "Basic EPS": 0.644,
        "Diluted NI Availto Com Stockholders": 292270000.0,
        "Net Income Common Stockholders": 292270000.0,
        "Net Income": 292270000.0,
        "Net Income Including Noncontrolling Interests": 292270000.0,
        "Net Income Continuous Operations": 292270000.0,
        "Tax Provision": 45734000.0,
        "Pretax Income": 338004000.0,
        "Other Income Expense": 1281000.0,
        "Other Non Operating Income Expenses": 239000.0,
        "Special Income Charges": NaN,
        "Gain On Sale Of Ppe": NaN,
        "Impairment Of Capital Assets": NaN,
        "Gain On Sale Of Security": 1042000.0,
        "Net Non Operating Interest Income Expense": 7028000.0,
        "Total Other Finance Cost": 1317000.0,
        "Interest Expense Non Operating": 110000.0,
        "Interest Income Non Operating": 8455000.0,
        "Operating Income": 329695000.0,
        "Operating Expense": 23352000.0,
        "Other Operating Expenses": 2368000.0,
        "Other Taxes": 260000.0,
        "Depreciation Amortization Depletion Income Statement": 320000.0,
        "Depreciation And Amortization In Income Statement": 320000.0,
        "Depreciation Income Statement": 320000.0,
        "Selling General And Administration": 20404000.0,
        "General And Administrative Expense": 20404000.0,
        "Other Gand A": 4319000.0,
        "Insurance And Claims": 492000.0,
        "Salaries And Wages": 15593000.0,
        "Gross Profit": 353047000.0,
        "Cost Of Revenue": 150171000.0,
        "Total Revenue": 503218000.0,
        "Operating Revenue": 503218000.0
    }
}