{
    "2023-03-31": {
        "Tax Effect Of Unusual Items": NaN,
        "Tax Rate For Calcs": NaN,
        "Normalized EBITDA": NaN,
        "Total Unusual Items": NaN,
        "Total Unusual Items Excluding Goodwill": NaN,
        "Net Income From Continuing Operation Net Minority Interest": NaN,
        "Reconciled Depreciation": NaN,
        "Reconciled Cost Of Revenue": NaN,
        "EBITDA": NaN,
        "EBIT": NaN,
        "Net Interest Income": NaN,
        "Interest Expense": NaN,
        "Interest Income": NaN,
        "Normalized Income": NaN,
        "Net Income From Continuing And Discontinued Operation": NaN,
        "Total Expenses": NaN,
        "Total Operating Income As Reported": NaN,
        "Diluted Average Shares": NaN,
        "Basic Average Shares": NaN,
        "Diluted EPS": NaN,
        "Basic EPS": NaN,
        "Diluted NI Availto Com Stockholders": NaN,
        "Net Income Common Stockholders": NaN,
        "Net Income": NaN,
        "Net Income Including Noncontrolling Interests": NaN,
        "Net Income Discontinuous Operations": 0.0,
        "Net Income Continuous Operations": NaN,
        "Tax Provision": NaN,
        "Pretax Income": NaN,
        "Other Income Expense": NaN,
        "Special Income Charges": NaN,
        "Gain On Sale Of Business": NaN,
        "Other Special Charges": NaN,
        "Earnings From Equity Interest": NaN,
        "Gain On Sale Of Security": NaN,
        "Net Non Operating Interest Income Expense": NaN,
        "Interest Expense Non Operating": NaN,
        "Interest Income Non Operating": NaN,
        "Operating Income": NaN,
        "Operating Expense": NaN,
        "Depreciation Amortization Depletion Income Statement": NaN,
        "Depreciation And Amortization In Income Statement": NaN,
        "Research And Development": NaN,
        "Selling General And Administration": NaN,
        "Selling And Marketing Expense": NaN,
        "General And Administrative Expense": NaN,
        "Other Gand A": NaN,
        "Gross Profit": NaN,
        "Cost Of Revenue": NaN,
        "Total Revenue": NaN,
        "Operating Revenue": NaN
    },
    "2022-12-31": {
        "Tax Effect Of Unusual Items": NaN,
        "Tax Rate For Calcs": NaN,
        "Normalized EBITDA": NaN,
        "Total Unusual Items": NaN,
        "Total Unusual Items Excluding Goodwill": NaN,
        "Net Income From Continuing Operation Net Minority Interest": NaN,
        "Reconciled Depreciation": NaN,
        "Reconciled Cost Of Revenue": NaN,
        "EBITDA": NaN,
        "EBIT": NaN,
        "Net Interest Income": NaN,
        "Interest Expense": NaN,
        "Interest Income": NaN,
        "Normalized Income": NaN,
        "Net Income From Continuing And Discontinued Operation": NaN,
        "Total Expenses": NaN,
        "Total Operating Income As Reported": NaN,
        "Diluted Average Shares": NaN,
        "Basic Average Shares": NaN,
        "Diluted EPS": NaN,
        "Basic EPS": NaN,
        "Diluted NI Availto Com Stockholders": NaN,
        "Net Income Common Stockholders": NaN,
        "Net Income": NaN,
        "Net Income Including Noncontrolling Interests": NaN,
        "Net Income Discontinuous Operations": NaN,
        "Net Income Continuous Operations": NaN,
        "Tax Provision": NaN,
        "Pretax Income": NaN,
        "Other Income Expense": NaN,
        "Special Income Charges": 19057000.0,
        "Gain On Sale Of Ppe": -62000.0,
        "Gain On Sale Of Business": NaN,
        "Other Special Charges": NaN,
        "Restructuring And Mergern Acquisition": 0.0,
        "Earnings From Equity Interest": NaN,
        "Gain On Sale Of Security": NaN,
        "Net Non Operating Interest Income Expense": NaN,
        "Interest Expense Non Operating": NaN,
        "Interest Income Non Operating": NaN,
        "Operating Income": NaN,
        "Operating Expense": NaN,
        "Depreciation Amortization Depletion Income Statement": NaN,
        "Depreciation And Amortization In Income Statement": NaN,
        "Research And Development": NaN,
        "Selling General And Administration": NaN,
        "Selling And Marketing Expense": NaN,
        "General And Administrative Expense": NaN,
        "Other Gand A": NaN,
        "Gross Profit": NaN,
        "Cost Of Revenue": NaN,
        "Total Revenue": NaN,
        "Operating Revenue": NaN
    },
    "2022-09-30": {
        "Tax Effect Of Unusual Items": NaN,
        "Tax Rate For Calcs": NaN,
        "Normalized EBITDA": NaN,
        "Total Unusual Items": NaN,
        "Total Unusual Items Excluding Goodwill": NaN,
        "Net Income From Continuing Operation Net Minority Interest": NaN,
        "Reconciled Depreciation": NaN,
        "Reconciled Cost Of Revenue": NaN,
        "EBITDA": NaN,
        "EBIT": NaN,
        "Net Interest Income": NaN,
        "Interest Expense": NaN,
        "Interest Income": NaN,
        "Normalized Income": NaN,
        "Net Income From Continuing And Discontinued Operation": NaN,
        "Total Expenses": NaN,
        "Total Operating Income As Reported": NaN,
        "Diluted Average Shares": 17124606.0,
        "Basic Average Shares": 17124606.0,
        "Diluted EPS": -0.7,
        "Basic EPS": -0.7,
        "Diluted NI Availto Com Stockholders": NaN,
        "Net Income Common Stockholders": NaN,
        "Net Income": NaN,
        "Net Income Including Noncontrolling Interests": NaN,
        "Net Income Discontinuous Operations": NaN,
        "Net Income Continuous Operations": NaN,
        "Tax Provision": NaN,
        "Pretax Income": NaN,
        "Other Income Expense": NaN,
        "Special Income Charges": 0.0,
        "Gain On Sale Of Ppe": 0.0,
        "Other Special Charges": NaN,
        "Restructuring And Mergern Acquisition": 0.0,
        "Earnings From Equity Interest": NaN,
        "Gain On Sale Of Security": NaN,
        "Net Non Operating Interest Income Expense": NaN,
        "Interest Expense Non Operating": NaN,
        "Interest Income Non Operating": NaN,
        "Operating Income": NaN,
        "Operating Expense": NaN,
        "Depreciation Amortization Depletion Income Statement": NaN,
        "Depreciation And Amortization In Income Statement": NaN,
        "Research And Development": NaN,
        "Selling General And Administration": NaN,
        "Selling And Marketing Expense": NaN,
        "General And Administrative Expense": NaN,
        "Other Gand A": NaN,
        "Gross Profit": NaN,
        "Cost Of Revenue": NaN,
        "Total Revenue": NaN,
        "Operating Revenue": NaN
    },
    "2022-06-30": {
        "Tax Effect Of Unusual Items": -1026400.0,
        "Tax Rate For Calcs": 0.4,
        "Normalized EBITDA": -5053000.0,
        "Total Unusual Items": -2566000.0,
        "Total Unusual Items Excluding Goodwill": -2566000.0,
        "Net Income From Continuing Operation Net Minority Interest": -11579000.0,
        "Reconciled Depreciation": 3051000.0,
        "Reconciled Cost Of Revenue": 67491000.0,
        "EBITDA": -7619000.0,
        "EBIT": -10670000.0,
        "Net Interest Income": -642000.0,
        "Interest Expense": 839000.0,
        "Interest Income": 197000.0,
        "Normalized Income": -10039400.0,
        "Net Income From Continuing And Discontinued Operation": -11579000.0,
        "Total Expenses": 88723000.0,
        "Total Operating Income As Reported": -11325000.0,
        "Diluted Average Shares": 17119893.0,
        "Basic Average Shares": 17119893.0,
        "Diluted EPS": -0.68,
        "Basic EPS": -0.68,
        "Diluted NI Availto Com Stockholders": -11579000.0,
        "Net Income Common Stockholders": -11579000.0,
        "Net Income": -11579000.0,
        "Net Income Including Noncontrolling Interests": -11579000.0,
        "Net Income Discontinuous Operations": NaN,
        "Net Income Continuous Operations": -11579000.0,
        "Tax Provision": 70000.0,
        "Pretax Income": -11509000.0,
        "Other Income Expense": -2108000.0,
        "Special Income Charges": 0.0,
        "Gain On Sale Of Ppe": 0.0,
        "Gain On Sale Of Business": 0.0,
        "Other Special Charges": NaN,
        "Restructuring And Mergern Acquisition": 0.0,
        "Earnings From Equity Interest": 458000.0,
        "Gain On Sale Of Security": -2566000.0,
        "Net Non Operating Interest Income Expense": -642000.0,
        "Interest Expense Non Operating": 839000.0,
        "Interest Income Non Operating": 197000.0,
        "Operating Income": -8759000.0,
        "Operating Expense": 19266000.0,
        "Depreciation Amortization Depletion Income Statement": 1085000.0,
        "Depreciation And Amortization In Income Statement": 1085000.0,
        "Research And Development": 5254000.0,
        "Selling General And Administration": 12927000.0,
        "Selling And Marketing Expense": 3914000.0,
        "General And Administrative Expense": 9013000.0,
        "Other Gand A": 9013000.0,
        "Gross Profit": 10507000.0,
        "Cost Of Revenue": 69457000.0,
        "Total Revenue": 79964000.0,
        "Operating Revenue": 79964000.0
    },
    "2022-03-31": {
        "Diluted EPS": 0.4,
        "Total Revenue": 77,
        "Gross Profit": 10,
        "Operating Income": -10,
        "EBIT": -7,
        "Net Income": 8
    },
    "2021-12-31": {
        "Diluted EPS": 0.2,
        "Total Revenue": 83,
        "Gross Profit": 9,
        "Operating Income": -9,
        "EBIT": -6,
        "Net Income": 5
    },
    "2021-09-30": {
        "Diluted EPS": -0.3,
        "Total Revenue": 74,
        "Gross Profit": 10,
        "Operating Income": -10,
        "EBIT": -6,
        "Net Income": -6
    },
    "2021-06-30": {
        "Diluted EPS": 1.1,
        "Total Revenue": 79,
        "Gross Profit": 16,
        "Operating Income": -6,
        "EBIT": -2,
        "Net Income": 17
    },
    "2021-03-31": {
        "Diluted EPS": -0.2,
        "Total Revenue": 76,
        "Gross Profit": 13,
        "Operating Income": -7,
        "EBIT": -4,
        "Net Income": -3
    },
    "2020-12-31": {
        "Diluted EPS": 0.3,
        "Total Revenue": 84,
        "Gross Profit": 13,
        "Operating Income": -6,
        "EBIT": -2,
        "Net Income": 4
    },
    "2020-09-30": {
        "Diluted EPS": 0.1,
        "Total Revenue": 65,
        "Gross Profit": 10,
        "Operating Income": -5,
        "EBIT": -1,
        "Net Income": 1
    },
    "2020-06-30": {
        "Diluted EPS": 0.2,
        "Total Revenue": 36,
        "Gross Profit": 12,
        "Operating Income": -2,
        "EBIT": 2,
        "Net Income": 3
    },
    "2020-03-31": {
        "Diluted EPS": -1.1,
        "Total Revenue": 67,
        "Gross Profit": 4,
        "Operating Income": -13,
        "EBIT": -10,
        "Net Income": -15
    },
    "2019-12-31": {
        "Diluted EPS": 0.0,
        "Total Revenue": 74,
        "Gross Profit": 14,
        "Operating Income": -7,
        "EBIT": -4,
        "Net Income": 1
    },
    "2019-09-30": {
        "Diluted EPS": 0.4,
        "Total Revenue": 75,
        "Gross Profit": 18,
        "Operating Income": 0,
        "EBIT": 4,
        "Net Income": 5
    },
    "2019-06-30": {
        "Diluted EPS": -0.2,
        "Total Revenue": 82,
        "Gross Profit": 19,
        "Operating Income": -7,
        "EBIT": -3,
        "Net Income": -3
    },
    "2019-03-31": {
        "Diluted EPS": -0.2,
        "Total Revenue": 73,
        "Gross Profit": 17,
        "Operating Income": -9,
        "EBIT": -4,
        "Net Income": -3
    },
    "2018-12-31": {
        "Diluted EPS": -0.7,
        "Total Revenue": 60,
        "Gross Profit": 12,
        "Operating Income": -13,
        "EBIT": -9,
        "Net Income": -9
    },
    "2018-09-30": {
        "Diluted EPS": -0.2,
        "Total Revenue": 66,
        "Gross Profit": 16,
        "Operating Income": -13,
        "EBIT": -8,
        "Net Income": -3
    },
    "2018-06-30": {
        "Diluted EPS": -0.4,
        "Total Revenue": 80,
        "Gross Profit": 22,
        "Operating Income": -6,
        "EBIT": -2,
        "Net Income": -5
    },
    "2018-03-31": {
        "Diluted EPS": -1.1,
        "Total Revenue": 64,
        "Gross Profit": 15,
        "Operating Income": -11,
        "EBIT": -7,
        "Net Income": -14
    },
    "2017-12-31": {
        "Diluted EPS": -1.2,
        "Total Revenue": 55,
        "Gross Profit": 14,
        "Operating Income": -20,
        "EBIT": -16,
        "Net Income": -14
    },
    "2017-09-30": {
        "Diluted EPS": -1.4,
        "Total Revenue": 56,
        "Gross Profit": 14,
        "Operating Income": -17,
        "EBIT": -13,
        "Net Income": -16
    },
    "2017-06-30": {
        "Diluted EPS": 2.9,
        "Total Revenue": 59,
        "Gross Profit": 15,
        "Operating Income": -15,
        "EBIT": -12,
        "Net Income": 32
    },
    "2017-03-31": {
        "Diluted EPS": -1.1,
        "Total Revenue": 60,
        "Gross Profit": 18,
        "Operating Income": -14,
        "EBIT": -10,
        "Net Income": -13
    },
    "2016-12-31": {
        "Diluted EPS": -4.3,
        "Total Revenue": 60,
        "Gross Profit": 13,
        "Operating Income": -21,
        "EBIT": -17,
        "Net Income": -45
    },
    "2016-09-30": {
        "Diluted EPS": -3.0,
        "Total Revenue": 56,
        "Gross Profit": 9,
        "Operating Income": -43,
        "EBIT": -38,
        "Net Income": -32
    },
    "2016-06-30": {
        "Diluted EPS": 0.4,
        "Total Revenue": 37,
        "Gross Profit": 8,
        "Operating Income": -28,
        "EBIT": -24,
        "Net Income": 4
    },
    "2016-03-31": {
        "Diluted EPS": -3.8,
        "Total Revenue": 24,
        "Gross Profit": 6,
        "Operating Income": -22,
        "EBIT": -19,
        "Net Income": -25
    },
    "2015-12-31": {
        "Diluted EPS": -3.5,
        "Total Revenue": 25,
        "Gross Profit": 3,
        "Operating Income": -8,
        "EBIT": -4,
        "Net Income": -23
    },
    "2015-09-30": {
        "Diluted EPS": -5.8,
        "Total Revenue": 22,
        "Gross Profit": 1,
        "Operating Income": -47,
        "EBIT": -44,
        "Net Income": -37
    },
    "2015-06-30": {
        "Diluted EPS": -3.2,
        "Total Revenue": 28,
        "Gross Profit": 9,
        "Operating Income": -20,
        "EBIT": -16,
        "Net Income": -20
    },
    "2015-03-31": {
        "Diluted EPS": -2.7,
        "Total Revenue": 28,
        "Gross Profit": 5,
        "Operating Income": -24,
        "EBIT": -21,
        "Net Income": -17
    },
    "2014-12-31": {
        "Diluted EPS": -10.3,
        "Total Revenue": 27,
        "Gross Profit": 0,
        "Operating Income": -37,
        "EBIT": -32,
        "Net Income": -65
    },
    "2014-09-30": {
        "Diluted EPS": -4.0,
        "Total Revenue": 25,
        "Gross Profit": 8,
        "Operating Income": -30,
        "EBIT": -25,
        "Net Income": -26
    },
    "2014-06-30": {
        "Diluted EPS": -5.6,
        "Total Revenue": 40,
        "Gross Profit": 14,
        "Operating Income": -26,
        "EBIT": -21,
        "Net Income": -35
    },
    "2014-03-31": {
        "Diluted EPS": -3.8,
        "Total Revenue": 42,
        "Gross Profit": 12,
        "Operating Income": -31,
        "EBIT": -27,
        "Net Income": -24
    },
    "2013-12-31": {
        "Diluted EPS": -14.2,
        "Total Revenue": 53,
        "Gross Profit": -17,
        "Operating Income": -96,
        "EBIT": -91,
        "Net Income": -90
    },
    "2013-09-30": {
        "Diluted EPS": -5.3,
        "Total Revenue": 47,
        "Gross Profit": 16,
        "Operating Income": -31,
        "EBIT": -27,
        "Net Income": -30
    },
    "2013-06-30": {
        "Diluted EPS": -6.1,
        "Total Revenue": 35,
        "Gross Profit": 8,
        "Operating Income": -40,
        "EBIT": -37,
        "Net Income": -34
    },
    "2013-03-31": {
        "Diluted EPS": -5.7,
        "Total Revenue": 30,
        "Gross Profit": 8,
        "Operating Income": -35,
        "EBIT": -31,
        "Net Income": -32
    },
    "2012-12-31": {
        "Diluted EPS": -6.8,
        "Total Revenue": 83,
        "Gross Profit": 161,
        "Operating Income": 125,
        "EBIT": 129,
        "Net Income": -38
    },
    "2012-09-30": {
        "Diluted EPS": -5.9,
        "Total Revenue": 76,
        "Gross Profit": 21,
        "Operating Income": -21,
        "EBIT": -18,
        "Net Income": -33
    },
    "2012-06-30": {
        "Diluted EPS": -1.1,
        "Total Revenue": 106,
        "Gross Profit": 41,
        "Operating Income": -2,
        "EBIT": 1,
        "Net Income": -6
    },
    "2012-03-31": {
        "Diluted EPS": -4.4,
        "Total Revenue": 89,
        "Gross Profit": 28,
        "Operating Income": -11,
        "EBIT": -8,
        "Net Income": -23
    },
    "2011-12-31": {
        "Diluted EPS": -3.0,
        "Total Revenue": 101,
        "Gross Profit": 101,
        "Operating Income": 101,
        "EBIT": 101,
        "Net Income": -15
    },
    "2011-09-30": {
        "Diluted EPS": -2.7,
        "Total Revenue": 81,
        "Gross Profit": 26,
        "Operating Income": -5,
        "EBIT": -3,
        "Net Income": -13
    },
    "2011-06-30": {
        "Diluted EPS": -3.8,
        "Total Revenue": 45,
        "Gross Profit": 15,
        "Operating Income": -11,
        "EBIT": -13,
        "Net Income": -18
    },
    "2011-03-31": {
        "Diluted EPS": -3.1,
        "Total Revenue": 38,
        "Gross Profit": 18,
        "Operating Income": -10,
        "EBIT": -6,
        "Net Income": -14
    },
    "2010-12-31": {
        "Diluted EPS": -3.1,
        "Total Revenue": 40,
        "Gross Profit": 13,
        "Operating Income": -8,
        "EBIT": -7,
        "Net Income": -14
    },
    "2010-09-30": {
        "Diluted EPS": -1.6,
        "Total Revenue": 45,
        "Gross Profit": 18,
        "Operating Income": 0,
        "EBIT": 1,
        "Net Income": -6
    },
    "2010-06-30": {
        "Diluted EPS": -2.1,
        "Total Revenue": 25,
        "Gross Profit": 9,
        "Operating Income": -5,
        "EBIT": -6,
        "Net Income": -8
    },
    "2010-03-31": {
        "Diluted EPS": -3.2,
        "Total Revenue": 36,
        "Gross Profit": 13,
        "Operating Income": -4,
        "EBIT": -2,
        "Net Income": -12
    },
    "2009-12-31": {
        "Diluted EPS": -2.1,
        "Total Revenue": 38,
        "Gross Profit": 16,
        "Operating Income": 2,
        "EBIT": 3,
        "Net Income": -7
    },
    "2009-09-30": {
        "Diluted EPS": -2.6,
        "Total Revenue": 30,
        "Gross Profit": 9,
        "Operating Income": -4,
        "EBIT": -4,
        "Net Income": -9
    },
    "2009-06-30": {
        "Diluted EPS": -2.5,
        "Total Revenue": 21,
        "Gross Profit": 6,
        "Operating Income": -6,
        "EBIT": -7,
        "Net Income": -8
    },
    "2009-03-31": {
        "Diluted EPS": -3.8,
        "Total Revenue": 23,
        "Gross Profit": 23,
        "Operating Income": 23,
        "EBIT": 25,
        "Net Income": -11
    },
    "2023-06-30": {
        "Tax Effect Of Unusual Items": NaN,
        "Tax Rate For Calcs": NaN,
        "Normalized EBITDA": NaN,
        "Total Unusual Items": NaN,
        "Total Unusual Items Excluding Goodwill": NaN,
        "Net Income From Continuing Operation Net Minority Interest": NaN,
        "Reconciled Depreciation": NaN,
        "Reconciled Cost Of Revenue": NaN,
        "EBITDA": NaN,
        "EBIT": NaN,
        "Net Interest Income": NaN,
        "Interest Expense": NaN,
        "Interest Income": 733000.0,
        "Normalized Income": NaN,
        "Net Income From Continuing And Discontinued Operation": NaN,
        "Total Expenses": NaN,
        "Total Operating Income As Reported": NaN,
        "Diluted Average Shares": 17173252.0,
        "Basic Average Shares": 17173252.0,
        "Diluted EPS": -0.77,
        "Basic EPS": -0.77,
        "Diluted NI Availto Com Stockholders": NaN,
        "Net Income Common Stockholders": NaN,
        "Net Income": NaN,
        "Net Income Including Noncontrolling Interests": NaN,
        "Net Income Continuous Operations": NaN,
        "Tax Provision": NaN,
        "Pretax Income": NaN,
        "Other Income Expense": NaN,
        "Special Income Charges": -2909000.0,
        "Gain On Sale Of Business": 0.0,
        "Other Special Charges": 2909000.0,
        "Earnings From Equity Interest": NaN,
        "Gain On Sale Of Security": NaN,
        "Net Non Operating Interest Income Expense": NaN,
        "Interest Expense Non Operating": NaN,
        "Interest Income Non Operating": 733000.0,
        "Operating Income": NaN,
        "Operating Expense": NaN,
        "Depreciation Amortization Depletion Income Statement": NaN,
        "Depreciation And Amortization In Income Statement": NaN,
        "Research And Development": NaN,
        "Selling General And Administration": NaN,
        "Selling And Marketing Expense": NaN,
        "General And Administrative Expense": NaN,
        "Other Gand A": NaN,
        "Gross Profit": NaN,
        "Cost Of Revenue": NaN,
        "Total Revenue": NaN,
        "Operating Revenue": NaN
    },
    "2023-09-30": {
        "Tax Effect Of Unusual Items": NaN,
        "Tax Rate For Calcs": NaN,
        "Normalized EBITDA": NaN,
        "Total Unusual Items": NaN,
        "Total Unusual Items Excluding Goodwill": NaN,
        "Net Income From Continuing Operation Net Minority Interest": NaN,
        "Reconciled Depreciation": NaN,
        "Reconciled Cost Of Revenue": NaN,
        "EBITDA": NaN,
        "EBIT": NaN,
        "Net Interest Income": NaN,
        "Interest Expense": NaN,
        "Interest Income": NaN,
        "Normalized Income": NaN,
        "Net Income From Continuing And Discontinued Operation": NaN,
        "Total Expenses": NaN,
        "Total Operating Income As Reported": NaN,
        "Diluted Average Shares": 17174972.0,
        "Basic Average Shares": 17174972.0,
        "Diluted EPS": -0.7,
        "Basic EPS": -0.7,
        "Diluted NI Availto Com Stockholders": NaN,
        "Net Income Common Stockholders": NaN,
        "Net Income": NaN,
        "Net Income Including Noncontrolling Interests": NaN,
        "Net Income Continuous Operations": NaN,
        "Tax Provision": NaN,
        "Pretax Income": NaN,
        "Other Income Expense": NaN,
        "Special Income Charges": 0.0,
        "Gain On Sale Of Business": 0.0,
        "Other Special Charges": NaN,
        "Earnings From Equity Interest": NaN,
        "Gain On Sale Of Security": NaN,
        "Net Non Operating Interest Income Expense": NaN,
        "Interest Expense Non Operating": NaN,
        "Interest Income Non Operating": NaN,
        "Operating Income": NaN,
        "Operating Expense": NaN,
        "Depreciation Amortization Depletion Income Statement": NaN,
        "Depreciation And Amortization In Income Statement": NaN,
        "Research And Development": NaN,
        "Selling General And Administration": NaN,
        "Selling And Marketing Expense": NaN,
        "General And Administrative Expense": NaN,
        "Other Gand A": NaN,
        "Gross Profit": NaN,
        "Cost Of Revenue": NaN,
        "Total Revenue": NaN,
        "Operating Revenue": NaN
    },
    "2023-12-31": {
        "Tax Effect Of Unusual Items": NaN,
        "Tax Rate For Calcs": NaN,
        "Normalized EBITDA": NaN,
        "Total Unusual Items": NaN,
        "Total Unusual Items Excluding Goodwill": NaN,
        "Net Income From Continuing Operation Net Minority Interest": NaN,
        "Reconciled Depreciation": NaN,
        "Reconciled Cost Of Revenue": NaN,
        "EBITDA": NaN,
        "EBIT": NaN,
        "Net Interest Income": NaN,
        "Interest Expense": NaN,
        "Interest Income": NaN,
        "Normalized Income": NaN,
        "Net Income From Continuing And Discontinued Operation": NaN,
        "Total Expenses": NaN,
        "Total Operating Income As Reported": NaN,
        "Diluted Average Shares": NaN,
        "Basic Average Shares": NaN,
        "Diluted EPS": NaN,
        "Basic EPS": NaN,
        "Diluted NI Availto Com Stockholders": NaN,
        "Net Income Common Stockholders": NaN,
        "Net Income": NaN,
        "Net Income Including Noncontrolling Interests": NaN,
        "Net Income Discontinuous Operations": NaN,
        "Net Income Continuous Operations": NaN,
        "Tax Provision": NaN,
        "Pretax Income": NaN,
        "Other Income Expense": NaN,
        "Special Income Charges": -445000.0,
        "Gain On Sale Of Business": NaN,
        "Other Special Charges": 0.0,
        "Earnings From Equity Interest": NaN,
        "Gain On Sale Of Security": NaN,
        "Net Non Operating Interest Income Expense": NaN,
        "Interest Expense Non Operating": NaN,
        "Interest Income Non Operating": NaN,
        "Operating Income": NaN,
        "Operating Expense": NaN,
        "Depreciation Amortization Depletion Income Statement": NaN,
        "Depreciation And Amortization In Income Statement": NaN,
        "Research And Development": NaN,
        "Selling General And Administration": NaN,
        "Selling And Marketing Expense": NaN,
        "General And Administrative Expense": NaN,
        "Other Gand A": NaN,
        "Gross Profit": NaN,
        "Cost Of Revenue": NaN,
        "Total Revenue": NaN,
        "Operating Revenue": NaN
    },
    "2024-03-31": {
        "Tax Effect Of Unusual Items": NaN,
        "Tax Rate For Calcs": NaN,
        "Normalized EBITDA": NaN,
        "Total Unusual Items": NaN,
        "Total Unusual Items Excluding Goodwill": NaN,
        "Net Income From Continuing Operation Net Minority Interest": NaN,
        "Reconciled Depreciation": NaN,
        "Reconciled Cost Of Revenue": NaN,
        "EBITDA": NaN,
        "EBIT": NaN,
        "Net Interest Income": NaN,
        "Interest Expense": NaN,
        "Interest Income": 341000.0,
        "Normalized Income": NaN,
        "Net Income From Continuing And Discontinued Operation": NaN,
        "Total Expenses": NaN,
        "Total Operating Income As Reported": NaN,
        "Diluted Average Shares": 17220540.0,
        "Basic Average Shares": 17220540.0,
        "Diluted EPS": -0.79,
        "Basic EPS": -0.79,
        "Diluted NI Availto Com Stockholders": NaN,
        "Net Income Common Stockholders": NaN,
        "Net Income": NaN,
        "Net Income Including Noncontrolling Interests": NaN,
        "Net Income Discontinuous Operations": NaN,
        "Net Income Continuous Operations": NaN,
        "Tax Provision": NaN,
        "Pretax Income": NaN,
        "Other Income Expense": NaN,
        "Special Income Charges": NaN,
        "Gain On Sale Of Business": NaN,
        "Other Special Charges": NaN,
        "Earnings From Equity Interest": NaN,
        "Gain On Sale Of Security": NaN,
        "Net Non Operating Interest Income Expense": NaN,
        "Interest Expense Non Operating": NaN,
        "Interest Income Non Operating": 341000.0,
        "Operating Income": NaN,
        "Operating Expense": NaN,
        "Depreciation Amortization Depletion Income Statement": NaN,
        "Depreciation And Amortization In Income Statement": NaN,
        "Research And Development": NaN,
        "Selling General And Administration": NaN,
        "Selling And Marketing Expense": NaN,
        "General And Administrative Expense": NaN,
        "Other Gand A": NaN,
        "Gross Profit": NaN,
        "Cost Of Revenue": NaN,
        "Total Revenue": NaN,
        "Operating Revenue": NaN
    },
    "2024-06-30": {
        "Tax Effect Of Unusual Items": 269344.126684,
        "Tax Rate For Calcs": 0.02009,
        "Normalized EBITDA": -8719000.0,
        "Total Unusual Items": 13407000.0,
        "Total Unusual Items Excluding Goodwill": 13407000.0,
        "Net Income From Continuing Operation Net Minority Interest": 4146000.0,
        "Reconciled Depreciation": 169000.0,
        "Reconciled Cost Of Revenue": 11679000.0,
        "EBITDA": 4688000.0,
        "EBIT": 4519000.0,
        "Net Interest Income": -193000.0,
        "Interest Expense": 288000.0,
        "Interest Income": 95000.0,
        "Normalized Income": -8991655.873316,
        "Net Income From Continuing And Discontinued Operation": 5817000.0,
        "Total Expenses": 21990000.0,
        "Total Operating Income As Reported": -7740000.0,
        "Diluted Average Shares": 17488070.0,
        "Basic Average Shares": 17239460.0,
        "Diluted EPS": 0.34,
        "Basic EPS": 0.34,
        "Diluted NI Availto Com Stockholders": 5817000.0,
        "Net Income Common Stockholders": 5817000.0,
        "Net Income": 5817000.0,
        "Net Income Including Noncontrolling Interests": 5817000.0,
        "Net Income Discontinuous Operations": 1671000.0,
        "Net Income Continuous Operations": 4146000.0,
        "Tax Provision": 85000.0,
        "Pretax Income": 4231000.0,
        "Other Income Expense": 12305000.0,
        "Special Income Charges": 13266000.0,
        "Gain On Sale Of Business": 13266000.0,
        "Other Special Charges": NaN,
        "Earnings From Equity Interest": -1102000.0,
        "Gain On Sale Of Security": 141000.0,
        "Net Non Operating Interest Income Expense": -193000.0,
        "Interest Expense Non Operating": 288000.0,
        "Interest Income Non Operating": 95000.0,
        "Operating Income": -7881000.0,
        "Operating Expense": 10240000.0,
        "Depreciation Amortization Depletion Income Statement": 98000.0,
        "Depreciation And Amortization In Income Statement": 98000.0,
        "Research And Development": 3460000.0,
        "Selling General And Administration": 6682000.0,
        "Selling And Marketing Expense": 962000.0,
        "General And Administrative Expense": 5720000.0,
        "Other Gand A": 5720000.0,
        "Gross Profit": 2359000.0,
        "Cost Of Revenue": 11750000.0,
        "Total Revenue": 14109000.0,
        "Operating Revenue": 14109000.0
    },
    "2024-09-30": {
        "Tax Effect Of Unusual Items": 107550.0,
        "Tax Rate For Calcs": 0.15,
        "Normalized EBITDA": -449000.0,
        "Total Unusual Items": 717000.0,
        "Total Unusual Items Excluding Goodwill": 717000.0,
        "Net Income From Continuing Operation Net Minority Interest": -3868000.0,
        "Reconciled Depreciation": 1790000.0,
        "Reconciled Cost Of Revenue": 50746000.0,
        "EBITDA": 268000.0,
        "EBIT": -1522000.0,
        "Net Interest Income": -350000.0,
        "Interest Expense": 919000.0,
        "Interest Income": 569000.0,
        "Normalized Income": -4477450.0,
        "Net Income From Continuing And Discontinued Operation": -3868000.0,
        "Total Expenses": 66278000.0,
        "Total Operating Income As Reported": 1042000.0,
        "Diluted Average Shares": 17264157.0,
        "Basic Average Shares": 17264157.0,
        "Diluted EPS": -0.22,
        "Basic EPS": -0.22,
        "Diluted NI Availto Com Stockholders": -3868000.0,
        "Net Income Common Stockholders": -3868000.0,
        "Net Income": -3868000.0,
        "Net Income Including Noncontrolling Interests": -3868000.0,
        "Net Income Discontinuous Operations": NaN,
        "Net Income Continuous Operations": -3868000.0,
        "Tax Provision": 1427000.0,
        "Pretax Income": -2441000.0,
        "Other Income Expense": -2064000.0,
        "Special Income Charges": 0.0,
        "Gain On Sale Of Business": 0.0,
        "Other Special Charges": NaN,
        "Earnings From Equity Interest": -2781000.0,
        "Gain On Sale Of Security": 717000.0,
        "Net Non Operating Interest Income Expense": -350000.0,
        "Interest Expense Non Operating": 919000.0,
        "Interest Income Non Operating": 569000.0,
        "Operating Income": -27000.0,
        "Operating Expense": 14493000.0,
        "Depreciation Amortization Depletion Income Statement": 751000.0,
        "Depreciation And Amortization In Income Statement": 751000.0,
        "Research And Development": 3266000.0,
        "Selling General And Administration": 10476000.0,
        "Selling And Marketing Expense": 2770000.0,
        "General And Administrative Expense": 7706000.0,
        "Other Gand A": 7706000.0,
        "Gross Profit": 14466000.0,
        "Cost Of Revenue": 51785000.0,
        "Total Revenue": 66251000.0,
        "Operating Revenue": 66251000.0
    },
    "2024-12-31": {
        "Tax Effect Of Unusual Items": -631650.0,
        "Tax Rate For Calcs": 0.15,
        "Normalized EBITDA": -1493000.0,
        "Total Unusual Items": -4211000.0,
        "Total Unusual Items Excluding Goodwill": -4211000.0,
        "Net Income From Continuing Operation Net Minority Interest": -10142000.0,
        "Reconciled Depreciation": 1908000.0,
        "Reconciled Cost Of Revenue": 59753000.0,
        "EBITDA": -5704000.0,
        "EBIT": -7612000.0,
        "Net Interest Income": -272000.0,
        "Interest Expense": 672000.0,
        "Interest Income": 400000.0,
        "Normalized Income": -6562650.0,
        "Net Income From Continuing And Discontinued Operation": -10142000.0,
        "Total Expenses": 76925000.0,
        "Total Operating Income As Reported": -7980000.0,
        "Diluted Average Shares": NaN,
        "Basic Average Shares": NaN,
        "Diluted EPS": NaN,
        "Basic EPS": NaN,
        "Diluted NI Availto Com Stockholders": -10142000.0,
        "Net Income Common Stockholders": -10142000.0,
        "Net Income": -10142000.0,
        "Net Income Including Noncontrolling Interests": -10142000.0,
        "Net Income Discontinuous Operations": NaN,
        "Net Income Continuous Operations": -10142000.0,
        "Tax Provision": 1858000.0,
        "Pretax Income": -8284000.0,
        "Other Income Expense": -6175000.0,
        "Special Income Charges": 1229000.0,
        "Gain On Sale Of Business": 1932000.0,
        "Other Special Charges": NaN,
        "Earnings From Equity Interest": -1964000.0,
        "Gain On Sale Of Security": -5440000.0,
        "Net Non Operating Interest Income Expense": -272000.0,
        "Interest Expense Non Operating": 672000.0,
        "Interest Income Non Operating": 400000.0,
        "Operating Income": -1837000.0,
        "Operating Expense": 16117000.0,
        "Depreciation Amortization Depletion Income Statement": 853000.0,
        "Depreciation And Amortization In Income Statement": 853000.0,
        "Research And Development": 4068000.0,
        "Selling General And Administration": 11196000.0,
        "Selling And Marketing Expense": 3179000.0,
        "General And Administrative Expense": 8017000.0,
        "Other Gand A": 8017000.0,
        "Gross Profit": 14280000.0,
        "Cost Of Revenue": 60808000.0,
        "Total Revenue": 75088000.0,
        "Operating Revenue": 75088000.0
    },
    "2025-03-31": {
        "Tax Effect Of Unusual Items": 68400.0,
        "Tax Rate For Calcs": 0.15,
        "Normalized EBITDA": 278000.0,
        "Total Unusual Items": 456000.0,
        "Total Unusual Items Excluding Goodwill": 456000.0,
        "Net Income From Continuing Operation Net Minority Interest": -2451000.0,
        "Reconciled Depreciation": 1930000.0,
        "Reconciled Cost Of Revenue": 54540000.0,
        "EBITDA": 734000.0,
        "EBIT": -1196000.0,
        "Net Interest Income": 193000.0,
        "Interest Expense": 676000.0,
        "Interest Income": 869000.0,
        "Normalized Income": -2838600.0,
        "Net Income From Continuing And Discontinued Operation": -2451000.0,
        "Total Expenses": 69677000.0,
        "Total Operating Income As Reported": 1734000.0,
        "Diluted Average Shares": 17322681.0,
        "Basic Average Shares": 17322681.0,
        "Diluted EPS": -0.14,
        "Basic EPS": -0.14,
        "Diluted NI Availto Com Stockholders": -2451000.0,
        "Net Income Common Stockholders": -2451000.0,
        "Net Income": -2451000.0,
        "Net Income Including Noncontrolling Interests": -2451000.0,
        "Net Income Discontinuous Operations": NaN,
        "Net Income Continuous Operations": -2451000.0,
        "Tax Provision": 579000.0,
        "Pretax Income": -1872000.0,
        "Other Income Expense": -3343000.0,
        "Special Income Charges": NaN,
        "Gain On Sale Of Business": NaN,
        "Other Special Charges": NaN,
        "Earnings From Equity Interest": -3799000.0,
        "Gain On Sale Of Security": 456000.0,
        "Net Non Operating Interest Income Expense": 193000.0,
        "Interest Expense Non Operating": 676000.0,
        "Interest Income Non Operating": 869000.0,
        "Operating Income": 1278000.0,
        "Operating Expense": 13947000.0,
        "Depreciation Amortization Depletion Income Statement": 740000.0,
        "Depreciation And Amortization In Income Statement": 740000.0,
        "Research And Development": 4052000.0,
        "Selling General And Administration": 9155000.0,
        "Selling And Marketing Expense": 2758000.0,
        "General And Administrative Expense": 6397000.0,
        "Other Gand A": 6397000.0,
        "Gross Profit": 15225000.0,
        "Cost Of Revenue": 55730000.0,
        "Total Revenue": 70955000.0,
        "Operating Revenue": 70955000.0
    },
    "2025-06-30": {
        "Tax Effect Of Unusual Items": 633600.0,
        "Tax Rate For Calcs": 0.15,
        "Normalized EBITDA": -8701000.0,
        "Total Unusual Items": 4224000.0,
        "Total Unusual Items Excluding Goodwill": 4224000.0,
        "Net Income From Continuing Operation Net Minority Interest": -5053000.0,
        "Reconciled Depreciation": 219000.0,
        "Reconciled Cost Of Revenue": 11543000.0,
        "EBITDA": -4477000.0,
        "EBIT": -4696000.0,
        "Net Interest Income": -313000.0,
        "Interest Expense": 313000.0,
        "Interest Income": NaN,
        "Normalized Income": -8643400.0,
        "Net Income From Continuing And Discontinued Operation": -34344000.0,
        "Total Expenses": 17732000.0,
        "Total Operating Income As Reported": -1010000.0,
        "Diluted Average Shares": 17338288.0,
        "Basic Average Shares": 17338288.0,
        "Diluted EPS": -1.98,
        "Basic EPS": -1.98,
        "Diluted NI Availto Com Stockholders": -34344000.0,
        "Net Income Common Stockholders": -34344000.0,
        "Net Income": -34344000.0,
        "Net Income Including Noncontrolling Interests": -34344000.0,
        "Net Income Discontinuous Operations": -29291000.0,
        "Net Income Continuous Operations": -5053000.0,
        "Tax Provision": 44000.0,
        "Pretax Income": -5009000.0,
        "Other Income Expense": 538000.0,
        "Special Income Charges": 0.0,
        "Gain On Sale Of Business": 0.0,
        "Other Special Charges": NaN,
        "Earnings From Equity Interest": -3686000.0,
        "Gain On Sale Of Security": 4224000.0,
        "Net Non Operating Interest Income Expense": -313000.0,
        "Interest Expense Non Operating": 313000.0,
        "Interest Income Non Operating": NaN,
        "Operating Income": -5234000.0,
        "Operating Expense": 6076000.0,
        "Depreciation Amortization Depletion Income Statement": 106000.0,
        "Depreciation And Amortization In Income Statement": 106000.0,
        "Research And Development": 1574000.0,
        "Selling General And Administration": 4396000.0,
        "Selling And Marketing Expense": 290000.0,
        "General And Administrative Expense": 4106000.0,
        "Other Gand A": 4106000.0,
        "Gross Profit": 842000.0,
        "Cost Of Revenue": 11656000.0,
        "Total Revenue": 12498000.0,
        "Operating Revenue": 12498000.0
    }
}