{
    "2023-06-30": {
        "Tax Effect Of Unusual Items": 0.0,
        "Tax Rate For Calcs": 0.213,
        "Net Income From Continuing Operation Net Minority Interest": 4007000.0,
        "Reconciled Depreciation": 738000.0,
        "Net Interest Income": 12675000.0,
        "Interest Expense": 11572000.0,
        "Interest Income": 24247000.0,
        "Normalized Income": 4007000.0,
        "Net Income From Continuing And Discontinued Operation": 4007000.0,
        "Diluted Average Shares": 20431000.0,
        "Basic Average Shares": 20384000.0,
        "Diluted EPS": 0.2,
        "Basic EPS": 0.2,
        "Diluted NI Availto Com Stockholders": 4007000.0,
        "Net Income Common Stockholders": 4007000.0,
        "Net Income": 4007000.0,
        "Net Income Including Noncontrolling Interests": 4007000.0,
        "Net Income Continuous Operations": 4007000.0,
        "Tax Provision": 1085000.0,
        "Pretax Income": 5092000.0,
        "Selling General And Administration": 23339000.0,
        "Selling And Marketing Expense": 944000.0,
        "General And Administrative Expense": 22395000.0,
        "Salaries And Wages": 22395000.0,
        "Total Revenue": 35268000.0,
        "Operating Revenue": 35268000.0,
        "Occupancy And Equipment": 2046000.0,
        "Professional Expense And Contract Services Expense": 618000.0,
        "Other Non Interest Expense": 3987000.0
    },
    "2023-03-31": {
        "Tax Effect Of Unusual Items": 0.0,
        "Tax Rate For Calcs": 0.225,
        "Net Income From Continuing Operation Net Minority Interest": 2155000.0,
        "Reconciled Depreciation": 815000.0,
        "Net Interest Income": 13795000.0,
        "Interest Expense": 8095000.0,
        "Interest Income": 21890000.0,
        "Normalized Income": 2155000.0,
        "Net Income From Continuing And Discontinued Operation": 2155000.0,
        "Diluted Average Shares": 20980000.0,
        "Basic Average Shares": 20890000.0,
        "Diluted EPS": 0.1,
        "Basic EPS": 0.1,
        "Diluted NI Availto Com Stockholders": 2155000.0,
        "Net Income Common Stockholders": 2155000.0,
        "Net Income": 2155000.0,
        "Net Income Including Noncontrolling Interests": 2155000.0,
        "Net Income Continuous Operations": 2155000.0,
        "Tax Provision": 627000.0,
        "Pretax Income": 2782000.0,
        "Selling General And Administration": 20941000.0,
        "Selling And Marketing Expense": 889000.0,
        "General And Administrative Expense": 20052000.0,
        "Salaries And Wages": 20052000.0,
        "Total Revenue": 31331000.0,
        "Operating Revenue": 31331000.0,
        "Occupancy And Equipment": 2263000.0,
        "Professional Expense And Contract Services Expense": 416000.0,
        "Other Non Interest Expense": 4469000.0
    },
    "2022-12-31": {
        "Tax Effect Of Unusual Items": 0.0,
        "Tax Rate For Calcs": 0.21,
        "Net Income From Continuing Operation Net Minority Interest": 935000.0,
        "Reconciled Depreciation": 939000.0,
        "Net Interest Income": 15611000.0,
        "Interest Expense": 5063000.0,
        "Interest Income": 20674000.0,
        "Normalized Income": 935000.0,
        "Net Income From Continuing And Discontinued Operation": 935000.0,
        "Diluted Average Shares": 21069000.0,
        "Basic Average Shares": 20966000.0,
        "Diluted EPS": 0.04,
        "Basic EPS": 0.04,
        "Diluted NI Availto Com Stockholders": 935000.0,
        "Net Income Common Stockholders": 935000.0,
        "Net Income": 935000.0,
        "Net Income Including Noncontrolling Interests": 935000.0,
        "Net Income Continuous Operations": 935000.0,
        "Tax Provision": -277000.0,
        "Pretax Income": 658000.0,
        "Selling General And Administration": 22135000.0,
        "Selling And Marketing Expense": 972000.0,
        "General And Administrative Expense": 21163000.0,
        "Salaries And Wages": 22063000.0,
        "Total Revenue": 31647000.0,
        "Operating Revenue": 31647000.0
    },
    "2022-09-30": {
        "Tax Effect Of Unusual Items": NaN,
        "Tax Rate For Calcs": NaN,
        "Net Income From Continuing Operation Net Minority Interest": NaN,
        "Reconciled Depreciation": NaN,
        "Net Interest Income": NaN,
        "Interest Expense": NaN,
        "Interest Income": NaN,
        "Normalized Income": NaN,
        "Net Income From Continuing And Discontinued Operation": NaN,
        "Diluted Average Shares": NaN,
        "Basic Average Shares": NaN,
        "Diluted EPS": NaN,
        "Basic EPS": NaN,
        "Diluted NI Availto Com Stockholders": NaN,
        "Net Income Common Stockholders": NaN,
        "Net Income": NaN,
        "Net Income Including Noncontrolling Interests": NaN,
        "Net Income Continuous Operations": NaN,
        "Tax Provision": NaN,
        "Pretax Income": NaN,
        "Selling General And Administration": NaN,
        "Selling And Marketing Expense": NaN,
        "General And Administrative Expense": NaN,
        "Other Gand A": 302000.0,
        "Salaries And Wages": NaN,
        "Total Revenue": NaN,
        "Operating Revenue": NaN
    },
    "2022-06-30": {
        "Tax Effect Of Unusual Items": 0.0,
        "Tax Rate For Calcs": 0.218276,
        "Net Income From Continuing Operation Net Minority Interest": 7990000.0,
        "Reconciled Depreciation": 990000.0,
        "Net Interest Income": 14081000.0,
        "Interest Expense": 2335000.0,
        "Interest Income": 16416000.0,
        "Normalized Income": 7990000.0,
        "Net Income From Continuing And Discontinued Operation": 7990000.0,
        "Diluted Average Shares": 22229000.0,
        "Basic Average Shares": 22126000.0,
        "Diluted EPS": 0.36,
        "Basic EPS": 0.36,
        "Diluted NI Availto Com Stockholders": 7990000.0,
        "Net Income Common Stockholders": 7990000.0,
        "Net Income": 7990000.0,
        "Net Income Including Noncontrolling Interests": 7990000.0,
        "Net Income Continuous Operations": 7990000.0,
        "Tax Provision": 2231000.0,
        "Pretax Income": 10221000.0,
        "Selling General And Administration": 27013000.0,
        "Selling And Marketing Expense": 962000.0,
        "General And Administrative Expense": 26051000.0,
        "Other Gand A": 258000.0,
        "Salaries And Wages": 25793000.0,
        "Total Revenue": 44185000.0,
        "Operating Revenue": 44185000.0
    },
    "2022-03-31": {
        "Diluted EPS": 0.23,
        "Total Revenue": 45,
        "Gross Profit": 42,
        "Operating Income": 7,
        "EBIT": NaN,
        "Net Income": 5
    },
    "2021-12-31": {
        "Diluted EPS": 0.54,
        "Total Revenue": 59,
        "Gross Profit": 55,
        "Operating Income": 16,
        "EBIT": NaN,
        "Net Income": 13
    },
    "2021-09-30": {
        "Diluted EPS": 0.79,
        "Total Revenue": 70,
        "Gross Profit": 67,
        "Operating Income": 24,
        "EBIT": NaN,
        "Net Income": 19
    },
    "2021-06-30": {
        "Diluted EPS": 0.74,
        "Total Revenue": 70,
        "Gross Profit": 66,
        "Operating Income": 24,
        "EBIT": NaN,
        "Net Income": 18
    },
    "2021-03-31": {
        "Diluted EPS": 0.89,
        "Total Revenue": 74,
        "Gross Profit": 70,
        "Operating Income": 28,
        "EBIT": NaN,
        "Net Income": 21
    },
    "2020-12-31": {
        "Diluted EPS": 1.13,
        "Total Revenue": 90,
        "Gross Profit": 84,
        "Operating Income": 37,
        "EBIT": NaN,
        "Net Income": 28
    },
    "2020-09-30": {
        "Diluted EPS": 1.08,
        "Total Revenue": 95,
        "Gross Profit": 89,
        "Operating Income": 35,
        "EBIT": NaN,
        "Net Income": 26
    },
    "2020-06-30": {
        "Diluted EPS": 0.85,
        "Total Revenue": 87,
        "Gross Profit": 80,
        "Operating Income": 28,
        "EBIT": NaN,
        "Net Income": 21
    },
    "2020-03-31": {
        "Diluted EPS": 0.24,
        "Total Revenue": 51,
        "Gross Profit": 44,
        "Operating Income": 8,
        "EBIT": NaN,
        "Net Income": 6
    },
    "2019-12-31": {
        "Diluted EPS": 0.34,
        "Total Revenue": 54,
        "Gross Profit": 47,
        "Operating Income": 12,
        "EBIT": NaN,
        "Net Income": 9
    },
    "2019-09-30": {
        "Diluted EPS": 0.42,
        "Total Revenue": 58,
        "Gross Profit": 51,
        "Operating Income": 14,
        "EBIT": NaN,
        "Net Income": 11
    },
    "2019-06-30": {
        "Diluted EPS": 0.37,
        "Total Revenue": 55,
        "Gross Profit": 48,
        "Operating Income": 13,
        "EBIT": NaN,
        "Net Income": 10
    },
    "2019-03-31": {
        "Diluted EPS": 0.24,
        "Total Revenue": 43,
        "Gross Profit": 37,
        "Operating Income": 9,
        "EBIT": NaN,
        "Net Income": 7
    },
    "2018-12-31": {
        "Diluted EPS": 0.21,
        "Total Revenue": 45,
        "Gross Profit": 39,
        "Operating Income": 7,
        "EBIT": NaN,
        "Net Income": 6
    },
    "2018-09-30": {
        "Diluted EPS": 0.31,
        "Total Revenue": 53,
        "Gross Profit": 48,
        "Operating Income": 11,
        "EBIT": NaN,
        "Net Income": 9
    },
    "2018-06-30": {
        "Diluted EPS": 0.34,
        "Total Revenue": 52,
        "Gross Profit": 47,
        "Operating Income": 13,
        "EBIT": NaN,
        "Net Income": 9
    },
    "2018-03-31": {
        "Diluted EPS": 0.25,
        "Total Revenue": 42,
        "Gross Profit": 38,
        "Operating Income": 9,
        "EBIT": NaN,
        "Net Income": 7
    },
    "2017-12-31": {
        "Diluted EPS": 0.11,
        "Total Revenue": 45,
        "Gross Profit": 42,
        "Operating Income": 9,
        "EBIT": NaN,
        "Net Income": 3
    },
    "2017-09-30": {
        "Diluted EPS": 0.26,
        "Total Revenue": 51,
        "Gross Profit": 46,
        "Operating Income": 12,
        "EBIT": NaN,
        "Net Income": 7
    },
    "2017-06-30": {
        "Diluted EPS": 0.32,
        "Total Revenue": 54,
        "Gross Profit": 50,
        "Operating Income": 14,
        "EBIT": NaN,
        "Net Income": 9
    },
    "2017-03-31": {
        "Diluted EPS": 0.24,
        "Total Revenue": 42,
        "Gross Profit": 38,
        "Operating Income": 10,
        "EBIT": NaN,
        "Net Income": 7
    },
    "2016-12-31": {
        "Diluted EPS": 0.23,
        "Total Revenue": 47,
        "Gross Profit": 43,
        "Operating Income": 10,
        "EBIT": NaN,
        "Net Income": 6
    },
    "2016-09-30": {
        "Diluted EPS": 0.27,
        "Total Revenue": 54,
        "Gross Profit": 49,
        "Operating Income": 13,
        "EBIT": NaN,
        "Net Income": 8
    },
    "2016-06-30": {
        "Diluted EPS": 0.29,
        "Total Revenue": 52,
        "Gross Profit": 47,
        "Operating Income": 12,
        "EBIT": NaN,
        "Net Income": 8
    },
    "2016-03-31": {
        "Diluted EPS": 0.14,
        "Total Revenue": 37,
        "Gross Profit": 31,
        "Operating Income": 6,
        "EBIT": NaN,
        "Net Income": 4
    },
    "2015-12-31": {
        "Diluted EPS": 0.11,
        "Total Revenue": 38,
        "Gross Profit": 32,
        "Operating Income": 3,
        "EBIT": NaN,
        "Net Income": 3
    },
    "2015-09-30": {
        "Diluted EPS": 0.19,
        "Total Revenue": 44,
        "Gross Profit": 38,
        "Operating Income": 8,
        "EBIT": NaN,
        "Net Income": 5
    },
    "2015-06-30": {
        "Diluted EPS": 0.17,
        "Total Revenue": 47,
        "Gross Profit": 41,
        "Operating Income": 8,
        "EBIT": NaN,
        "Net Income": 5
    },
    "2015-03-31": {
        "Diluted EPS": 0.09,
        "Total Revenue": 37,
        "Gross Profit": 31,
        "Operating Income": 5,
        "EBIT": NaN,
        "Net Income": 3
    },
    "2014-12-31": {
        "Diluted EPS": 0.08,
        "Total Revenue": 36,
        "Gross Profit": 30,
        "Operating Income": 4,
        "EBIT": NaN,
        "Net Income": 2
    },
    "2014-09-30": {
        "Diluted EPS": 0.14,
        "Total Revenue": 41,
        "Gross Profit": 35,
        "Operating Income": 7,
        "EBIT": NaN,
        "Net Income": 5
    },
    "2014-06-30": {
        "Diluted EPS": 0.11,
        "Total Revenue": 39,
        "Gross Profit": 34,
        "Operating Income": 6,
        "EBIT": NaN,
        "Net Income": 4
    },
    "2014-03-31": {
        "Diluted EPS": 0.05,
        "Total Revenue": 32,
        "Gross Profit": 27,
        "Operating Income": 3,
        "EBIT": NaN,
        "Net Income": 2
    },
    "2013-12-31": {
        "Diluted EPS": 0.07,
        "Total Revenue": 32,
        "Gross Profit": 27,
        "Operating Income": 3,
        "EBIT": NaN,
        "Net Income": 2
    },
    "2013-09-30": {
        "Diluted EPS": 0.09,
        "Total Revenue": 37,
        "Gross Profit": 31,
        "Operating Income": 5,
        "EBIT": NaN,
        "Net Income": 3
    },
    "2013-06-30": {
        "Diluted EPS": 0.14,
        "Total Revenue": 43,
        "Gross Profit": 37,
        "Operating Income": 8,
        "EBIT": NaN,
        "Net Income": 5
    },
    "2013-03-31": {
        "Diluted EPS": 0.13,
        "Total Revenue": 39,
        "Gross Profit": 33,
        "Operating Income": 8,
        "EBIT": NaN,
        "Net Income": 5
    },
    "2012-12-31": {
        "Diluted EPS": 0.53,
        "Total Revenue": 42,
        "Gross Profit": 35,
        "Operating Income": -1,
        "EBIT": NaN,
        "Net Income": 18
    },
    "2012-09-30": {
        "Diluted EPS": 0.25,
        "Total Revenue": 45,
        "Gross Profit": 38,
        "Operating Income": 9,
        "EBIT": NaN,
        "Net Income": 8
    },
    "2012-06-30": {
        "Diluted EPS": 0.18,
        "Total Revenue": 41,
        "Gross Profit": 34,
        "Operating Income": 6,
        "EBIT": NaN,
        "Net Income": 6
    },
    "2012-03-31": {
        "Diluted EPS": 0.06,
        "Total Revenue": 33,
        "Gross Profit": 25,
        "Operating Income": 2,
        "EBIT": NaN,
        "Net Income": 2
    },
    "2011-12-31": {
        "Diluted EPS": -0.15,
        "Total Revenue": 32,
        "Gross Profit": 24,
        "Operating Income": -11,
        "EBIT": NaN,
        "Net Income": -5
    },
    "2011-09-30": {
        "Diluted EPS": -0.01,
        "Total Revenue": 33,
        "Gross Profit": 25,
        "Operating Income": 0,
        "EBIT": NaN,
        "Net Income": 0
    },
    "2011-06-30": {
        "Diluted EPS": -0.02,
        "Total Revenue": 30,
        "Gross Profit": 22,
        "Operating Income": -1,
        "EBIT": NaN,
        "Net Income": -1
    },
    "2011-03-31": {
        "Diluted EPS": -0.05,
        "Total Revenue": 27,
        "Gross Profit": 19,
        "Operating Income": -2,
        "EBIT": NaN,
        "Net Income": -2
    },
    "2010-12-31": {
        "Diluted EPS": -0.01,
        "Total Revenue": 40,
        "Gross Profit": 30,
        "Operating Income": 0,
        "EBIT": NaN,
        "Net Income": 0
    },
    "2010-09-30": {
        "Diluted EPS": -0.02,
        "Total Revenue": 34,
        "Gross Profit": 24,
        "Operating Income": 0,
        "EBIT": NaN,
        "Net Income": 0
    },
    "2010-06-30": {
        "Diluted EPS": -0.04,
        "Total Revenue": 28,
        "Gross Profit": 18,
        "Operating Income": -1,
        "EBIT": NaN,
        "Net Income": -1
    },
    "2010-03-31": {
        "Diluted EPS": 0.01,
        "Total Revenue": 27,
        "Gross Profit": 17,
        "Operating Income": 0,
        "EBIT": NaN,
        "Net Income": 0
    },
    "2009-12-31": {
        "Diluted EPS": -0.12,
        "Total Revenue": 28,
        "Gross Profit": 16,
        "Operating Income": -4,
        "EBIT": NaN,
        "Net Income": -4
    },
    "2009-09-30": {
        "Diluted EPS": -0.11,
        "Total Revenue": 29,
        "Gross Profit": 15,
        "Operating Income": -4,
        "EBIT": NaN,
        "Net Income": -4
    },
    "2009-06-30": {
        "Diluted EPS": 0.04,
        "Total Revenue": 28,
        "Gross Profit": 14,
        "Operating Income": 2,
        "EBIT": NaN,
        "Net Income": 1
    },
    "2009-03-31": {
        "Diluted EPS": -0.11,
        "Total Revenue": 26,
        "Gross Profit": 11,
        "Operating Income": -4,
        "EBIT": NaN,
        "Net Income": -4
    },
    "2023-09-30": {
        "Tax Effect Of Unusual Items": NaN,
        "Tax Rate For Calcs": NaN,
        "Net Income From Continuing Operation Net Minority Interest": NaN,
        "Reconciled Depreciation": NaN,
        "Net Interest Income": NaN,
        "Interest Expense": NaN,
        "Interest Income": NaN,
        "Normalized Income": NaN,
        "Net Income From Continuing And Discontinued Operation": NaN,
        "Diluted Average Shares": 20022000.0,
        "Basic Average Shares": 19998000.0,
        "Diluted EPS": 0.16,
        "Basic EPS": 0.16,
        "Diluted NI Availto Com Stockholders": NaN,
        "Net Income Common Stockholders": NaN,
        "Net Income": NaN,
        "Net Income Including Noncontrolling Interests": NaN,
        "Net Income Continuous Operations": NaN,
        "Tax Provision": NaN,
        "Pretax Income": NaN,
        "Selling General And Administration": NaN,
        "Selling And Marketing Expense": NaN,
        "General And Administrative Expense": NaN,
        "Salaries And Wages": NaN,
        "Total Revenue": NaN,
        "Operating Revenue": NaN,
        "Occupancy And Equipment": NaN,
        "Professional Expense And Contract Services Expense": NaN,
        "Other Non Interest Expense": NaN
    },
    "2023-12-31": {
        "Tax Effect Of Unusual Items": 0.0,
        "Tax Rate For Calcs": 0.21,
        "Net Income From Continuing Operation Net Minority Interest": -40000.0,
        "Reconciled Depreciation": 1033000.0,
        "Net Interest Income": 11756000.0,
        "Interest Expense": 14938000.0,
        "Interest Income": 26694000.0,
        "Normalized Income": -40000.0,
        "Net Income From Continuing And Discontinued Operation": -40000.0,
        "Diluted Average Shares": 19398000.0,
        "Basic Average Shares": 19380000.0,
        "Diluted EPS": -0.002064,
        "Basic EPS": -0.002064,
        "Diluted NI Availto Com Stockholders": -40000.0,
        "Net Income Common Stockholders": -40000.0,
        "Net Income": -40000.0,
        "Net Income Including Noncontrolling Interests": -40000.0,
        "Net Income Continuous Operations": -40000.0,
        "Tax Provision": -555000.0,
        "Pretax Income": -595000.0,
        "Selling General And Administration": 21091000.0,
        "Selling And Marketing Expense": 1030000.0,
        "General And Administrative Expense": 20061000.0,
        "Salaries And Wages": 20061000.0,
        "Total Revenue": 27876000.0,
        "Operating Revenue": 27876000.0,
        "Occupancy And Equipment": 2021000.0,
        "Professional Expense And Contract Services Expense": 907000.0,
        "Other Non Interest Expense": 4887000.0
    },
    "2024-03-31": {
        "Tax Effect Of Unusual Items": 0.0,
        "Tax Rate For Calcs": 0.362836,
        "Net Income From Continuing Operation Net Minority Interest": 3038000.0,
        "Reconciled Depreciation": 486000.0,
        "Net Interest Income": 11137000.0,
        "Interest Expense": 15768000.0,
        "Interest Income": 26905000.0,
        "Normalized Income": 3038000.0,
        "Net Income From Continuing And Discontinued Operation": 3038000.0,
        "Diluted Average Shares": 19036000.0,
        "Basic Average Shares": 19021000.0,
        "Diluted EPS": 0.16,
        "Basic EPS": 0.16,
        "Diluted NI Availto Com Stockholders": 3038000.0,
        "Net Income Common Stockholders": 3038000.0,
        "Net Income": 3038000.0,
        "Net Income Including Noncontrolling Interests": 3038000.0,
        "Net Income Continuous Operations": 3038000.0,
        "Tax Provision": 1730000.0,
        "Pretax Income": 4768000.0,
        "Selling General And Administration": 20790000.0,
        "Selling And Marketing Expense": 914000.0,
        "General And Administrative Expense": 19876000.0,
        "Salaries And Wages": 19876000.0,
        "Total Revenue": 31339000.0,
        "Operating Revenue": 31339000.0,
        "Occupancy And Equipment": 2108000.0,
        "Professional Expense And Contract Services Expense": 743000.0,
        "Other Non Interest Expense": 2863000.0
    },
    "2024-06-30": {
        "Tax Effect Of Unusual Items": 0.0,
        "Tax Rate For Calcs": 0.200224,
        "Net Income From Continuing Operation Net Minority Interest": 5712000.0,
        "Reconciled Depreciation": 633000.0,
        "Net Interest Income": 10679000.0,
        "Interest Expense": 17341000.0,
        "Interest Income": 28020000.0,
        "Normalized Income": 5712000.0,
        "Net Income From Continuing And Discontinued Operation": 5712000.0,
        "Diluted Average Shares": 18568000.0,
        "Basic Average Shares": 18524000.0,
        "Diluted EPS": 0.31,
        "Basic EPS": 0.31,
        "Diluted NI Availto Com Stockholders": 5712000.0,
        "Net Income Common Stockholders": 5712000.0,
        "Net Income": 5712000.0,
        "Net Income Including Noncontrolling Interests": 5712000.0,
        "Net Income Continuous Operations": 5712000.0,
        "Tax Provision": 1430000.0,
        "Pretax Income": 7142000.0,
        "Selling General And Administration": 22749000.0,
        "Selling And Marketing Expense": 987000.0,
        "General And Administrative Expense": 21762000.0,
        "Salaries And Wages": 21762000.0,
        "Total Revenue": 36315000.0,
        "Operating Revenue": 36315000.0,
        "Occupancy And Equipment": 2029000.0,
        "Professional Expense And Contract Services Expense": 758000.0,
        "Other Non Interest Expense": 3862000.0
    },
    "2024-09-30": {
        "Tax Effect Of Unusual Items": 0.0,
        "Tax Rate For Calcs": 0.196738,
        "Net Income From Continuing Operation Net Minority Interest": 4728000.0,
        "Reconciled Depreciation": 762000.0,
        "Net Interest Income": 11517000.0,
        "Interest Expense": 17674000.0,
        "Interest Income": 29191000.0,
        "Normalized Income": 4728000.0,
        "Net Income From Continuing And Discontinued Operation": 4728000.0,
        "Diluted Average Shares": 18445000.0,
        "Basic Average Shares": 18350000.0,
        "Diluted EPS": 0.26,
        "Basic EPS": 0.26,
        "Diluted NI Availto Com Stockholders": 4728000.0,
        "Net Income Common Stockholders": 4728000.0,
        "Net Income": 4728000.0,
        "Net Income Including Noncontrolling Interests": 4728000.0,
        "Net Income Continuous Operations": 4728000.0,
        "Tax Provision": 1158000.0,
        "Pretax Income": 5886000.0,
        "Selling General And Administration": 21943000.0,
        "Selling And Marketing Expense": 926000.0,
        "General And Administrative Expense": 21017000.0,
        "Salaries And Wages": 21017000.0,
        "Total Revenue": 33372000.0,
        "Operating Revenue": 33372000.0,
        "Occupancy And Equipment": 1857000.0,
        "Professional Expense And Contract Services Expense": 569000.0,
        "Other Non Interest Expense": 3494000.0
    },
    "2024-12-31": {
        "Tax Effect Of Unusual Items": 0.0,
        "Tax Rate For Calcs": 0.16049,
        "Net Income From Continuing Operation Net Minority Interest": 5210000.0,
        "Reconciled Depreciation": 593000.0,
        "Net Interest Income": 12835000.0,
        "Interest Expense": 16217000.0,
        "Interest Income": 29052000.0,
        "Normalized Income": 5210000.0,
        "Net Income From Continuing And Discontinued Operation": 5210000.0,
        "Diluted Average Shares": 18396000.0,
        "Basic Average Shares": 18335000.0,
        "Diluted EPS": 0.28,
        "Basic EPS": 0.28,
        "Diluted NI Availto Com Stockholders": 5210000.0,
        "Net Income Common Stockholders": 5210000.0,
        "Net Income": 5210000.0,
        "Net Income Including Noncontrolling Interests": 5210000.0,
        "Net Income Continuous Operations": 5210000.0,
        "Tax Provision": 996000.0,
        "Pretax Income": 6206000.0,
        "Selling General And Administration": 19150000.0,
        "Selling And Marketing Expense": 727000.0,
        "General And Administrative Expense": 18423000.0,
        "Salaries And Wages": 18423000.0,
        "Total Revenue": 31354000.0,
        "Operating Revenue": 31354000.0,
        "Occupancy And Equipment": 1579000.0,
        "Professional Expense And Contract Services Expense": 1114000.0,
        "Other Non Interest Expense": 2938000.0
    },
    "2025-03-31": {
        "Tax Effect Of Unusual Items": 0.0,
        "Tax Rate For Calcs": 0.218,
        "Net Income From Continuing Operation Net Minority Interest": 3036000.0,
        "Reconciled Depreciation": 711000.0,
        "Net Interest Income": 12576000.0,
        "Interest Expense": 15179000.0,
        "Interest Income": 27755000.0,
        "Normalized Income": 3036000.0,
        "Net Income From Continuing And Discontinued Operation": 3036000.0,
        "Diluted Average Shares": 18280000.0,
        "Basic Average Shares": 18267000.0,
        "Diluted EPS": 0.17,
        "Basic EPS": 0.17,
        "Diluted NI Availto Com Stockholders": 3036000.0,
        "Net Income Common Stockholders": 3036000.0,
        "Net Income": 3036000.0,
        "Net Income Including Noncontrolling Interests": 3036000.0,
        "Net Income Continuous Operations": 3036000.0,
        "Tax Provision": 845000.0,
        "Pretax Income": 3881000.0,
        "Selling General And Administration": 17770000.0,
        "Selling And Marketing Expense": 723000.0,
        "General And Administrative Expense": 17047000.0,
        "Salaries And Wages": 17047000.0,
        "Total Revenue": 28753000.0,
        "Operating Revenue": 28753000.0,
        "Occupancy And Equipment": 1929000.0,
        "Professional Expense And Contract Services Expense": 1736000.0,
        "Other Non Interest Expense": 3995000.0
    },
    "2025-06-30": {
        "Tax Effect Of Unusual Items": 0.0,
        "Tax Rate For Calcs": 0.201,
        "Net Income From Continuing Operation Net Minority Interest": 7727000.0,
        "Reconciled Depreciation": 560000.0,
        "Net Interest Income": 13708000.0,
        "Interest Expense": 14977000.0,
        "Interest Income": 28685000.0,
        "Normalized Income": 7727000.0,
        "Net Income From Continuing And Discontinued Operation": 7727000.0,
        "Diluted Average Shares": 18004000.0,
        "Basic Average Shares": 17989000.0,
        "Diluted EPS": 0.43,
        "Basic EPS": 0.43,
        "Diluted NI Availto Com Stockholders": 7727000.0,
        "Net Income Common Stockholders": 7727000.0,
        "Net Income": 7727000.0,
        "Net Income Including Noncontrolling Interests": 7727000.0,
        "Net Income Continuous Operations": 7727000.0,
        "Tax Provision": 1942000.0,
        "Pretax Income": 9669000.0,
        "Selling General And Administration": 21867000.0,
        "Selling And Marketing Expense": 746000.0,
        "General And Administrative Expense": 21121000.0,
        "Salaries And Wages": 21121000.0,
        "Total Revenue": 37220000.0,
        "Operating Revenue": 37220000.0,
        "Occupancy And Equipment": 1753000.0,
        "Professional Expense And Contract Services Expense": 500000.0,
        "Other Non Interest Expense": 3440000.0
    },
    "2025-09-30": {
        "Tax Effect Of Unusual Items": 0.0,
        "Tax Rate For Calcs": 0.194839,
        "Net Income From Continuing Operation Net Minority Interest": 7926000.0,
        "Reconciled Depreciation": 591000.0,
        "Net Interest Income": 14739000.0,
        "Interest Expense": 14817000.0,
        "Interest Income": 29556000.0,
        "Normalized Income": 7926000.0,
        "Net Income From Continuing And Discontinued Operation": 7926000.0,
        "Diluted Average Shares": 17671000.0,
        "Basic Average Shares": 17639000.0,
        "Diluted EPS": 0.45,
        "Basic EPS": 0.45,
        "Diluted NI Availto Com Stockholders": 7926000.0,
        "Net Income Common Stockholders": 7926000.0,
        "Net Income": 7926000.0,
        "Net Income Including Noncontrolling Interests": 7926000.0,
        "Net Income Continuous Operations": 7926000.0,
        "Tax Provision": 1918000.0,
        "Pretax Income": 9844000.0,
        "Selling General And Administration": 21246000.0,
        "Selling And Marketing Expense": 712000.0,
        "General And Administrative Expense": 20534000.0,
        "Salaries And Wages": 20534000.0,
        "Total Revenue": 36353000.0,
        "Operating Revenue": 36353000.0,
        "Occupancy And Equipment": 1688000.0,
        "Professional Expense And Contract Services Expense": 380000.0,
        "Other Non Interest Expense": 3464000.0
    }
}