{
    "2023-03-31": {
        "Tax Effect Of Unusual Items": NaN,
        "Tax Rate For Calcs": NaN,
        "Normalized EBITDA": NaN,
        "Total Unusual Items": NaN,
        "Total Unusual Items Excluding Goodwill": NaN,
        "Net Income From Continuing Operation Net Minority Interest": NaN,
        "Reconciled Depreciation": NaN,
        "Reconciled Cost Of Revenue": NaN,
        "EBITDA": NaN,
        "EBIT": NaN,
        "Net Interest Income": NaN,
        "Interest Expense": NaN,
        "Normalized Income": NaN,
        "Net Income From Continuing And Discontinued Operation": NaN,
        "Total Expenses": NaN,
        "Total Operating Income As Reported": NaN,
        "Diluted Average Shares": NaN,
        "Basic Average Shares": NaN,
        "Diluted EPS": NaN,
        "Basic EPS": NaN,
        "Diluted NI Availto Com Stockholders": NaN,
        "Net Income Common Stockholders": NaN,
        "Net Income": NaN,
        "Net Income Including Noncontrolling Interests": NaN,
        "Net Income Discontinuous Operations": NaN,
        "Net Income Continuous Operations": NaN,
        "Tax Provision": NaN,
        "Pretax Income": NaN,
        "Other Income Expense": NaN,
        "Special Income Charges": -22000.0,
        "Impairment Of Capital Assets": 22000.0,
        "Restructuring And Mergern Acquisition": NaN,
        "Gain On Sale Of Security": NaN,
        "Net Non Operating Interest Income Expense": NaN,
        "Interest Expense Non Operating": NaN,
        "Operating Income": NaN,
        "Operating Expense": NaN,
        "Other Operating Expenses": NaN,
        "Depreciation Amortization Depletion Income Statement": NaN,
        "Depreciation And Amortization In Income Statement": NaN,
        "Selling General And Administration": NaN,
        "Gross Profit": NaN,
        "Cost Of Revenue": NaN,
        "Total Revenue": NaN,
        "Operating Revenue": NaN
    },
    "2022-12-31": {
        "Tax Effect Of Unusual Items": NaN,
        "Tax Rate For Calcs": NaN,
        "Normalized EBITDA": NaN,
        "Total Unusual Items": NaN,
        "Total Unusual Items Excluding Goodwill": NaN,
        "Net Income From Continuing Operation Net Minority Interest": NaN,
        "Reconciled Depreciation": NaN,
        "Reconciled Cost Of Revenue": NaN,
        "EBITDA": NaN,
        "EBIT": NaN,
        "Net Interest Income": NaN,
        "Interest Expense": NaN,
        "Normalized Income": NaN,
        "Net Income From Continuing And Discontinued Operation": NaN,
        "Total Expenses": NaN,
        "Total Operating Income As Reported": NaN,
        "Diluted Average Shares": NaN,
        "Basic Average Shares": NaN,
        "Diluted EPS": NaN,
        "Basic EPS": NaN,
        "Diluted NI Availto Com Stockholders": NaN,
        "Net Income Common Stockholders": NaN,
        "Net Income": NaN,
        "Net Income Including Noncontrolling Interests": NaN,
        "Net Income Discontinuous Operations": NaN,
        "Net Income Continuous Operations": NaN,
        "Tax Provision": NaN,
        "Pretax Income": NaN,
        "Other Income Expense": NaN,
        "Special Income Charges": -25000.0,
        "Impairment Of Capital Assets": 0.0,
        "Restructuring And Mergern Acquisition": 25000.0,
        "Gain On Sale Of Security": NaN,
        "Net Non Operating Interest Income Expense": NaN,
        "Interest Expense Non Operating": NaN,
        "Operating Income": NaN,
        "Operating Expense": NaN,
        "Other Operating Expenses": NaN,
        "Depreciation Amortization Depletion Income Statement": NaN,
        "Depreciation And Amortization In Income Statement": NaN,
        "Selling General And Administration": NaN,
        "Gross Profit": NaN,
        "Cost Of Revenue": NaN,
        "Total Revenue": NaN,
        "Operating Revenue": NaN
    },
    "2022-09-30": {
        "Tax Effect Of Unusual Items": NaN,
        "Tax Rate For Calcs": NaN,
        "Normalized EBITDA": NaN,
        "Total Unusual Items": NaN,
        "Total Unusual Items Excluding Goodwill": NaN,
        "Net Income From Continuing Operation Net Minority Interest": NaN,
        "Reconciled Depreciation": NaN,
        "Reconciled Cost Of Revenue": NaN,
        "EBITDA": NaN,
        "EBIT": NaN,
        "Net Interest Income": NaN,
        "Interest Expense": NaN,
        "Normalized Income": NaN,
        "Net Income From Continuing And Discontinued Operation": NaN,
        "Total Expenses": NaN,
        "Total Operating Income As Reported": NaN,
        "Diluted Average Shares": NaN,
        "Basic Average Shares": NaN,
        "Diluted EPS": NaN,
        "Basic EPS": NaN,
        "Diluted NI Availto Com Stockholders": NaN,
        "Net Income Common Stockholders": NaN,
        "Net Income": NaN,
        "Net Income Including Noncontrolling Interests": NaN,
        "Net Income Discontinuous Operations": NaN,
        "Net Income Continuous Operations": NaN,
        "Tax Provision": NaN,
        "Pretax Income": NaN,
        "Other Income Expense": NaN,
        "Special Income Charges": 0.0,
        "Impairment Of Capital Assets": 0.0,
        "Restructuring And Mergern Acquisition": 0.0,
        "Gain On Sale Of Security": NaN,
        "Net Non Operating Interest Income Expense": NaN,
        "Interest Expense Non Operating": NaN,
        "Operating Income": NaN,
        "Operating Expense": NaN,
        "Other Operating Expenses": NaN,
        "Depreciation Amortization Depletion Income Statement": NaN,
        "Depreciation And Amortization In Income Statement": NaN,
        "Selling General And Administration": NaN,
        "Gross Profit": NaN,
        "Cost Of Revenue": NaN,
        "Total Revenue": NaN,
        "Operating Revenue": NaN
    },
    "2022-06-30": {
        "Tax Effect Of Unusual Items": 55928.328932,
        "Tax Rate For Calcs": 0.251929,
        "Normalized EBITDA": 150493000.0,
        "Total Unusual Items": 222000.0,
        "Total Unusual Items Excluding Goodwill": 222000.0,
        "Net Income From Continuing Operation Net Minority Interest": 73376000.0,
        "Reconciled Depreciation": 19054000.0,
        "Reconciled Cost Of Revenue": 272769000.0,
        "EBITDA": 150715000.0,
        "EBIT": 131661000.0,
        "Net Interest Income": -33574000.0,
        "Interest Expense": 33574000.0,
        "Normalized Income": 73209928.328932,
        "Net Income From Continuing And Discontinued Operation": 73376000.0,
        "Total Expenses": 450203000.0,
        "Total Operating Income As Reported": 131661000.0,
        "Diluted Average Shares": 227484012.0,
        "Basic Average Shares": 223376276.0,
        "Diluted EPS": 0.32,
        "Basic EPS": 0.33,
        "Diluted NI Availto Com Stockholders": 73376000.0,
        "Average Dilution Earnings": 0.0,
        "Net Income Common Stockholders": 73376000.0,
        "Net Income": 73376000.0,
        "Net Income Including Noncontrolling Interests": 73376000.0,
        "Net Income Discontinuous Operations": NaN,
        "Net Income Continuous Operations": 73376000.0,
        "Tax Provision": 24711000.0,
        "Pretax Income": 98087000.0,
        "Other Income Expense": 222000.0,
        "Special Income Charges": 95000.0,
        "Impairment Of Capital Assets": -9000.0,
        "Restructuring And Mergern Acquisition": -86000.0,
        "Gain On Sale Of Security": 127000.0,
        "Net Non Operating Interest Income Expense": -33574000.0,
        "Interest Expense Non Operating": 33574000.0,
        "Operating Income": 131439000.0,
        "Operating Expense": 177434000.0,
        "Other Operating Expenses": -3784000.0,
        "Depreciation Amortization Depletion Income Statement": 19054000.0,
        "Depreciation And Amortization In Income Statement": 19054000.0,
        "Selling General And Administration": 162164000.0,
        "Gross Profit": 308873000.0,
        "Cost Of Revenue": 272769000.0,
        "Total Revenue": 581642000.0,
        "Operating Revenue": 581642000.0
    },
    "2023-06-30": {
        "Tax Effect Of Unusual Items": NaN,
        "Tax Rate For Calcs": NaN,
        "Normalized EBITDA": NaN,
        "Total Unusual Items": NaN,
        "Total Unusual Items Excluding Goodwill": NaN,
        "Net Income From Continuing Operation Net Minority Interest": NaN,
        "Reconciled Depreciation": NaN,
        "Reconciled Cost Of Revenue": NaN,
        "EBITDA": NaN,
        "EBIT": NaN,
        "Net Interest Income": NaN,
        "Interest Expense": NaN,
        "Normalized Income": NaN,
        "Net Income From Continuing And Discontinued Operation": NaN,
        "Total Expenses": NaN,
        "Total Operating Income As Reported": NaN,
        "Diluted Average Shares": NaN,
        "Basic Average Shares": NaN,
        "Diluted EPS": NaN,
        "Basic EPS": NaN,
        "Diluted NI Availto Com Stockholders": NaN,
        "Net Income Common Stockholders": NaN,
        "Net Income": NaN,
        "Net Income Including Noncontrolling Interests": NaN,
        "Net Income Discontinuous Operations": NaN,
        "Net Income Continuous Operations": NaN,
        "Tax Provision": NaN,
        "Pretax Income": NaN,
        "Other Income Expense": NaN,
        "Special Income Charges": NaN,
        "Impairment Of Capital Assets": NaN,
        "Restructuring And Mergern Acquisition": 0.0,
        "Gain On Sale Of Security": NaN,
        "Net Non Operating Interest Income Expense": NaN,
        "Interest Expense Non Operating": NaN,
        "Operating Income": NaN,
        "Operating Expense": NaN,
        "Other Operating Expenses": NaN,
        "Depreciation Amortization Depletion Income Statement": NaN,
        "Depreciation And Amortization In Income Statement": NaN,
        "Selling General And Administration": NaN,
        "Gross Profit": NaN,
        "Cost Of Revenue": NaN,
        "Total Revenue": NaN,
        "Operating Revenue": NaN
    },
    "2022-03-31": {
        "Diluted EPS": 0.22,
        "Total Revenue": 451,
        "Gross Profit": 292,
        "Operating Income": 82,
        "EBIT": 167,
        "Net Income": 51
    },
    "2021-12-31": {
        "Diluted EPS": 0.33,
        "Total Revenue": 326,
        "Gross Profit": 216,
        "Operating Income": 63,
        "EBIT": 149,
        "Net Income": 74
    },
    "2021-09-30": {
        "Diluted EPS": 0.26,
        "Total Revenue": 461,
        "Gross Profit": 292,
        "Operating Income": 91,
        "EBIT": 170,
        "Net Income": 61
    },
    "2021-06-30": {
        "Diluted EPS": 0.08,
        "Total Revenue": 461,
        "Gross Profit": 286,
        "Operating Income": 71,
        "EBIT": 160,
        "Net Income": 20
    },
    "2021-03-31": {
        "Diluted EPS": 0.02,
        "Total Revenue": 425,
        "Gross Profit": 269,
        "Operating Income": 75,
        "EBIT": 154,
        "Net Income": 4
    },
    "2020-12-31": {
        "Diluted EPS": 0.47,
        "Total Revenue": 343,
        "Gross Profit": 229,
        "Operating Income": 70,
        "EBIT": 149,
        "Net Income": 4
    },
    "2020-09-30": {
        "Diluted EPS": -0.03,
        "Total Revenue": 417,
        "Gross Profit": 264,
        "Operating Income": 25,
        "EBIT": 101,
        "Net Income": -6
    },
    "2020-06-30": {
        "Diluted EPS": -0.14,
        "Total Revenue": 257,
        "Gross Profit": 155,
        "Operating Income": 41,
        "EBIT": 93,
        "Net Income": -15
    },
    "2020-03-31": {
        "Diluted EPS": -0.05,
        "Total Revenue": 256,
        "Gross Profit": 152,
        "Operating Income": 25,
        "EBIT": 78,
        "Net Income": 92
    },
    "2019-12-31": {
        "Diluted EPS": -0.93,
        "Total Revenue": 278,
        "Gross Profit": 155,
        "Operating Income": 40,
        "EBIT": 93,
        "Net Income": -102
    },
    "2019-09-30": {
        "Diluted EPS": 0.01,
        "Total Revenue": 268,
        "Gross Profit": 143,
        "Operating Income": 30,
        "EBIT": 81,
        "Net Income": 1
    },
    "2019-06-30": {
        "Diluted EPS": -0.1,
        "Total Revenue": 264,
        "Gross Profit": 145,
        "Operating Income": 26,
        "EBIT": 77,
        "Net Income": -11
    },
    "2019-03-31": {
        "Diluted EPS": -0.09,
        "Total Revenue": 254,
        "Gross Profit": 144,
        "Operating Income": 21,
        "EBIT": 69,
        "Net Income": -9
    },
    "2018-12-31": {
        "Diluted EPS": -0.08,
        "Total Revenue": 257,
        "Gross Profit": 141,
        "Operating Income": -4,
        "EBIT": 43,
        "Net Income": 14
    },
    "2018-09-30": {
        "Diluted EPS": -0.37,
        "Total Revenue": 219,
        "Gross Profit": 116,
        "Operating Income": 0,
        "EBIT": 42,
        "Net Income": -34
    },
    "2018-06-30": {
        "Diluted EPS": 0.0,
        "Total Revenue": 140,
        "Gross Profit": 78,
        "Operating Income": 6,
        "EBIT": 33,
        "Net Income": 0
    },
    "2018-03-31": {
        "Diluted EPS": -0.08,
        "Total Revenue": 135,
        "Gross Profit": 75,
        "Operating Income": 4,
        "EBIT": 32,
        "Net Income": -6
    },
    "2017-12-31": {
        "Diluted EPS": -3.5,
        "Total Revenue": 120,
        "Gross Profit": 66,
        "Operating Income": -80,
        "EBIT": 18,
        "Net Income": -123
    },
    "2017-09-30": {
        "Diluted EPS": -0.57,
        "Total Revenue": 116,
        "Gross Profit": 60,
        "Operating Income": 5,
        "EBIT": 37,
        "Net Income": -8
    },
    "2017-06-30": {
        "Diluted EPS": -0.41,
        "Total Revenue": 110,
        "Gross Profit": 57,
        "Operating Income": 11,
        "EBIT": 42,
        "Net Income": -6
    },
    "2017-03-31": {
        "Diluted EPS": -0.7,
        "Total Revenue": 99,
        "Gross Profit": 55,
        "Operating Income": 5,
        "EBIT": 34,
        "Net Income": -10
    },
    "2016-12-31": {
        "Diluted EPS": 0.0,
        "Total Revenue": NaN,
        "Gross Profit": NaN,
        "Operating Income": NaN,
        "EBIT": NaN,
        "Net Income": NaN
    },
    "2015-12-31": {
        "Diluted EPS": 0.0,
        "Total Revenue": NaN,
        "Gross Profit": NaN,
        "Operating Income": NaN,
        "EBIT": NaN,
        "Net Income": NaN
    },
    "2023-09-30": {
        "Tax Effect Of Unusual Items": NaN,
        "Tax Rate For Calcs": NaN,
        "Normalized EBITDA": NaN,
        "Total Unusual Items": NaN,
        "Total Unusual Items Excluding Goodwill": NaN,
        "Net Income From Continuing Operation Net Minority Interest": NaN,
        "Reconciled Depreciation": NaN,
        "Reconciled Cost Of Revenue": NaN,
        "EBITDA": NaN,
        "EBIT": NaN,
        "Net Interest Income": NaN,
        "Interest Expense": NaN,
        "Normalized Income": NaN,
        "Net Income From Continuing And Discontinued Operation": NaN,
        "Total Expenses": NaN,
        "Total Operating Income As Reported": NaN,
        "Diluted Average Shares": NaN,
        "Basic Average Shares": NaN,
        "Diluted EPS": NaN,
        "Basic EPS": NaN,
        "Diluted NI Availto Com Stockholders": NaN,
        "Net Income Common Stockholders": NaN,
        "Net Income": NaN,
        "Net Income Including Noncontrolling Interests": NaN,
        "Net Income Discontinuous Operations": NaN,
        "Net Income Continuous Operations": NaN,
        "Tax Provision": NaN,
        "Pretax Income": NaN,
        "Other Income Expense": NaN,
        "Special Income Charges": 0.0,
        "Impairment Of Capital Assets": 0.0,
        "Restructuring And Mergern Acquisition": 0.0,
        "Gain On Sale Of Security": NaN,
        "Net Non Operating Interest Income Expense": NaN,
        "Interest Expense Non Operating": NaN,
        "Operating Income": NaN,
        "Operating Expense": NaN,
        "Other Operating Expenses": NaN,
        "Depreciation Amortization Depletion Income Statement": NaN,
        "Depreciation And Amortization In Income Statement": NaN,
        "Selling General And Administration": NaN,
        "Gross Profit": NaN,
        "Cost Of Revenue": NaN,
        "Total Revenue": NaN,
        "Operating Revenue": NaN
    },
    "2023-12-31": {
        "Tax Effect Of Unusual Items": NaN,
        "Tax Rate For Calcs": NaN,
        "Normalized EBITDA": NaN,
        "Total Unusual Items": NaN,
        "Total Unusual Items Excluding Goodwill": NaN,
        "Net Income From Continuing Operation Net Minority Interest": NaN,
        "Reconciled Depreciation": NaN,
        "Reconciled Cost Of Revenue": NaN,
        "EBITDA": NaN,
        "EBIT": NaN,
        "Net Interest Income": NaN,
        "Interest Expense": NaN,
        "Normalized Income": NaN,
        "Net Income From Continuing And Discontinued Operation": NaN,
        "Total Expenses": NaN,
        "Total Operating Income As Reported": NaN,
        "Diluted Average Shares": NaN,
        "Basic Average Shares": NaN,
        "Diluted EPS": NaN,
        "Basic EPS": NaN,
        "Diluted NI Availto Com Stockholders": NaN,
        "Net Income Common Stockholders": NaN,
        "Net Income": NaN,
        "Net Income Including Noncontrolling Interests": NaN,
        "Net Income Discontinuous Operations": 0.0,
        "Net Income Continuous Operations": NaN,
        "Tax Provision": NaN,
        "Pretax Income": NaN,
        "Other Income Expense": NaN,
        "Special Income Charges": NaN,
        "Impairment Of Capital Assets": NaN,
        "Restructuring And Mergern Acquisition": NaN,
        "Gain On Sale Of Security": NaN,
        "Net Non Operating Interest Income Expense": NaN,
        "Interest Expense Non Operating": NaN,
        "Operating Income": NaN,
        "Operating Expense": NaN,
        "Other Operating Expenses": NaN,
        "Depreciation Amortization Depletion Income Statement": NaN,
        "Depreciation And Amortization In Income Statement": NaN,
        "Selling General And Administration": NaN,
        "Gross Profit": NaN,
        "Cost Of Revenue": NaN,
        "Total Revenue": NaN,
        "Operating Revenue": NaN
    },
    "2024-03-31": {
        "Tax Effect Of Unusual Items": NaN,
        "Tax Rate For Calcs": NaN,
        "Normalized EBITDA": NaN,
        "Total Unusual Items": NaN,
        "Total Unusual Items Excluding Goodwill": NaN,
        "Net Income From Continuing Operation Net Minority Interest": NaN,
        "Reconciled Depreciation": NaN,
        "Reconciled Cost Of Revenue": NaN,
        "EBITDA": NaN,
        "EBIT": NaN,
        "Net Interest Income": NaN,
        "Interest Expense": NaN,
        "Normalized Income": NaN,
        "Net Income From Continuing And Discontinued Operation": NaN,
        "Total Expenses": NaN,
        "Total Operating Income As Reported": NaN,
        "Diluted Average Shares": NaN,
        "Basic Average Shares": NaN,
        "Diluted EPS": NaN,
        "Basic EPS": NaN,
        "Diluted NI Availto Com Stockholders": NaN,
        "Net Income Common Stockholders": NaN,
        "Net Income": NaN,
        "Net Income Including Noncontrolling Interests": NaN,
        "Net Income Discontinuous Operations": 0.0,
        "Net Income Continuous Operations": NaN,
        "Tax Provision": NaN,
        "Pretax Income": NaN,
        "Other Income Expense": NaN,
        "Special Income Charges": NaN,
        "Impairment Of Capital Assets": NaN,
        "Restructuring And Mergern Acquisition": NaN,
        "Gain On Sale Of Security": NaN,
        "Net Non Operating Interest Income Expense": NaN,
        "Interest Expense Non Operating": NaN,
        "Operating Income": NaN,
        "Operating Expense": NaN,
        "Other Operating Expenses": NaN,
        "Depreciation Amortization Depletion Income Statement": NaN,
        "Depreciation And Amortization In Income Statement": NaN,
        "Selling General And Administration": NaN,
        "Gross Profit": NaN,
        "Cost Of Revenue": NaN,
        "Total Revenue": NaN,
        "Operating Revenue": NaN
    },
    "2024-06-30": {
        "Tax Effect Of Unusual Items": NaN,
        "Tax Rate For Calcs": NaN,
        "Normalized EBITDA": NaN,
        "Total Unusual Items": NaN,
        "Total Unusual Items Excluding Goodwill": NaN,
        "Net Income From Continuing Operation Net Minority Interest": NaN,
        "Reconciled Depreciation": NaN,
        "Reconciled Cost Of Revenue": NaN,
        "EBITDA": NaN,
        "EBIT": NaN,
        "Net Interest Income": NaN,
        "Interest Expense": NaN,
        "Normalized Income": NaN,
        "Net Income From Continuing And Discontinued Operation": NaN,
        "Total Expenses": NaN,
        "Total Operating Income As Reported": NaN,
        "Diluted Average Shares": NaN,
        "Basic Average Shares": NaN,
        "Diluted EPS": NaN,
        "Basic EPS": NaN,
        "Diluted NI Availto Com Stockholders": NaN,
        "Net Income Common Stockholders": NaN,
        "Net Income": NaN,
        "Net Income Including Noncontrolling Interests": NaN,
        "Net Income Discontinuous Operations": 0.0,
        "Net Income Continuous Operations": NaN,
        "Tax Provision": NaN,
        "Pretax Income": NaN,
        "Other Income Expense": NaN,
        "Special Income Charges": -132540000.0,
        "Impairment Of Capital Assets": 132540000.0,
        "Restructuring And Mergern Acquisition": 6206000.0,
        "Gain On Sale Of Security": NaN,
        "Net Non Operating Interest Income Expense": NaN,
        "Interest Expense Non Operating": NaN,
        "Operating Income": NaN,
        "Operating Expense": NaN,
        "Other Operating Expenses": NaN,
        "Depreciation Amortization Depletion Income Statement": NaN,
        "Depreciation And Amortization In Income Statement": NaN,
        "Selling General And Administration": NaN,
        "Gross Profit": NaN,
        "Cost Of Revenue": NaN,
        "Total Revenue": NaN,
        "Operating Revenue": NaN
    },
    "2024-09-30": {
        "Tax Effect Of Unusual Items": -41210874.0,
        "Tax Rate For Calcs": 0.226,
        "Normalized EBITDA": 246451000.0,
        "Total Unusual Items": -182349000.0,
        "Total Unusual Items Excluding Goodwill": -182349000.0,
        "Net Income From Continuing Operation Net Minority Interest": -70475000.0,
        "Reconciled Depreciation": 99320000.0,
        "Reconciled Cost Of Revenue": 203736000.0,
        "EBITDA": 64102000.0,
        "EBIT": -35218000.0,
        "Net Interest Income": -55823000.0,
        "Interest Expense": 55823000.0,
        "Normalized Income": 70663126.0,
        "Net Income From Continuing And Discontinued Operation": -70475000.0,
        "Total Expenses": 454301000.0,
        "Total Operating Income As Reported": -35218000.0,
        "Diluted Average Shares": 188281346.0,
        "Basic Average Shares": 188281346.0,
        "Diluted EPS": -0.37,
        "Basic EPS": -0.37,
        "Diluted NI Availto Com Stockholders": -70475000.0,
        "Net Income Common Stockholders": -70475000.0,
        "Net Income": -70475000.0,
        "Net Income Including Noncontrolling Interests": -70475000.0,
        "Net Income Discontinuous Operations": 0.0,
        "Net Income Continuous Operations": -70475000.0,
        "Tax Provision": -20566000.0,
        "Pretax Income": -91041000.0,
        "Other Income Expense": -182349000.0,
        "Special Income Charges": -182478000.0,
        "Impairment Of Capital Assets": 144000.0,
        "Restructuring And Mergern Acquisition": 182334000.0,
        "Gain On Sale Of Security": 129000.0,
        "Net Non Operating Interest Income Expense": -55823000.0,
        "Interest Expense Non Operating": 55823000.0,
        "Operating Income": 147131000.0,
        "Operating Expense": 174353000.0,
        "Other Operating Expenses": 380000.0,
        "Depreciation Amortization Depletion Income Statement": 23108000.0,
        "Depreciation And Amortization In Income Statement": 23108000.0,
        "Selling General And Administration": 150865000.0,
        "Gross Profit": 321484000.0,
        "Cost Of Revenue": 279948000.0,
        "Total Revenue": 601432000.0,
        "Operating Revenue": 601432000.0
    },
    "2024-12-31": {
        "Tax Effect Of Unusual Items": 36171.726038,
        "Tax Rate For Calcs": 0.224669,
        "Normalized EBITDA": 273336000.0,
        "Total Unusual Items": 161000.0,
        "Total Unusual Items Excluding Goodwill": 161000.0,
        "Net Income From Continuing Operation Net Minority Interest": 89215000.0,
        "Reconciled Depreciation": 99078000.0,
        "Reconciled Cost Of Revenue": 190754000.0,
        "EBITDA": 273497000.0,
        "EBIT": 174419000.0,
        "Net Interest Income": -59352000.0,
        "Interest Expense": 59352000.0,
        "Normalized Income": 89090171.726038,
        "Net Income From Continuing And Discontinued Operation": 89215000.0,
        "Total Expenses": 428257000.0,
        "Total Operating Income As Reported": 174419000.0,
        "Diluted Average Shares": 186208059.0,
        "Basic Average Shares": 184347088.0,
        "Diluted EPS": 0.48,
        "Basic EPS": 0.48,
        "Diluted NI Availto Com Stockholders": 89215000.0,
        "Net Income Common Stockholders": 89215000.0,
        "Net Income": 89215000.0,
        "Net Income Including Noncontrolling Interests": 89215000.0,
        "Net Income Discontinuous Operations": 0.0,
        "Net Income Continuous Operations": 89215000.0,
        "Tax Provision": 25852000.0,
        "Pretax Income": 115067000.0,
        "Other Income Expense": 161000.0,
        "Special Income Charges": 848000.0,
        "Impairment Of Capital Assets": -867000.0,
        "Restructuring And Mergern Acquisition": 19000.0,
        "Gain On Sale Of Security": -687000.0,
        "Net Non Operating Interest Income Expense": -59352000.0,
        "Interest Expense Non Operating": 59352000.0,
        "Operating Income": 174258000.0,
        "Operating Expense": 162091000.0,
        "Other Operating Expenses": 763000.0,
        "Depreciation Amortization Depletion Income Statement": 23666000.0,
        "Depreciation And Amortization In Income Statement": 23666000.0,
        "Selling General And Administration": 137662000.0,
        "Gross Profit": 336349000.0,
        "Cost Of Revenue": 266166000.0,
        "Total Revenue": 602515000.0,
        "Operating Revenue": 602515000.0
    },
    "2025-03-31": {
        "Tax Effect Of Unusual Items": -65562.0,
        "Tax Rate For Calcs": 0.294,
        "Normalized EBITDA": 216749000.0,
        "Total Unusual Items": -223000.0,
        "Total Unusual Items Excluding Goodwill": -223000.0,
        "Net Income From Continuing Operation Net Minority Interest": 43055000.0,
        "Reconciled Depreciation": 97092000.0,
        "Reconciled Cost Of Revenue": 185233000.0,
        "EBITDA": 216526000.0,
        "EBIT": 119434000.0,
        "Net Interest Income": -58469000.0,
        "Interest Expense": 58469000.0,
        "Normalized Income": 43212438.0,
        "Net Income From Continuing And Discontinued Operation": 43055000.0,
        "Total Expenses": 439894000.0,
        "Total Operating Income As Reported": 119434000.0,
        "Diluted Average Shares": 185301787.0,
        "Basic Average Shares": 183680565.0,
        "Diluted EPS": 0.23,
        "Basic EPS": 0.23,
        "Diluted NI Availto Com Stockholders": 43055000.0,
        "Net Income Common Stockholders": 43055000.0,
        "Net Income": 43055000.0,
        "Net Income Including Noncontrolling Interests": 43055000.0,
        "Net Income Discontinuous Operations": NaN,
        "Net Income Continuous Operations": 43055000.0,
        "Tax Provision": 17910000.0,
        "Pretax Income": 60965000.0,
        "Other Income Expense": -223000.0,
        "Special Income Charges": NaN,
        "Impairment Of Capital Assets": NaN,
        "Restructuring And Mergern Acquisition": NaN,
        "Gain On Sale Of Security": -223000.0,
        "Net Non Operating Interest Income Expense": -58469000.0,
        "Interest Expense Non Operating": 58469000.0,
        "Operating Income": 119657000.0,
        "Operating Expense": 180709000.0,
        "Other Operating Expenses": 423000.0,
        "Depreciation Amortization Depletion Income Statement": 23140000.0,
        "Depreciation And Amortization In Income Statement": 23140000.0,
        "Selling General And Administration": 157146000.0,
        "Gross Profit": 300366000.0,
        "Cost Of Revenue": 259185000.0,
        "Total Revenue": 559551000.0,
        "Operating Revenue": 559551000.0
    },
    "2025-06-30": {
        "Tax Effect Of Unusual Items": 23226.0,
        "Tax Rate For Calcs": 0.294,
        "Normalized EBITDA": 239453000.0,
        "Total Unusual Items": 79000.0,
        "Total Unusual Items Excluding Goodwill": 79000.0,
        "Net Income From Continuing Operation Net Minority Interest": 47939000.0,
        "Reconciled Depreciation": 112632000.0,
        "Reconciled Cost Of Revenue": 204569000.0,
        "EBITDA": 239532000.0,
        "EBIT": 126900000.0,
        "Net Interest Income": -58977000.0,
        "Interest Expense": 58977000.0,
        "Normalized Income": 47883226.0,
        "Net Income From Continuing And Discontinued Operation": 47939000.0,
        "Total Expenses": 462262000.0,
        "Total Operating Income As Reported": 126900000.0,
        "Diluted Average Shares": 183439165.0,
        "Basic Average Shares": 182468243.0,
        "Diluted EPS": 0.26,
        "Basic EPS": 0.26,
        "Diluted NI Availto Com Stockholders": 47939000.0,
        "Net Income Common Stockholders": 47939000.0,
        "Net Income": 47939000.0,
        "Net Income Including Noncontrolling Interests": 47939000.0,
        "Net Income Discontinuous Operations": NaN,
        "Net Income Continuous Operations": 47939000.0,
        "Tax Provision": 19984000.0,
        "Pretax Income": 67923000.0,
        "Other Income Expense": 79000.0,
        "Special Income Charges": 0.0,
        "Impairment Of Capital Assets": 0.0,
        "Restructuring And Mergern Acquisition": NaN,
        "Gain On Sale Of Security": 79000.0,
        "Net Non Operating Interest Income Expense": -58977000.0,
        "Interest Expense Non Operating": 58977000.0,
        "Operating Income": 126821000.0,
        "Operating Expense": 169249000.0,
        "Other Operating Expenses": 38000.0,
        "Depreciation Amortization Depletion Income Statement": 24188000.0,
        "Depreciation And Amortization In Income Statement": 24188000.0,
        "Selling General And Administration": 145023000.0,
        "Gross Profit": 296070000.0,
        "Cost Of Revenue": 293013000.0,
        "Total Revenue": 589083000.0,
        "Operating Revenue": 589083000.0
    },
    "2025-09-30": {
        "Tax Effect Of Unusual Items": -28186.94067,
        "Tax Rate For Calcs": 0.281869,
        "Normalized EBITDA": 226964000.0,
        "Total Unusual Items": -100000.0,
        "Total Unusual Items Excluding Goodwill": -100000.0,
        "Net Income From Continuing Operation Net Minority Interest": 43332000.0,
        "Reconciled Depreciation": 108058000.0,
        "Reconciled Cost Of Revenue": 201589000.0,
        "EBITDA": 226864000.0,
        "EBIT": 118806000.0,
        "Net Interest Income": -58466000.0,
        "Interest Expense": 58466000.0,
        "Normalized Income": 43403813.05933,
        "Net Income From Continuing And Discontinued Operation": 43332000.0,
        "Total Expenses": 447935000.0,
        "Total Operating Income As Reported": 118806000.0,
        "Diluted Average Shares": 182772186.0,
        "Basic Average Shares": 182772186.0,
        "Diluted EPS": 0.24,
        "Basic EPS": 0.24,
        "Diluted NI Availto Com Stockholders": 43332000.0,
        "Net Income Common Stockholders": 43332000.0,
        "Net Income": 43332000.0,
        "Net Income Including Noncontrolling Interests": 43332000.0,
        "Net Income Discontinuous Operations": NaN,
        "Net Income Continuous Operations": 43332000.0,
        "Tax Provision": 17008000.0,
        "Pretax Income": 60340000.0,
        "Other Income Expense": -100000.0,
        "Special Income Charges": 0.0,
        "Impairment Of Capital Assets": 0.0,
        "Restructuring And Mergern Acquisition": 0.0,
        "Gain On Sale Of Security": -100000.0,
        "Net Non Operating Interest Income Expense": -58466000.0,
        "Interest Expense Non Operating": 58466000.0,
        "Operating Income": 118906000.0,
        "Operating Expense": 162712000.0,
        "Other Operating Expenses": 589000.0,
        "Depreciation Amortization Depletion Income Statement": 24424000.0,
        "Depreciation And Amortization In Income Statement": 24424000.0,
        "Selling General And Administration": 137699000.0,
        "Gross Profit": 281618000.0,
        "Cost Of Revenue": 285223000.0,
        "Total Revenue": 566841000.0,
        "Operating Revenue": 566841000.0
    }
}