{
    "2023-06-30": {
        "Tax Effect Of Unusual Items": NaN,
        "Tax Rate For Calcs": NaN,
        "Total Unusual Items": NaN,
        "Total Unusual Items Excluding Goodwill": NaN,
        "Net Income From Continuing Operation Net Minority Interest": NaN,
        "Reconciled Depreciation": NaN,
        "Net Interest Income": NaN,
        "Interest Expense": NaN,
        "Interest Income": NaN,
        "Normalized Income": NaN,
        "Net Income From Continuing And Discontinued Operation": NaN,
        "Diluted Average Shares": NaN,
        "Basic Average Shares": NaN,
        "Diluted EPS": NaN,
        "Basic EPS": NaN,
        "Diluted NI Availto Com Stockholders": NaN,
        "Net Income Common Stockholders": NaN,
        "Net Income": NaN,
        "Net Income Including Noncontrolling Interests": NaN,
        "Net Income Continuous Operations": NaN,
        "Tax Provision": NaN,
        "Pretax Income": NaN,
        "Special Income Charges": NaN,
        "Other Special Charges": 60000.0,
        "Selling General And Administration": NaN,
        "Selling And Marketing Expense": NaN,
        "General And Administrative Expense": NaN,
        "Insurance And Claims": NaN,
        "Salaries And Wages": NaN,
        "Total Revenue": NaN,
        "Operating Revenue": NaN,
        "Occupancy And Equipment": NaN,
        "Professional Expense And Contract Services Expense": NaN,
        "Other Non Interest Expense": NaN
    },
    "2023-03-31": {
        "Tax Effect Of Unusual Items": NaN,
        "Tax Rate For Calcs": NaN,
        "Total Unusual Items": NaN,
        "Total Unusual Items Excluding Goodwill": NaN,
        "Net Income From Continuing Operation Net Minority Interest": NaN,
        "Reconciled Depreciation": NaN,
        "Net Interest Income": NaN,
        "Interest Expense": NaN,
        "Interest Income": NaN,
        "Normalized Income": NaN,
        "Net Income From Continuing And Discontinued Operation": NaN,
        "Diluted Average Shares": NaN,
        "Basic Average Shares": NaN,
        "Diluted EPS": NaN,
        "Basic EPS": NaN,
        "Diluted NI Availto Com Stockholders": NaN,
        "Net Income Common Stockholders": NaN,
        "Net Income": NaN,
        "Net Income Including Noncontrolling Interests": NaN,
        "Net Income Continuous Operations": NaN,
        "Tax Provision": NaN,
        "Pretax Income": NaN,
        "Special Income Charges": NaN,
        "Other Special Charges": 60000.0,
        "Selling General And Administration": NaN,
        "Selling And Marketing Expense": NaN,
        "General And Administrative Expense": NaN,
        "Insurance And Claims": NaN,
        "Salaries And Wages": NaN,
        "Total Revenue": NaN,
        "Operating Revenue": NaN,
        "Occupancy And Equipment": NaN,
        "Professional Expense And Contract Services Expense": NaN,
        "Other Non Interest Expense": NaN
    },
    "2022-12-31": {
        "Tax Effect Of Unusual Items": NaN,
        "Tax Rate For Calcs": NaN,
        "Total Unusual Items": NaN,
        "Total Unusual Items Excluding Goodwill": NaN,
        "Net Income From Continuing Operation Net Minority Interest": NaN,
        "Reconciled Depreciation": NaN,
        "Net Interest Income": NaN,
        "Interest Expense": NaN,
        "Interest Income": NaN,
        "Normalized Income": NaN,
        "Net Income From Continuing And Discontinued Operation": NaN,
        "Diluted Average Shares": NaN,
        "Basic Average Shares": NaN,
        "Diluted EPS": NaN,
        "Basic EPS": NaN,
        "Diluted NI Availto Com Stockholders": NaN,
        "Net Income Common Stockholders": NaN,
        "Net Income": NaN,
        "Net Income Including Noncontrolling Interests": NaN,
        "Net Income Continuous Operations": NaN,
        "Tax Provision": NaN,
        "Pretax Income": NaN,
        "Special Income Charges": NaN,
        "Other Special Charges": NaN,
        "Gain On Sale Of Security": 0.0,
        "Selling General And Administration": NaN,
        "Selling And Marketing Expense": NaN,
        "General And Administrative Expense": NaN,
        "Other Gand A": -1406000.0,
        "Insurance And Claims": NaN,
        "Salaries And Wages": NaN,
        "Total Revenue": NaN,
        "Operating Revenue": NaN,
        "Occupancy And Equipment": NaN,
        "Professional Expense And Contract Services Expense": NaN,
        "Other Non Interest Expense": NaN
    },
    "2022-09-30": {
        "Tax Effect Of Unusual Items": NaN,
        "Tax Rate For Calcs": NaN,
        "Total Unusual Items": NaN,
        "Total Unusual Items Excluding Goodwill": NaN,
        "Net Income From Continuing Operation Net Minority Interest": NaN,
        "Reconciled Depreciation": NaN,
        "Net Interest Income": NaN,
        "Interest Expense": NaN,
        "Interest Income": NaN,
        "Normalized Income": NaN,
        "Net Income From Continuing And Discontinued Operation": NaN,
        "Diluted Average Shares": NaN,
        "Basic Average Shares": NaN,
        "Diluted EPS": NaN,
        "Basic EPS": NaN,
        "Diluted NI Availto Com Stockholders": NaN,
        "Net Income Common Stockholders": NaN,
        "Net Income": NaN,
        "Net Income Including Noncontrolling Interests": NaN,
        "Net Income Continuous Operations": NaN,
        "Tax Provision": NaN,
        "Pretax Income": NaN,
        "Special Income Charges": NaN,
        "Other Special Charges": NaN,
        "Gain On Sale Of Security": 0.0,
        "Selling General And Administration": NaN,
        "Selling And Marketing Expense": NaN,
        "General And Administrative Expense": NaN,
        "Other Gand A": 1295000.0,
        "Insurance And Claims": NaN,
        "Salaries And Wages": NaN,
        "Total Revenue": NaN,
        "Operating Revenue": NaN
    },
    "2022-06-30": {
        "Tax Effect Of Unusual Items": 0.0,
        "Tax Rate For Calcs": 0.2549,
        "Total Unusual Items": 0.0,
        "Total Unusual Items Excluding Goodwill": 0.0,
        "Net Income From Continuing Operation Net Minority Interest": 12667000.0,
        "Reconciled Depreciation": 1116000.0,
        "Net Interest Income": 24239000.0,
        "Interest Expense": 4658000.0,
        "Interest Income": 28897000.0,
        "Normalized Income": 12667000.0,
        "Net Income From Continuing And Discontinued Operation": 12667000.0,
        "Diluted Average Shares": 16783000.0,
        "Basic Average Shares": 16638000.0,
        "Diluted EPS": 0.75,
        "Basic EPS": 0.76,
        "Diluted NI Availto Com Stockholders": 12667000.0,
        "Net Income Common Stockholders": 12667000.0,
        "Net Income": 12667000.0,
        "Net Income Including Noncontrolling Interests": 12667000.0,
        "Net Income Continuous Operations": 12667000.0,
        "Tax Provision": 4334000.0,
        "Pretax Income": 17001000.0,
        "Special Income Charges": 0.0,
        "Other Special Charges": NaN,
        "Gain On Sale Of Security": 0.0,
        "Selling General And Administration": 8586000.0,
        "Selling And Marketing Expense": 70000.0,
        "General And Administrative Expense": 8516000.0,
        "Other Gand A": 1439000.0,
        "Insurance And Claims": 445000.0,
        "Salaries And Wages": 6632000.0,
        "Total Revenue": 26379000.0,
        "Operating Revenue": 26379000.0
    },
    "2022-03-31": {
        "Diluted EPS": 0.78,
        "Total Revenue": 30,
        "Gross Profit": 26,
        "Operating Income": 16,
        "EBIT": NaN,
        "Net Income": 13
    },
    "2021-12-31": {
        "Diluted EPS": 0.7,
        "Total Revenue": 30,
        "Gross Profit": 27,
        "Operating Income": 15,
        "EBIT": NaN,
        "Net Income": 12
    },
    "2021-09-30": {
        "Diluted EPS": 0.76,
        "Total Revenue": 30,
        "Gross Profit": 27,
        "Operating Income": 16,
        "EBIT": NaN,
        "Net Income": 13
    },
    "2021-06-30": {
        "Diluted EPS": 0.79,
        "Total Revenue": 28,
        "Gross Profit": 25,
        "Operating Income": 17,
        "EBIT": NaN,
        "Net Income": 13
    },
    "2021-03-31": {
        "Diluted EPS": 0.7,
        "Total Revenue": 29,
        "Gross Profit": 26,
        "Operating Income": 15,
        "EBIT": NaN,
        "Net Income": 12
    },
    "2020-12-31": {
        "Diluted EPS": 0.52,
        "Total Revenue": 28,
        "Gross Profit": 25,
        "Operating Income": 11,
        "EBIT": NaN,
        "Net Income": 9
    },
    "2020-09-30": {
        "Diluted EPS": 0.49,
        "Total Revenue": 28,
        "Gross Profit": 24,
        "Operating Income": 10,
        "EBIT": NaN,
        "Net Income": 8
    },
    "2020-06-30": {
        "Diluted EPS": 0.48,
        "Total Revenue": 26,
        "Gross Profit": 23,
        "Operating Income": 10,
        "EBIT": NaN,
        "Net Income": 8
    },
    "2020-03-31": {
        "Diluted EPS": 0.49,
        "Total Revenue": 28,
        "Gross Profit": 21,
        "Operating Income": 10,
        "EBIT": NaN,
        "Net Income": 8
    },
    "2019-12-31": {
        "Diluted EPS": 0.45,
        "Total Revenue": 27,
        "Gross Profit": 19,
        "Operating Income": 10,
        "EBIT": NaN,
        "Net Income": 8
    },
    "2019-09-30": {
        "Diluted EPS": 0.46,
        "Total Revenue": 28,
        "Gross Profit": 19,
        "Operating Income": 9,
        "EBIT": NaN,
        "Net Income": 8
    },
    "2019-06-30": {
        "Diluted EPS": 0.41,
        "Total Revenue": 26,
        "Gross Profit": 18,
        "Operating Income": 8,
        "EBIT": NaN,
        "Net Income": 7
    },
    "2019-03-31": {
        "Diluted EPS": 0.42,
        "Total Revenue": 26,
        "Gross Profit": 18,
        "Operating Income": 8,
        "EBIT": NaN,
        "Net Income": 7
    },
    "2018-12-31": {
        "Diluted EPS": 0.45,
        "Total Revenue": 24,
        "Gross Profit": 17,
        "Operating Income": 8,
        "EBIT": NaN,
        "Net Income": 7
    },
    "2018-09-30": {
        "Diluted EPS": 0.43,
        "Total Revenue": 24,
        "Gross Profit": 18,
        "Operating Income": 10,
        "EBIT": NaN,
        "Net Income": 7
    },
    "2018-06-30": {
        "Diluted EPS": 0.41,
        "Total Revenue": 23,
        "Gross Profit": 17,
        "Operating Income": 9,
        "EBIT": NaN,
        "Net Income": 7
    },
    "2018-03-31": {
        "Diluted EPS": 0.45,
        "Total Revenue": 22,
        "Gross Profit": 17,
        "Operating Income": 9,
        "EBIT": NaN,
        "Net Income": 7
    },
    "2017-12-31": {
        "Diluted EPS": 0.26,
        "Total Revenue": 21,
        "Gross Profit": 17,
        "Operating Income": 9,
        "EBIT": NaN,
        "Net Income": 4
    },
    "2017-09-30": {
        "Diluted EPS": 0.39,
        "Total Revenue": 21,
        "Gross Profit": 17,
        "Operating Income": 9,
        "EBIT": NaN,
        "Net Income": 6
    },
    "2017-06-30": {
        "Diluted EPS": 0.39,
        "Total Revenue": 20,
        "Gross Profit": 17,
        "Operating Income": 9,
        "EBIT": NaN,
        "Net Income": 6
    },
    "2017-03-31": {
        "Diluted EPS": 0.37,
        "Total Revenue": 19,
        "Gross Profit": 17,
        "Operating Income": 9,
        "EBIT": NaN,
        "Net Income": 6
    },
    "2016-12-31": {
        "Diluted EPS": 0.37,
        "Total Revenue": 18,
        "Gross Profit": 16,
        "Operating Income": 9,
        "EBIT": NaN,
        "Net Income": 6
    },
    "2016-09-30": {
        "Diluted EPS": 0.36,
        "Total Revenue": 19,
        "Gross Profit": 17,
        "Operating Income": 8,
        "EBIT": NaN,
        "Net Income": 6
    },
    "2016-06-30": {
        "Diluted EPS": 0.34,
        "Total Revenue": 18,
        "Gross Profit": 16,
        "Operating Income": 8,
        "EBIT": NaN,
        "Net Income": 5
    },
    "2016-03-31": {
        "Diluted EPS": 0.35,
        "Total Revenue": 18,
        "Gross Profit": 16,
        "Operating Income": 8,
        "EBIT": NaN,
        "Net Income": 6
    },
    "2015-12-31": {
        "Diluted EPS": 0.36,
        "Total Revenue": 18,
        "Gross Profit": 17,
        "Operating Income": 9,
        "EBIT": NaN,
        "Net Income": 6
    },
    "2015-09-30": {
        "Diluted EPS": 0.34,
        "Total Revenue": 17,
        "Gross Profit": 16,
        "Operating Income": 8,
        "EBIT": NaN,
        "Net Income": 5
    },
    "2015-06-30": {
        "Diluted EPS": 0.33,
        "Total Revenue": 17,
        "Gross Profit": 15,
        "Operating Income": 8,
        "EBIT": NaN,
        "Net Income": 5
    },
    "2015-03-31": {
        "Diluted EPS": 0.32,
        "Total Revenue": 16,
        "Gross Profit": 15,
        "Operating Income": 7,
        "EBIT": NaN,
        "Net Income": 5
    },
    "2014-12-31": {
        "Diluted EPS": 0.36,
        "Total Revenue": 17,
        "Gross Profit": 16,
        "Operating Income": 6,
        "EBIT": NaN,
        "Net Income": 6
    },
    "2014-09-30": {
        "Diluted EPS": 0.32,
        "Total Revenue": 16,
        "Gross Profit": 15,
        "Operating Income": 7,
        "EBIT": NaN,
        "Net Income": 5
    },
    "2014-06-30": {
        "Diluted EPS": 0.3,
        "Total Revenue": 16,
        "Gross Profit": 14,
        "Operating Income": 7,
        "EBIT": NaN,
        "Net Income": 5
    },
    "2014-03-31": {
        "Diluted EPS": 0.27,
        "Total Revenue": 16,
        "Gross Profit": 14,
        "Operating Income": 6,
        "EBIT": NaN,
        "Net Income": 4
    },
    "2013-12-31": {
        "Diluted EPS": 0.27,
        "Total Revenue": 16,
        "Gross Profit": 14,
        "Operating Income": 6,
        "EBIT": NaN,
        "Net Income": 4
    },
    "2013-09-30": {
        "Diluted EPS": 0.27,
        "Total Revenue": 16,
        "Gross Profit": 14,
        "Operating Income": 6,
        "EBIT": NaN,
        "Net Income": 4
    },
    "2013-06-30": {
        "Diluted EPS": 0.25,
        "Total Revenue": 15,
        "Gross Profit": 14,
        "Operating Income": 6,
        "EBIT": NaN,
        "Net Income": 4
    },
    "2013-03-31": {
        "Diluted EPS": 0.23,
        "Total Revenue": 15,
        "Gross Profit": 13,
        "Operating Income": 6,
        "EBIT": NaN,
        "Net Income": 4
    },
    "2012-12-31": {
        "Diluted EPS": 0.22,
        "Total Revenue": 15,
        "Gross Profit": 13,
        "Operating Income": 6,
        "EBIT": NaN,
        "Net Income": 4
    },
    "2012-09-30": {
        "Diluted EPS": 0.22,
        "Total Revenue": 15,
        "Gross Profit": 13,
        "Operating Income": 5,
        "EBIT": NaN,
        "Net Income": 4
    },
    "2012-06-30": {
        "Diluted EPS": 0.25,
        "Total Revenue": 16,
        "Gross Profit": 14,
        "Operating Income": 6,
        "EBIT": NaN,
        "Net Income": 4
    },
    "2012-03-31": {
        "Diluted EPS": 0.23,
        "Total Revenue": 15,
        "Gross Profit": 13,
        "Operating Income": 6,
        "EBIT": NaN,
        "Net Income": 4
    },
    "2011-12-31": {
        "Diluted EPS": 0.21,
        "Total Revenue": 15,
        "Gross Profit": 13,
        "Operating Income": 5,
        "EBIT": NaN,
        "Net Income": 4
    },
    "2011-09-30": {
        "Diluted EPS": 0.18,
        "Total Revenue": 16,
        "Gross Profit": 13,
        "Operating Income": 4,
        "EBIT": NaN,
        "Net Income": 3
    },
    "2011-06-30": {
        "Diluted EPS": 0.12,
        "Total Revenue": 16,
        "Gross Profit": 13,
        "Operating Income": 6,
        "EBIT": NaN,
        "Net Income": 2
    },
    "2011-03-31": {
        "Diluted EPS": 0.23,
        "Total Revenue": 16,
        "Gross Profit": 13,
        "Operating Income": 6,
        "EBIT": NaN,
        "Net Income": 4
    },
    "2010-12-31": {
        "Diluted EPS": 0.17,
        "Total Revenue": 17,
        "Gross Profit": 13,
        "Operating Income": 5,
        "EBIT": NaN,
        "Net Income": 3
    },
    "2010-09-30": {
        "Diluted EPS": 0.19,
        "Total Revenue": 18,
        "Gross Profit": 14,
        "Operating Income": 5,
        "EBIT": NaN,
        "Net Income": 3
    },
    "2010-06-30": {
        "Diluted EPS": 0.12,
        "Total Revenue": 18,
        "Gross Profit": 13,
        "Operating Income": 4,
        "EBIT": NaN,
        "Net Income": 2
    },
    "2010-03-31": {
        "Diluted EPS": 0.16,
        "Total Revenue": 18,
        "Gross Profit": 12,
        "Operating Income": 4,
        "EBIT": NaN,
        "Net Income": 3
    },
    "2009-12-31": {
        "Diluted EPS": 0.13,
        "Total Revenue": 18,
        "Gross Profit": 12,
        "Operating Income": 3,
        "EBIT": NaN,
        "Net Income": 2
    },
    "2009-09-30": {
        "Diluted EPS": 0.08,
        "Total Revenue": 19,
        "Gross Profit": 13,
        "Operating Income": 4,
        "EBIT": NaN,
        "Net Income": 1
    },
    "2009-06-30": {
        "Diluted EPS": -1.32,
        "Total Revenue": 19,
        "Gross Profit": 12,
        "Operating Income": -23,
        "EBIT": NaN,
        "Net Income": -23
    },
    "2009-03-31": {
        "Diluted EPS": 0.14,
        "Total Revenue": 20,
        "Gross Profit": 13,
        "Operating Income": 3,
        "EBIT": NaN,
        "Net Income": 2
    },
    "2023-09-30": {
        "Tax Effect Of Unusual Items": NaN,
        "Tax Rate For Calcs": NaN,
        "Total Unusual Items": NaN,
        "Total Unusual Items Excluding Goodwill": NaN,
        "Net Income From Continuing Operation Net Minority Interest": NaN,
        "Reconciled Depreciation": NaN,
        "Net Interest Income": NaN,
        "Interest Expense": NaN,
        "Interest Income": NaN,
        "Normalized Income": NaN,
        "Net Income From Continuing And Discontinued Operation": NaN,
        "Diluted Average Shares": NaN,
        "Basic Average Shares": NaN,
        "Diluted EPS": NaN,
        "Basic EPS": NaN,
        "Diluted NI Availto Com Stockholders": NaN,
        "Net Income Common Stockholders": NaN,
        "Net Income": NaN,
        "Net Income Including Noncontrolling Interests": NaN,
        "Net Income Continuous Operations": NaN,
        "Tax Provision": NaN,
        "Pretax Income": NaN,
        "Special Income Charges": NaN,
        "Other Special Charges": 60000.0,
        "Selling General And Administration": NaN,
        "Selling And Marketing Expense": NaN,
        "General And Administrative Expense": NaN,
        "Insurance And Claims": NaN,
        "Salaries And Wages": NaN,
        "Total Revenue": NaN,
        "Operating Revenue": NaN,
        "Occupancy And Equipment": NaN,
        "Professional Expense And Contract Services Expense": NaN,
        "Other Non Interest Expense": NaN
    },
    "2023-12-31": {
        "Tax Effect Of Unusual Items": NaN,
        "Tax Rate For Calcs": NaN,
        "Total Unusual Items": 0.0,
        "Total Unusual Items Excluding Goodwill": 0.0,
        "Net Income From Continuing Operation Net Minority Interest": NaN,
        "Reconciled Depreciation": NaN,
        "Net Interest Income": NaN,
        "Interest Expense": NaN,
        "Interest Income": NaN,
        "Normalized Income": NaN,
        "Net Income From Continuing And Discontinued Operation": NaN,
        "Diluted Average Shares": NaN,
        "Basic Average Shares": NaN,
        "Diluted EPS": NaN,
        "Basic EPS": NaN,
        "Diluted NI Availto Com Stockholders": NaN,
        "Net Income Common Stockholders": NaN,
        "Net Income": NaN,
        "Net Income Including Noncontrolling Interests": NaN,
        "Net Income Continuous Operations": NaN,
        "Tax Provision": NaN,
        "Pretax Income": NaN,
        "Special Income Charges": 0.0,
        "Other Special Charges": 0.0,
        "Selling General And Administration": NaN,
        "Selling And Marketing Expense": NaN,
        "General And Administrative Expense": NaN,
        "Insurance And Claims": NaN,
        "Salaries And Wages": NaN,
        "Total Revenue": NaN,
        "Operating Revenue": NaN,
        "Occupancy And Equipment": NaN,
        "Professional Expense And Contract Services Expense": NaN,
        "Other Non Interest Expense": NaN
    },
    "2024-03-31": {
        "Tax Effect Of Unusual Items": NaN,
        "Tax Rate For Calcs": NaN,
        "Total Unusual Items": 0.0,
        "Total Unusual Items Excluding Goodwill": 0.0,
        "Net Income From Continuing Operation Net Minority Interest": NaN,
        "Reconciled Depreciation": NaN,
        "Net Interest Income": NaN,
        "Interest Expense": NaN,
        "Interest Income": NaN,
        "Normalized Income": NaN,
        "Net Income From Continuing And Discontinued Operation": NaN,
        "Diluted Average Shares": NaN,
        "Basic Average Shares": NaN,
        "Diluted EPS": NaN,
        "Basic EPS": NaN,
        "Diluted NI Availto Com Stockholders": NaN,
        "Net Income Common Stockholders": NaN,
        "Net Income": NaN,
        "Net Income Including Noncontrolling Interests": NaN,
        "Net Income Continuous Operations": NaN,
        "Tax Provision": NaN,
        "Pretax Income": NaN,
        "Special Income Charges": 0.0,
        "Other Special Charges": NaN,
        "Selling General And Administration": NaN,
        "Selling And Marketing Expense": NaN,
        "General And Administrative Expense": NaN,
        "Insurance And Claims": NaN,
        "Salaries And Wages": NaN,
        "Total Revenue": NaN,
        "Operating Revenue": NaN,
        "Occupancy And Equipment": NaN,
        "Professional Expense And Contract Services Expense": NaN,
        "Other Non Interest Expense": NaN
    },
    "2024-06-30": {
        "Tax Effect Of Unusual Items": 0.0,
        "Tax Rate For Calcs": 0.186462,
        "Total Unusual Items": 0.0,
        "Total Unusual Items Excluding Goodwill": 0.0,
        "Net Income From Continuing Operation Net Minority Interest": 5192000.0,
        "Reconciled Depreciation": 1797000.0,
        "Net Interest Income": 17230000.0,
        "Interest Expense": 30338000.0,
        "Interest Income": 47568000.0,
        "Normalized Income": 5192000.0,
        "Net Income From Continuing And Discontinued Operation": 5192000.0,
        "Diluted Average Shares": 16848000.0,
        "Basic Average Shares": 16828000.0,
        "Diluted EPS": 0.31,
        "Basic EPS": 0.31,
        "Diluted NI Availto Com Stockholders": 5192000.0,
        "Net Income Common Stockholders": 5192000.0,
        "Net Income": 5192000.0,
        "Net Income Including Noncontrolling Interests": 5192000.0,
        "Net Income Continuous Operations": 5192000.0,
        "Tax Provision": 1190000.0,
        "Pretax Income": 6382000.0,
        "Special Income Charges": 0.0,
        "Other Special Charges": NaN,
        "Selling General And Administration": 8266000.0,
        "Selling And Marketing Expense": 27000.0,
        "General And Administrative Expense": 8239000.0,
        "Insurance And Claims": 834000.0,
        "Salaries And Wages": 7405000.0,
        "Total Revenue": 19419000.0,
        "Operating Revenue": 19419000.0,
        "Occupancy And Equipment": 1852000.0,
        "Professional Expense And Contract Services Expense": 320000.0,
        "Other Non Interest Expense": 2599000.0
    },
    "2024-09-30": {
        "Tax Effect Of Unusual Items": 0.0,
        "Tax Rate For Calcs": 0.199,
        "Total Unusual Items": 0.0,
        "Total Unusual Items Excluding Goodwill": 0.0,
        "Net Income From Continuing Operation Net Minority Interest": 5952000.0,
        "Reconciled Depreciation": 1867000.0,
        "Net Interest Income": 17960000.0,
        "Interest Expense": 30652000.0,
        "Interest Income": 48612000.0,
        "Normalized Income": 5952000.0,
        "Net Income From Continuing And Discontinued Operation": 5952000.0,
        "Diluted Average Shares": 17005714.0,
        "Basic Average Shares": 17005714.0,
        "Diluted EPS": 0.35,
        "Basic EPS": 0.35,
        "Diluted NI Availto Com Stockholders": 5952000.0,
        "Net Income Common Stockholders": 5952000.0,
        "Net Income": 5952000.0,
        "Net Income Including Noncontrolling Interests": 5952000.0,
        "Net Income Continuous Operations": 5952000.0,
        "Tax Provision": 1475000.0,
        "Pretax Income": 7427000.0,
        "Special Income Charges": 0.0,
        "Other Special Charges": NaN,
        "Selling General And Administration": 7966000.0,
        "Selling And Marketing Expense": 12000.0,
        "General And Administrative Expense": 7954000.0,
        "Insurance And Claims": 908000.0,
        "Salaries And Wages": 7046000.0,
        "Total Revenue": 20151000.0,
        "Operating Revenue": 20151000.0,
        "Occupancy And Equipment": 1926000.0,
        "Professional Expense And Contract Services Expense": 300000.0,
        "Other Non Interest Expense": 2532000.0
    },
    "2024-12-31": {
        "Tax Effect Of Unusual Items": 0.0,
        "Tax Rate For Calcs": 0.21,
        "Total Unusual Items": 0.0,
        "Total Unusual Items Excluding Goodwill": 0.0,
        "Net Income From Continuing Operation Net Minority Interest": 7097000.0,
        "Reconciled Depreciation": 1937000.0,
        "Net Interest Income": 19422000.0,
        "Interest Expense": 29894000.0,
        "Interest Income": 49316000.0,
        "Normalized Income": 7097000.0,
        "Net Income From Continuing And Discontinued Operation": 7097000.0,
        "Diluted Average Shares": 16897619.0,
        "Basic Average Shares": 16897619.0,
        "Diluted EPS": 0.42,
        "Basic EPS": 0.42,
        "Diluted NI Availto Com Stockholders": 7097000.0,
        "Net Income Common Stockholders": 7097000.0,
        "Net Income": 7097000.0,
        "Net Income Including Noncontrolling Interests": 7097000.0,
        "Net Income Continuous Operations": 7097000.0,
        "Tax Provision": -644000.0,
        "Pretax Income": 6453000.0,
        "Special Income Charges": 0.0,
        "Other Special Charges": NaN,
        "Selling General And Administration": 8227000.0,
        "Selling And Marketing Expense": 22000.0,
        "General And Administrative Expense": 8205000.0,
        "Insurance And Claims": 928000.0,
        "Salaries And Wages": 7277000.0,
        "Total Revenue": 20684000.0,
        "Operating Revenue": 20684000.0,
        "Occupancy And Equipment": 2095000.0,
        "Professional Expense And Contract Services Expense": 365000.0,
        "Other Non Interest Expense": 2544000.0
    },
    "2025-03-31": {
        "Tax Effect Of Unusual Items": 0.0,
        "Tax Rate For Calcs": 0.219,
        "Total Unusual Items": NaN,
        "Total Unusual Items Excluding Goodwill": NaN,
        "Net Income From Continuing Operation Net Minority Interest": 7842000.0,
        "Reconciled Depreciation": 1875000.0,
        "Net Interest Income": 20855000.0,
        "Interest Expense": 25281000.0,
        "Interest Income": 46136000.0,
        "Normalized Income": 7842000.0,
        "Net Income From Continuing And Discontinued Operation": 7842000.0,
        "Diluted Average Shares": 17068000.0,
        "Basic Average Shares": 16840000.0,
        "Diluted EPS": 0.46,
        "Basic EPS": 0.47,
        "Diluted NI Availto Com Stockholders": 7842000.0,
        "Net Income Common Stockholders": 7842000.0,
        "Net Income": 7842000.0,
        "Net Income Including Noncontrolling Interests": 7842000.0,
        "Net Income Continuous Operations": 7842000.0,
        "Tax Provision": 2193000.0,
        "Pretax Income": 10035000.0,
        "Special Income Charges": NaN,
        "Other Special Charges": NaN,
        "Selling General And Administration": 8102000.0,
        "Selling And Marketing Expense": 11000.0,
        "General And Administrative Expense": 8091000.0,
        "Insurance And Claims": 881000.0,
        "Salaries And Wages": 7210000.0,
        "Total Revenue": 22896000.0,
        "Operating Revenue": 22896000.0,
        "Occupancy And Equipment": 1963000.0,
        "Professional Expense And Contract Services Expense": 387000.0,
        "Other Non Interest Expense": 2409000.0
    },
    "2025-06-30": {
        "Tax Effect Of Unusual Items": 0.0,
        "Tax Rate For Calcs": 0.228635,
        "Total Unusual Items": NaN,
        "Total Unusual Items Excluding Goodwill": NaN,
        "Net Income From Continuing Operation Net Minority Interest": 7979000.0,
        "Reconciled Depreciation": 1898000.0,
        "Net Interest Income": 21419000.0,
        "Interest Expense": 26543000.0,
        "Interest Income": 47962000.0,
        "Normalized Income": 7979000.0,
        "Net Income From Continuing And Discontinued Operation": 7979000.0,
        "Diluted Average Shares": 17007000.0,
        "Basic Average Shares": 16936000.0,
        "Diluted EPS": 0.47,
        "Basic EPS": 0.47,
        "Diluted NI Availto Com Stockholders": 7979000.0,
        "Net Income Common Stockholders": 7979000.0,
        "Net Income": 7979000.0,
        "Net Income Including Noncontrolling Interests": 7979000.0,
        "Net Income Continuous Operations": 7979000.0,
        "Tax Provision": 2365000.0,
        "Pretax Income": 10344000.0,
        "Special Income Charges": NaN,
        "Other Special Charges": NaN,
        "Selling General And Administration": 8531000.0,
        "Selling And Marketing Expense": 25000.0,
        "General And Administrative Expense": 8506000.0,
        "Insurance And Claims": 961000.0,
        "Salaries And Wages": 7545000.0,
        "Total Revenue": 23654000.0,
        "Operating Revenue": 23654000.0,
        "Occupancy And Equipment": 2034000.0,
        "Professional Expense And Contract Services Expense": 355000.0,
        "Other Non Interest Expense": 2390000.0
    }
}