{
    "2022-12-31": {
        "Tax Effect Of Unusual Items": 0.0,
        "Tax Rate For Calcs": 0.0,
        "Normalized EBITDA": -3358109.0,
        "Total Unusual Items": 0.0,
        "Total Unusual Items Excluding Goodwill": 0.0,
        "Net Income From Continuing Operation Net Minority Interest": -3986455.0,
        "Reconciled Depreciation": 203777.0,
        "Reconciled Cost Of Revenue": 11947892.0,
        "EBITDA": -3358109.0,
        "EBIT": -3561886.0,
        "Net Interest Income": -424569.0,
        "Interest Expense": 424569.0,
        "Normalized Income": -3986455.0,
        "Net Income From Continuing And Discontinued Operation": -3986455.0,
        "Total Expenses": 19436853.0,
        "Total Operating Income As Reported": -3561886.0,
        "Diluted Average Shares": 9721697.0,
        "Basic Average Shares": 9721697.0,
        "Diluted EPS": -0.45,
        "Basic EPS": -0.45,
        "Diluted NI Availto Com Stockholders": -3986455.0,
        "Net Income Common Stockholders": -3986455.0,
        "Net Income": -3986455.0,
        "Net Income Including Noncontrolling Interests": -3986455.0,
        "Net Income Continuous Operations": -3986455.0,
        "Pretax Income": -3986455.0,
        "Other Income Expense": NaN,
        "Special Income Charges": 0.0,
        "Other Special Charges": NaN,
        "Net Non Operating Interest Income Expense": -424569.0,
        "Interest Expense Non Operating": 424569.0,
        "Operating Income": -3561886.0,
        "Operating Expense": 7488961.0,
        "Selling General And Administration": 7488961.0,
        "Selling And Marketing Expense": 4949002.0,
        "General And Administrative Expense": 2539959.0,
        "Other Gand A": 2539959.0,
        "Gross Profit": 3927075.0,
        "Cost Of Revenue": 11947892.0,
        "Total Revenue": 15874967.0,
        "Operating Revenue": 15874967.0
    },
    "2022-09-30": {
        "Tax Effect Of Unusual Items": 0.0,
        "Tax Rate For Calcs": 0.0,
        "Normalized EBITDA": -4850674.0,
        "Total Unusual Items": -2405612.0,
        "Total Unusual Items Excluding Goodwill": -2405612.0,
        "Net Income From Continuing Operation Net Minority Interest": -8397208.0,
        "Reconciled Depreciation": 218953.0,
        "Reconciled Cost Of Revenue": 14948461.0,
        "EBITDA": -7256286.0,
        "EBIT": -7475239.0,
        "Net Interest Income": -921969.0,
        "Interest Expense": 921969.0,
        "Normalized Income": -5991596.0,
        "Net Income From Continuing And Discontinued Operation": -8397208.0,
        "Total Expenses": 24644580.0,
        "Total Operating Income As Reported": -5069627.0,
        "Diluted Average Shares": 9170922.0,
        "Basic Average Shares": 9170922.0,
        "Diluted EPS": -0.9,
        "Basic EPS": -0.9,
        "Diluted NI Availto Com Stockholders": -8397208.0,
        "Net Income Common Stockholders": -8397208.0,
        "Net Income": -8397208.0,
        "Net Income Including Noncontrolling Interests": -8397208.0,
        "Net Income Continuous Operations": -8397208.0,
        "Pretax Income": -8397208.0,
        "Other Income Expense": -2405612.0,
        "Special Income Charges": -2405612.0,
        "Other Special Charges": 2405612.0,
        "Net Non Operating Interest Income Expense": -921969.0,
        "Interest Expense Non Operating": 921969.0,
        "Operating Income": -5069627.0,
        "Operating Expense": 9696119.0,
        "Selling General And Administration": 9696119.0,
        "Selling And Marketing Expense": 7120133.0,
        "General And Administrative Expense": 2575986.0,
        "Other Gand A": 2575986.0,
        "Gross Profit": 4626492.0,
        "Cost Of Revenue": 14948461.0,
        "Total Revenue": 19574953.0,
        "Operating Revenue": 19574953.0
    },
    "2022-06-30": {
        "Tax Effect Of Unusual Items": 0.0,
        "Tax Rate For Calcs": 0.0,
        "Normalized EBITDA": -6103778.0,
        "Total Unusual Items": NaN,
        "Total Unusual Items Excluding Goodwill": NaN,
        "Net Income From Continuing Operation Net Minority Interest": -7493408.0,
        "Reconciled Depreciation": 187432.0,
        "Reconciled Cost Of Revenue": 13399774.0,
        "EBITDA": -6103778.0,
        "EBIT": -6291210.0,
        "Net Interest Income": -1202198.0,
        "Interest Expense": 1202198.0,
        "Normalized Income": -7493408.0,
        "Net Income From Continuing And Discontinued Operation": -7493408.0,
        "Total Expenses": 23185613.0,
        "Total Operating Income As Reported": -6291210.0,
        "Diluted Average Shares": 7844653.0,
        "Basic Average Shares": 7844653.0,
        "Diluted EPS": -0.96,
        "Basic EPS": -0.96,
        "Diluted NI Availto Com Stockholders": -7493408.0,
        "Net Income Common Stockholders": -7493408.0,
        "Net Income": -7493408.0,
        "Net Income Including Noncontrolling Interests": -7493408.0,
        "Net Income Continuous Operations": -7493408.0,
        "Pretax Income": -7493408.0,
        "Other Income Expense": NaN,
        "Special Income Charges": NaN,
        "Other Special Charges": NaN,
        "Net Non Operating Interest Income Expense": -1202198.0,
        "Interest Expense Non Operating": 1202198.0,
        "Operating Income": -6291210.0,
        "Operating Expense": 9785839.0,
        "Selling General And Administration": 9785839.0,
        "Selling And Marketing Expense": 6921846.0,
        "General And Administrative Expense": 2863993.0,
        "Other Gand A": 2863993.0,
        "Gross Profit": 3494629.0,
        "Cost Of Revenue": 13399774.0,
        "Total Revenue": 16894403.0,
        "Operating Revenue": 16894403.0
    },
    "2022-03-31": {
        "Diluted EPS": -1.65,
        "Total Revenue": 18,
        "Gross Profit": 2,
        "Operating Income": -11,
        "EBIT": -10,
        "Net Income": -11
    },
    "2021-12-31": {
        "Diluted EPS": -1.5,
        "Total Revenue": 13,
        "Gross Profit": 3,
        "Operating Income": -11,
        "EBIT": -11,
        "Net Income": -11
    },
    "2021-09-30": {
        "Diluted EPS": -1.65,
        "Total Revenue": 15,
        "Gross Profit": 5,
        "Operating Income": -10,
        "EBIT": -10,
        "Net Income": -10
    },
    "2021-06-30": {
        "Diluted EPS": -1.2,
        "Total Revenue": 14,
        "Gross Profit": 5,
        "Operating Income": -7,
        "EBIT": -7,
        "Net Income": -7
    },
    "2021-03-31": {
        "Diluted EPS": -1.05,
        "Total Revenue": 13,
        "Gross Profit": 5,
        "Operating Income": -5,
        "EBIT": -4,
        "Net Income": -5
    },
    "2020-12-31": {
        "Diluted EPS": -0.9,
        "Total Revenue": 10,
        "Gross Profit": 3,
        "Operating Income": -4,
        "EBIT": -4,
        "Net Income": -4
    },
    "2020-09-30": {
        "Diluted EPS": -0.9,
        "Total Revenue": 10,
        "Gross Profit": 4,
        "Operating Income": -4,
        "EBIT": -4,
        "Net Income": -4
    },
    "2020-06-30": {
        "Diluted EPS": -0.75,
        "Total Revenue": 13,
        "Gross Profit": 5,
        "Operating Income": -3,
        "EBIT": -3,
        "Net Income": -3
    },
    "2020-03-31": {
        "Diluted EPS": -1.2,
        "Total Revenue": 9,
        "Gross Profit": 1,
        "Operating Income": -4,
        "EBIT": -4,
        "Net Income": -4
    },
    "2019-12-31": {
        "Diluted EPS": -1.05,
        "Total Revenue": 8,
        "Gross Profit": 3,
        "Operating Income": -3,
        "EBIT": -2,
        "Net Income": -3
    },
    "2019-09-30": {
        "Diluted EPS": -1.05,
        "Total Revenue": 10,
        "Gross Profit": 4,
        "Operating Income": -3,
        "EBIT": -3,
        "Net Income": -3
    },
    "2019-06-30": {
        "Diluted EPS": -1.8,
        "Total Revenue": 10,
        "Gross Profit": 4,
        "Operating Income": -5,
        "EBIT": -5,
        "Net Income": -5
    },
    "2019-03-31": {
        "Diluted EPS": -1.35,
        "Total Revenue": 8,
        "Gross Profit": 3,
        "Operating Income": -3,
        "EBIT": -2,
        "Net Income": -3
    },
    "2018-12-31": {
        "Diluted EPS": -1.65,
        "Total Revenue": 8,
        "Gross Profit": 3,
        "Operating Income": -4,
        "EBIT": -4,
        "Net Income": -4
    },
    "2018-09-30": {
        "Diluted EPS": -0.45,
        "Total Revenue": 9,
        "Gross Profit": 4,
        "Operating Income": -1,
        "EBIT": -1,
        "Net Income": -1
    },
    "2018-06-30": {
        "Diluted EPS": -0.6,
        "Total Revenue": 8,
        "Gross Profit": 3,
        "Operating Income": -1,
        "EBIT": -1,
        "Net Income": -1
    },
    "2018-03-31": {
        "Diluted EPS": -0.6,
        "Total Revenue": 6,
        "Gross Profit": 2,
        "Operating Income": -1,
        "EBIT": -1,
        "Net Income": -1
    },
    "2017-12-31": {
        "Diluted EPS": -1.8,
        "Total Revenue": 4,
        "Gross Profit": 2,
        "Operating Income": -3,
        "EBIT": -2,
        "Net Income": -3
    },
    "2017-09-30": {
        "Diluted EPS": -0.9,
        "Total Revenue": 5,
        "Gross Profit": 2,
        "Operating Income": -1,
        "EBIT": 0,
        "Net Income": -1
    },
    "2017-06-30": {
        "Diluted EPS": -1.5,
        "Total Revenue": 5,
        "Gross Profit": 2,
        "Operating Income": -2,
        "EBIT": -2,
        "Net Income": -2
    },
    "2017-03-31": {
        "Diluted EPS": -0.6,
        "Total Revenue": 4,
        "Gross Profit": 2,
        "Operating Income": 0,
        "EBIT": 0,
        "Net Income": -1
    },
    "2016-12-31": {
        "Diluted EPS": -0.45,
        "Total Revenue": 3,
        "Gross Profit": 1,
        "Operating Income": 0,
        "EBIT": 0,
        "Net Income": 0
    },
    "2016-09-30": {
        "Diluted EPS": -1.2,
        "Total Revenue": 3,
        "Gross Profit": 1,
        "Operating Income": -1,
        "EBIT": -1,
        "Net Income": -1
    },
    "2016-06-30": {
        "Diluted EPS": -1.05,
        "Total Revenue": 3,
        "Gross Profit": 1,
        "Operating Income": -1,
        "EBIT": -1,
        "Net Income": -1
    },
    "2016-03-31": {
        "Diluted EPS": -13.49,
        "Total Revenue": 2,
        "Gross Profit": 1,
        "Operating Income": -4,
        "EBIT": -4,
        "Net Income": -5
    },
    "2015-12-31": {
        "Diluted EPS": -5.4,
        "Total Revenue": 2,
        "Gross Profit": 1,
        "Operating Income": -1,
        "EBIT": -1,
        "Net Income": -1
    },
    "2015-09-30": {
        "Diluted EPS": -5.1,
        "Total Revenue": 2,
        "Gross Profit": 1,
        "Operating Income": -1,
        "EBIT": -1,
        "Net Income": -1
    },
    "2015-06-30": {
        "Diluted EPS": -8.85,
        "Total Revenue": 2,
        "Gross Profit": 1,
        "Operating Income": -1,
        "EBIT": -1,
        "Net Income": -2
    },
    "2015-03-31": {
        "Diluted EPS": 0.0,
        "Total Revenue": NaN,
        "Gross Profit": NaN,
        "Operating Income": NaN,
        "EBIT": NaN,
        "Net Income": NaN
    },
    "2014-12-31": {
        "Diluted EPS": -4.8,
        "Total Revenue": 1,
        "Gross Profit": 0,
        "Operating Income": -1,
        "EBIT": -1,
        "Net Income": -1
    },
    "2014-03-31": {
        "Diluted EPS": 0.0,
        "Total Revenue": NaN,
        "Gross Profit": NaN,
        "Operating Income": NaN,
        "EBIT": NaN,
        "Net Income": NaN
    },
    "2013-12-31": {
        "Diluted EPS": 0.0,
        "Total Revenue": 0,
        "Gross Profit": 0,
        "Operating Income": 0,
        "EBIT": 0,
        "Net Income": -2
    },
    "2023-03-31": {
        "Tax Effect Of Unusual Items": 0.0,
        "Tax Rate For Calcs": 0.0,
        "Normalized EBITDA": -6816313.0,
        "Total Unusual Items": 0.0,
        "Total Unusual Items Excluding Goodwill": 0.0,
        "Net Income From Continuing Operation Net Minority Interest": -7528122.0,
        "Reconciled Depreciation": 289978.0,
        "Reconciled Cost Of Revenue": 11835035.0,
        "EBITDA": -6816313.0,
        "EBIT": -7106291.0,
        "Net Interest Income": -421831.0,
        "Interest Expense": 421831.0,
        "Normalized Income": -7528122.0,
        "Net Income From Continuing And Discontinued Operation": -7528122.0,
        "Total Expenses": 19606204.0,
        "Total Operating Income As Reported": -7106291.0,
        "Diluted Average Shares": NaN,
        "Basic Average Shares": NaN,
        "Diluted EPS": NaN,
        "Basic EPS": NaN,
        "Diluted NI Availto Com Stockholders": -7528122.0,
        "Net Income Common Stockholders": -7528122.0,
        "Net Income": -7528122.0,
        "Net Income Including Noncontrolling Interests": -7528122.0,
        "Net Income Continuous Operations": -7528122.0,
        "Pretax Income": -7528122.0,
        "Other Income Expense": 0.0,
        "Special Income Charges": 0.0,
        "Other Special Charges": 0.0,
        "Net Non Operating Interest Income Expense": -421831.0,
        "Interest Expense Non Operating": 421831.0,
        "Operating Income": -7106291.0,
        "Operating Expense": 7771169.0,
        "Selling General And Administration": 7771169.0,
        "Selling And Marketing Expense": 4735934.0,
        "General And Administrative Expense": 3035235.0,
        "Other Gand A": 3035235.0,
        "Gross Profit": 664878.0,
        "Cost Of Revenue": 11835035.0,
        "Total Revenue": 12499913.0,
        "Operating Revenue": 12499913.0
    },
    "2023-06-30": {
        "Tax Effect Of Unusual Items": 0.0,
        "Tax Rate For Calcs": 0.0,
        "Normalized EBITDA": -2163655.0,
        "Total Unusual Items": NaN,
        "Total Unusual Items Excluding Goodwill": NaN,
        "Net Income From Continuing Operation Net Minority Interest": -2840938.0,
        "Reconciled Depreciation": 253515.0,
        "Reconciled Cost Of Revenue": 11162216.0,
        "EBITDA": -2163655.0,
        "EBIT": -2417170.0,
        "Net Interest Income": -423768.0,
        "Interest Expense": 423768.0,
        "Normalized Income": -2840938.0,
        "Net Income From Continuing And Discontinued Operation": -2840938.0,
        "Total Expenses": 17350955.0,
        "Total Operating Income As Reported": -2417170.0,
        "Diluted Average Shares": 10293276.0,
        "Basic Average Shares": 10293276.0,
        "Diluted EPS": -0.28,
        "Basic EPS": -0.28,
        "Diluted NI Availto Com Stockholders": -2840938.0,
        "Net Income Common Stockholders": -2840938.0,
        "Net Income": -2840938.0,
        "Net Income Including Noncontrolling Interests": -2840938.0,
        "Net Income Continuous Operations": -2840938.0,
        "Pretax Income": -2840938.0,
        "Other Income Expense": NaN,
        "Special Income Charges": NaN,
        "Other Special Charges": NaN,
        "Net Non Operating Interest Income Expense": -423768.0,
        "Interest Expense Non Operating": 423768.0,
        "Operating Income": -2417170.0,
        "Operating Expense": 6188739.0,
        "Selling General And Administration": 6188739.0,
        "Selling And Marketing Expense": 4614499.0,
        "General And Administrative Expense": 1574240.0,
        "Other Gand A": 1574240.0,
        "Gross Profit": 3771569.0,
        "Cost Of Revenue": 11162216.0,
        "Total Revenue": 14933785.0,
        "Operating Revenue": 14933785.0
    }
}