{
    "2023-06-30": {
        "Tax Effect Of Unusual Items": NaN,
        "Tax Rate For Calcs": NaN,
        "Total Unusual Items": NaN,
        "Total Unusual Items Excluding Goodwill": NaN,
        "Net Income From Continuing Operation Net Minority Interest": NaN,
        "Reconciled Depreciation": NaN,
        "Net Interest Income": NaN,
        "Interest Expense": NaN,
        "Interest Income": NaN,
        "Normalized Income": NaN,
        "Net Income From Continuing And Discontinued Operation": NaN,
        "Diluted Average Shares": NaN,
        "Basic Average Shares": NaN,
        "Diluted EPS": NaN,
        "Basic EPS": NaN,
        "Diluted NI Availto Com Stockholders": NaN,
        "Net Income Common Stockholders": NaN,
        "Preferred Stock Dividends": NaN,
        "Net Income": NaN,
        "Net Income Including Noncontrolling Interests": NaN,
        "Net Income Continuous Operations": NaN,
        "Tax Provision": NaN,
        "Pretax Income": NaN,
        "Special Income Charges": NaN,
        "Other Special Charges": NaN,
        "Gain On Sale Of Security": NaN,
        "Depreciation Amortization Depletion Income Statement": NaN,
        "Depreciation And Amortization In Income Statement": NaN,
        "Amortization": NaN,
        "Amortization Of Intangibles Income Statement": NaN,
        "Depreciation Income Statement": 9816000.0,
        "Selling General And Administration": NaN,
        "Selling And Marketing Expense": NaN,
        "General And Administrative Expense": NaN,
        "Insurance And Claims": NaN,
        "Salaries And Wages": NaN,
        "Total Revenue": NaN,
        "Operating Revenue": NaN,
        "Occupancy And Equipment": NaN,
        "Professional Expense And Contract Services Expense": NaN,
        "Other Non Interest Expense": NaN
    },
    "2023-03-31": {
        "Tax Effect Of Unusual Items": NaN,
        "Tax Rate For Calcs": NaN,
        "Total Unusual Items": NaN,
        "Total Unusual Items Excluding Goodwill": NaN,
        "Net Income From Continuing Operation Net Minority Interest": NaN,
        "Reconciled Depreciation": NaN,
        "Net Interest Income": NaN,
        "Interest Expense": NaN,
        "Interest Income": NaN,
        "Normalized Income": NaN,
        "Net Income From Continuing And Discontinued Operation": NaN,
        "Diluted Average Shares": NaN,
        "Basic Average Shares": NaN,
        "Diluted EPS": NaN,
        "Basic EPS": NaN,
        "Diluted NI Availto Com Stockholders": NaN,
        "Net Income Common Stockholders": NaN,
        "Preferred Stock Dividends": NaN,
        "Net Income": NaN,
        "Net Income Including Noncontrolling Interests": NaN,
        "Net Income Continuous Operations": NaN,
        "Tax Provision": NaN,
        "Pretax Income": NaN,
        "Special Income Charges": NaN,
        "Other Special Charges": 93000.0,
        "Gain On Sale Of Security": NaN,
        "Depreciation Amortization Depletion Income Statement": NaN,
        "Depreciation And Amortization In Income Statement": NaN,
        "Amortization": NaN,
        "Amortization Of Intangibles Income Statement": NaN,
        "Depreciation Income Statement": NaN,
        "Selling General And Administration": NaN,
        "Selling And Marketing Expense": NaN,
        "General And Administrative Expense": NaN,
        "Insurance And Claims": NaN,
        "Salaries And Wages": NaN,
        "Total Revenue": NaN,
        "Operating Revenue": NaN,
        "Occupancy And Equipment": NaN,
        "Professional Expense And Contract Services Expense": NaN,
        "Other Non Interest Expense": NaN
    },
    "2022-12-31": {
        "Tax Effect Of Unusual Items": 0.0,
        "Tax Rate For Calcs": 0.258007,
        "Total Unusual Items": NaN,
        "Total Unusual Items Excluding Goodwill": NaN,
        "Net Income From Continuing Operation Net Minority Interest": 144817000.0,
        "Reconciled Depreciation": 17344000.0,
        "Net Interest Income": 456816000.0,
        "Interest Expense": 123929000.0,
        "Interest Income": 580745000.0,
        "Normalized Income": 144817000.0,
        "Net Income From Continuing And Discontinued Operation": 144817000.0,
        "Diluted Average Shares": 61865000.0,
        "Basic Average Shares": 60769000.0,
        "Diluted EPS": 2.23,
        "Basic EPS": 2.27,
        "Diluted NI Availto Com Stockholders": 137826000.0,
        "Net Income Common Stockholders": 137826000.0,
        "Preferred Stock Dividends": 6991000.0,
        "Net Income": 144817000.0,
        "Net Income Including Noncontrolling Interests": 144817000.0,
        "Net Income Continuous Operations": 144817000.0,
        "Tax Provision": 50356000.0,
        "Pretax Income": 195173000.0,
        "Special Income Charges": NaN,
        "Other Special Charges": NaN,
        "Gain On Sale Of Security": -6745000.0,
        "Depreciation Amortization Depletion Income Statement": 11514000.0,
        "Depreciation And Amortization In Income Statement": 11514000.0,
        "Amortization": 1436000.0,
        "Amortization Of Intangibles Income Statement": 1436000.0,
        "Depreciation Income Statement": 10078000.0,
        "Selling General And Administration": 201385000.0,
        "Selling And Marketing Expense": 14279000.0,
        "General And Administrative Expense": 187106000.0,
        "Insurance And Claims": 6775000.0,
        "Salaries And Wages": 180331000.0,
        "Total Revenue": 553155000.0,
        "Operating Revenue": 553155000.0
    },
    "2022-09-30": {
        "Tax Effect Of Unusual Items": 0.0,
        "Tax Rate For Calcs": 0.2853,
        "Total Unusual Items": NaN,
        "Total Unusual Items Excluding Goodwill": NaN,
        "Net Income From Continuing Operation Net Minority Interest": 142961000.0,
        "Reconciled Depreciation": 10940000.0,
        "Net Interest Income": 401448000.0,
        "Interest Expense": 65030000.0,
        "Interest Income": 466478000.0,
        "Normalized Income": 142961000.0,
        "Net Income From Continuing And Discontinued Operation": 142961000.0,
        "Diluted Average Shares": 61575000.0,
        "Basic Average Shares": 60738000.0,
        "Diluted EPS": 2.21,
        "Basic EPS": 2.24,
        "Diluted NI Availto Com Stockholders": 135970000.0,
        "Net Income Common Stockholders": 135970000.0,
        "Preferred Stock Dividends": 6991000.0,
        "Net Income": 142961000.0,
        "Net Income Including Noncontrolling Interests": 142961000.0,
        "Net Income Continuous Operations": 142961000.0,
        "Tax Provision": 57080000.0,
        "Pretax Income": 200041000.0,
        "Special Income Charges": NaN,
        "Other Special Charges": NaN,
        "Restructuring And Mergern Acquisition": NaN,
        "Gain On Sale Of Security": -3330000.0,
        "Depreciation Amortization Depletion Income Statement": 10940000.0,
        "Depreciation And Amortization In Income Statement": 10940000.0,
        "Amortization": 1492000.0,
        "Amortization Of Intangibles Income Statement": 1492000.0,
        "Depreciation Income Statement": 9448000.0,
        "Selling General And Administration": 199881000.0,
        "Selling And Marketing Expense": 16600000.0,
        "General And Administrative Expense": 183281000.0,
        "Insurance And Claims": 7186000.0,
        "Salaries And Wages": 176095000.0,
        "Total Revenue": 502703000.0,
        "Operating Revenue": 502703000.0
    },
    "2022-06-30": {
        "Tax Effect Of Unusual Items": 0.0,
        "Tax Rate For Calcs": 0.2821,
        "Total Unusual Items": NaN,
        "Total Unusual Items Excluding Goodwill": NaN,
        "Net Income From Continuing Operation Net Minority Interest": 94513000.0,
        "Reconciled Depreciation": 10353000.0,
        "Net Interest Income": 337804000.0,
        "Interest Expense": 34164000.0,
        "Interest Income": 371968000.0,
        "Normalized Income": 94513000.0,
        "Net Income From Continuing And Discontinued Operation": 94513000.0,
        "Diluted Average Shares": 58838000.0,
        "Basic Average Shares": 58063000.0,
        "Diluted EPS": 1.49,
        "Basic EPS": 1.51,
        "Diluted NI Availto Com Stockholders": 87522000.0,
        "Net Income Common Stockholders": 87522000.0,
        "Preferred Stock Dividends": 6991000.0,
        "Net Income": 94513000.0,
        "Net Income Including Noncontrolling Interests": 94513000.0,
        "Net Income Continuous Operations": 94513000.0,
        "Tax Provision": 37148000.0,
        "Pretax Income": 131661000.0,
        "Special Income Charges": NaN,
        "Other Special Charges": NaN,
        "Restructuring And Mergern Acquisition": NaN,
        "Gain On Sale Of Security": -7721000.0,
        "Depreciation Amortization Depletion Income Statement": 10353000.0,
        "Depreciation And Amortization In Income Statement": 10353000.0,
        "Amortization": 1579000.0,
        "Amortization Of Intangibles Income Statement": 1579000.0,
        "Depreciation Income Statement": 8774000.0,
        "Selling General And Administration": 190890000.0,
        "Selling And Marketing Expense": 16615000.0,
        "General And Administrative Expense": 174275000.0,
        "Insurance And Claims": 6949000.0,
        "Salaries And Wages": 167326000.0,
        "Total Revenue": 440822000.0,
        "Operating Revenue": 440822000.0
    },
    "2022-03-31": {
        "Diluted EPS": 2.07,
        "Total Revenue": 491,
        "Gross Profit": 462,
        "Operating Income": 174,
        "EBIT": NaN,
        "Net Income": 120
    },
    "2021-12-31": {
        "Diluted EPS": 1.57,
        "Total Revenue": 462,
        "Gross Profit": 430,
        "Operating Income": 137,
        "EBIT": NaN,
        "Net Income": 92
    },
    "2021-09-30": {
        "Diluted EPS": 1.77,
        "Total Revenue": 459,
        "Gross Profit": 424,
        "Operating Income": 150,
        "EBIT": NaN,
        "Net Income": 102
    },
    "2021-06-30": {
        "Diluted EPS": 1.7,
        "Total Revenue": 449,
        "Gross Profit": 409,
        "Operating Income": 144,
        "EBIT": NaN,
        "Net Income": 98
    },
    "2021-03-31": {
        "Diluted EPS": 2.54,
        "Total Revenue": 492,
        "Gross Profit": 448,
        "Operating Income": 207,
        "EBIT": NaN,
        "Net Income": 146
    },
    "2020-12-31": {
        "Diluted EPS": 1.63,
        "Total Revenue": 466,
        "Gross Profit": 418,
        "Operating Income": 135,
        "EBIT": NaN,
        "Net Income": 94
    },
    "2020-09-30": {
        "Diluted EPS": 1.67,
        "Total Revenue": 482,
        "Gross Profit": 427,
        "Operating Income": 137,
        "EBIT": NaN,
        "Net Income": 97
    },
    "2020-06-30": {
        "Diluted EPS": 0.34,
        "Total Revenue": 492,
        "Gross Profit": 425,
        "Operating Income": 31,
        "EBIT": NaN,
        "Net Income": 20
    },
    "2020-03-31": {
        "Diluted EPS": 1.04,
        "Total Revenue": 457,
        "Gross Profit": 375,
        "Operating Income": 87,
        "EBIT": NaN,
        "Net Income": 61
    },
    "2019-12-31": {
        "Diluted EPS": 1.44,
        "Total Revenue": 462,
        "Gross Profit": 374,
        "Operating Income": 117,
        "EBIT": NaN,
        "Net Income": 84
    },
    "2019-09-30": {
        "Diluted EPS": 1.69,
        "Total Revenue": 470,
        "Gross Profit": 380,
        "Operating Income": 135,
        "EBIT": NaN,
        "Net Income": 97
    },
    "2019-06-30": {
        "Diluted EPS": 1.38,
        "Total Revenue": 445,
        "Gross Profit": 364,
        "Operating Income": 110,
        "EBIT": NaN,
        "Net Income": 79
    },
    "2019-03-31": {
        "Diluted EPS": 1.52,
        "Total Revenue": 416,
        "Gross Profit": 344,
        "Operating Income": 119,
        "EBIT": NaN,
        "Net Income": 87
    },
    "2018-12-31": {
        "Diluted EPS": 1.36,
        "Total Revenue": 396,
        "Gross Profit": 329,
        "Operating Income": 108,
        "EBIT": NaN,
        "Net Income": 78
    },
    "2018-09-30": {
        "Diluted EPS": 1.57,
        "Total Revenue": 405,
        "Gross Profit": 347,
        "Operating Income": 123,
        "EBIT": NaN,
        "Net Income": 90
    },
    "2018-06-30": {
        "Diluted EPS": 1.53,
        "Total Revenue": 379,
        "Gross Profit": 333,
        "Operating Income": 122,
        "EBIT": NaN,
        "Net Income": 88
    },
    "2018-03-31": {
        "Diluted EPS": 1.4,
        "Total Revenue": 347,
        "Gross Profit": 311,
        "Operating Income": 108,
        "EBIT": NaN,
        "Net Income": 80
    },
    "2017-12-31": {
        "Diluted EPS": 1.17,
        "Total Revenue": 333,
        "Gross Profit": 300,
        "Operating Income": 96,
        "EBIT": NaN,
        "Net Income": 67
    },
    "2017-09-30": {
        "Diluted EPS": 1.12,
        "Total Revenue": 327,
        "Gross Profit": 296,
        "Operating Income": 104,
        "EBIT": NaN,
        "Net Income": 64
    },
    "2017-06-30": {
        "Diluted EPS": 1.11,
        "Total Revenue": 321,
        "Gross Profit": 294,
        "Operating Income": 102,
        "EBIT": NaN,
        "Net Income": 63
    },
    "2017-03-31": {
        "Diluted EPS": 1.0,
        "Total Revenue": 285,
        "Gross Profit": 261,
        "Operating Income": 88,
        "EBIT": NaN,
        "Net Income": 55
    },
    "2016-12-31": {
        "Diluted EPS": 0.94,
        "Total Revenue": 300,
        "Gross Profit": 276,
        "Operating Income": 88,
        "EBIT": NaN,
        "Net Income": 51
    },
    "2016-09-30": {
        "Diluted EPS": 0.92,
        "Total Revenue": 295,
        "Gross Profit": 271,
        "Operating Income": 85,
        "EBIT": NaN,
        "Net Income": 49
    },
    "2016-06-30": {
        "Diluted EPS": 0.9,
        "Total Revenue": 282,
        "Gross Profit": 260,
        "Operating Income": 80,
        "EBIT": NaN,
        "Net Income": 46
    },
    "2016-03-31": {
        "Diluted EPS": 0.9,
        "Total Revenue": 261,
        "Gross Profit": 240,
        "Operating Income": 78,
        "EBIT": NaN,
        "Net Income": 45
    },
    "2015-12-31": {
        "Diluted EPS": 0.63,
        "Total Revenue": 253,
        "Gross Profit": 232,
        "Operating Income": 56,
        "EBIT": NaN,
        "Net Income": 32
    },
    "2015-09-30": {
        "Diluted EPS": 0.69,
        "Total Revenue": 250,
        "Gross Profit": 230,
        "Operating Income": 62,
        "EBIT": NaN,
        "Net Income": 34
    },
    "2015-06-30": {
        "Diluted EPS": 0.85,
        "Total Revenue": 252,
        "Gross Profit": 234,
        "Operating Income": 70,
        "EBIT": NaN,
        "Net Income": 42
    },
    "2015-03-31": {
        "Diluted EPS": 0.76,
        "Total Revenue": 235,
        "Gross Profit": 216,
        "Operating Income": 63,
        "EBIT": NaN,
        "Net Income": 37
    },
    "2014-12-31": {
        "Diluted EPS": 0.75,
        "Total Revenue": 230,
        "Gross Profit": 211,
        "Operating Income": 62,
        "EBIT": NaN,
        "Net Income": 37
    },
    "2014-09-30": {
        "Diluted EPS": 0.79,
        "Total Revenue": 229,
        "Gross Profit": 210,
        "Operating Income": 65,
        "EBIT": NaN,
        "Net Income": 39
    },
    "2014-06-30": {
        "Diluted EPS": 0.76,
        "Total Revenue": 221,
        "Gross Profit": 203,
        "Operating Income": 63,
        "EBIT": NaN,
        "Net Income": 37
    },
    "2014-03-31": {
        "Diluted EPS": 0.68,
        "Total Revenue": 207,
        "Gross Profit": 190,
        "Operating Income": 56,
        "EBIT": NaN,
        "Net Income": 33
    },
    "2013-12-31": {
        "Diluted EPS": 0.7,
        "Total Revenue": 207,
        "Gross Profit": 189,
        "Operating Income": 58,
        "EBIT": NaN,
        "Net Income": 34
    },
    "2013-09-30": {
        "Diluted EPS": 0.71,
        "Total Revenue": 216,
        "Gross Profit": 196,
        "Operating Income": 58,
        "EBIT": NaN,
        "Net Income": 34
    },
    "2013-06-30": {
        "Diluted EPS": 0.69,
        "Total Revenue": 221,
        "Gross Profit": 200,
        "Operating Income": 56,
        "EBIT": NaN,
        "Net Income": 32
    },
    "2013-03-31": {
        "Diluted EPS": 0.65,
        "Total Revenue": 210,
        "Gross Profit": 188,
        "Operating Income": 52,
        "EBIT": NaN,
        "Net Income": 29
    },
    "2012-12-31": {
        "Diluted EPS": 0.63,
        "Total Revenue": 222,
        "Gross Profit": 198,
        "Operating Income": 49,
        "EBIT": NaN,
        "Net Income": 28
    },
    "2012-09-30": {
        "Diluted EPS": 0.66,
        "Total Revenue": 221,
        "Gross Profit": 196,
        "Operating Income": 52,
        "EBIT": NaN,
        "Net Income": 30
    },
    "2012-06-30": {
        "Diluted EPS": 0.52,
        "Total Revenue": 207,
        "Gross Profit": 179,
        "Operating Income": 41,
        "EBIT": NaN,
        "Net Income": 23
    },
    "2012-03-31": {
        "Diluted EPS": 0.5,
        "Total Revenue": 204,
        "Gross Profit": 173,
        "Operating Income": 38,
        "EBIT": NaN,
        "Net Income": 22
    },
    "2011-12-31": {
        "Diluted EPS": 0.41,
        "Total Revenue": 203,
        "Gross Profit": 170,
        "Operating Income": 32,
        "EBIT": NaN,
        "Net Income": 18
    },
    "2011-09-30": {
        "Diluted EPS": 0.65,
        "Total Revenue": 222,
        "Gross Profit": 186,
        "Operating Income": 50,
        "EBIT": NaN,
        "Net Income": 29
    },
    "2011-06-30": {
        "Diluted EPS": 0.25,
        "Total Revenue": 182,
        "Gross Profit": 145,
        "Operating Income": 19,
        "EBIT": NaN,
        "Net Income": 11
    },
    "2011-03-31": {
        "Diluted EPS": 0.36,
        "Total Revenue": 189,
        "Gross Profit": 151,
        "Operating Income": 27,
        "EBIT": NaN,
        "Net Income": 15
    },
    "2010-12-31": {
        "Diluted EPS": -0.11,
        "Total Revenue": 198,
        "Gross Profit": 157,
        "Operating Income": 22,
        "EBIT": NaN,
        "Net Income": -2
    },
    "2010-09-30": {
        "Diluted EPS": 0.47,
        "Total Revenue": 202,
        "Gross Profit": 158,
        "Operating Income": 32,
        "EBIT": NaN,
        "Net Income": 15
    },
    "2010-06-30": {
        "Diluted EPS": 0.25,
        "Total Revenue": 200,
        "Gross Profit": 155,
        "Operating Income": 21,
        "EBIT": NaN,
        "Net Income": 8
    },
    "2010-03-31": {
        "Diluted EPS": 0.41,
        "Total Revenue": 185,
        "Gross Profit": 138,
        "Operating Income": 25,
        "EBIT": NaN,
        "Net Income": 11
    },
    "2009-12-31": {
        "Diluted EPS": 0.99,
        "Total Revenue": 222,
        "Gross Profit": 172,
        "Operating Income": 43,
        "EBIT": NaN,
        "Net Income": 23
    },
    "2009-09-30": {
        "Diluted EPS": 1.07,
        "Total Revenue": 292,
        "Gross Profit": 238,
        "Operating Income": 55,
        "EBIT": NaN,
        "Net Income": 27
    },
    "2009-06-30": {
        "Diluted EPS": 0.06,
        "Total Revenue": 173,
        "Gross Profit": 118,
        "Operating Income": 10,
        "EBIT": NaN,
        "Net Income": 2
    },
    "2009-03-31": {
        "Diluted EPS": 0.06,
        "Total Revenue": 159,
        "Gross Profit": 101,
        "Operating Income": 10,
        "EBIT": NaN,
        "Net Income": 1
    },
    "2023-09-30": {
        "Tax Effect Of Unusual Items": NaN,
        "Tax Rate For Calcs": NaN,
        "Total Unusual Items": NaN,
        "Total Unusual Items Excluding Goodwill": NaN,
        "Net Income From Continuing Operation Net Minority Interest": NaN,
        "Reconciled Depreciation": NaN,
        "Net Interest Income": NaN,
        "Interest Expense": NaN,
        "Interest Income": NaN,
        "Normalized Income": NaN,
        "Net Income From Continuing And Discontinued Operation": NaN,
        "Diluted Average Shares": NaN,
        "Basic Average Shares": NaN,
        "Diluted EPS": NaN,
        "Basic EPS": NaN,
        "Diluted NI Availto Com Stockholders": NaN,
        "Net Income Common Stockholders": NaN,
        "Preferred Stock Dividends": NaN,
        "Net Income": NaN,
        "Net Income Including Noncontrolling Interests": NaN,
        "Net Income Continuous Operations": NaN,
        "Tax Provision": NaN,
        "Pretax Income": NaN,
        "Special Income Charges": NaN,
        "Other Special Charges": NaN,
        "Restructuring And Mergern Acquisition": NaN,
        "Gain On Sale Of Security": NaN,
        "Depreciation Amortization Depletion Income Statement": NaN,
        "Depreciation And Amortization In Income Statement": NaN,
        "Amortization": NaN,
        "Amortization Of Intangibles Income Statement": NaN,
        "Depreciation Income Statement": 12020000.0,
        "Selling General And Administration": NaN,
        "Selling And Marketing Expense": NaN,
        "General And Administrative Expense": NaN,
        "Insurance And Claims": NaN,
        "Salaries And Wages": NaN,
        "Total Revenue": NaN,
        "Operating Revenue": NaN,
        "Occupancy And Equipment": NaN,
        "Professional Expense And Contract Services Expense": NaN,
        "Other Non Interest Expense": NaN
    },
    "2023-12-31": {
        "Tax Effect Of Unusual Items": NaN,
        "Tax Rate For Calcs": NaN,
        "Total Unusual Items": NaN,
        "Total Unusual Items Excluding Goodwill": NaN,
        "Net Income From Continuing Operation Net Minority Interest": NaN,
        "Reconciled Depreciation": NaN,
        "Net Interest Income": NaN,
        "Interest Expense": NaN,
        "Interest Income": NaN,
        "Normalized Income": NaN,
        "Net Income From Continuing And Discontinued Operation": NaN,
        "Diluted Average Shares": NaN,
        "Basic Average Shares": NaN,
        "Diluted EPS": NaN,
        "Basic EPS": NaN,
        "Diluted NI Availto Com Stockholders": NaN,
        "Net Income Common Stockholders": NaN,
        "Preferred Stock Dividends": NaN,
        "Net Income": NaN,
        "Net Income Including Noncontrolling Interests": NaN,
        "Net Income Continuous Operations": NaN,
        "Tax Provision": NaN,
        "Pretax Income": NaN,
        "Special Income Charges": NaN,
        "Other Special Charges": NaN,
        "Restructuring And Mergern Acquisition": NaN,
        "Gain On Sale Of Security": NaN,
        "Depreciation Amortization Depletion Income Statement": NaN,
        "Depreciation And Amortization In Income Statement": NaN,
        "Amortization": NaN,
        "Amortization Of Intangibles Income Statement": NaN,
        "Depreciation Income Statement": 10694000.0,
        "Selling General And Administration": NaN,
        "Selling And Marketing Expense": NaN,
        "General And Administrative Expense": NaN,
        "Insurance And Claims": NaN,
        "Salaries And Wages": NaN,
        "Total Revenue": NaN,
        "Operating Revenue": NaN,
        "Occupancy And Equipment": NaN,
        "Professional Expense And Contract Services Expense": NaN,
        "Other Non Interest Expense": NaN
    },
    "2024-03-31": {
        "Tax Effect Of Unusual Items": NaN,
        "Tax Rate For Calcs": NaN,
        "Total Unusual Items": NaN,
        "Total Unusual Items Excluding Goodwill": NaN,
        "Net Income From Continuing Operation Net Minority Interest": NaN,
        "Reconciled Depreciation": NaN,
        "Net Interest Income": NaN,
        "Interest Expense": NaN,
        "Interest Income": NaN,
        "Normalized Income": NaN,
        "Net Income From Continuing And Discontinued Operation": NaN,
        "Diluted Average Shares": NaN,
        "Basic Average Shares": NaN,
        "Diluted EPS": NaN,
        "Basic EPS": NaN,
        "Diluted NI Availto Com Stockholders": NaN,
        "Net Income Common Stockholders": NaN,
        "Preferred Stock Dividends": NaN,
        "Net Income": NaN,
        "Net Income Including Noncontrolling Interests": NaN,
        "Net Income Continuous Operations": NaN,
        "Tax Provision": NaN,
        "Pretax Income": NaN,
        "Special Income Charges": NaN,
        "Other Special Charges": 5010000.0,
        "Restructuring And Mergern Acquisition": NaN,
        "Gain On Sale Of Security": NaN,
        "Depreciation Amortization Depletion Income Statement": NaN,
        "Depreciation And Amortization In Income Statement": NaN,
        "Amortization": NaN,
        "Amortization Of Intangibles Income Statement": NaN,
        "Depreciation Income Statement": 10683000.0,
        "Selling General And Administration": NaN,
        "Selling And Marketing Expense": NaN,
        "General And Administrative Expense": NaN,
        "Insurance And Claims": NaN,
        "Salaries And Wages": NaN,
        "Total Revenue": NaN,
        "Operating Revenue": NaN,
        "Occupancy And Equipment": NaN,
        "Professional Expense And Contract Services Expense": NaN,
        "Other Non Interest Expense": NaN
    },
    "2024-06-30": {
        "Tax Effect Of Unusual Items": 0.0,
        "Tax Rate For Calcs": 0.279,
        "Total Unusual Items": 0.0,
        "Total Unusual Items Excluding Goodwill": 0.0,
        "Net Income From Continuing Operation Net Minority Interest": 152388000.0,
        "Reconciled Depreciation": 23678000.0,
        "Net Interest Income": 470610000.0,
        "Interest Expense": 379369000.0,
        "Interest Income": 849979000.0,
        "Normalized Income": 152388000.0,
        "Net Income From Continuing And Discontinued Operation": 152388000.0,
        "Diluted Average Shares": NaN,
        "Basic Average Shares": NaN,
        "Diluted EPS": NaN,
        "Basic EPS": NaN,
        "Diluted NI Availto Com Stockholders": 145397000.0,
        "Net Income Common Stockholders": 145397000.0,
        "Preferred Stock Dividends": 6991000.0,
        "Net Income": 152388000.0,
        "Net Income Including Noncontrolling Interests": 152388000.0,
        "Net Income Continuous Operations": 152388000.0,
        "Tax Provision": 58955000.0,
        "Pretax Income": 211343000.0,
        "Special Income Charges": 0.0,
        "Other Special Charges": NaN,
        "Restructuring And Mergern Acquisition": NaN,
        "Gain On Sale Of Security": -4282000.0,
        "Depreciation Amortization Depletion Income Statement": 1122000.0,
        "Depreciation And Amortization In Income Statement": 1122000.0,
        "Amortization": 1122000.0,
        "Amortization Of Intangibles Income Statement": 1122000.0,
        "Depreciation Income Statement": 10834000.0,
        "Selling General And Administration": 226406000.0,
        "Selling And Marketing Expense": 17436000.0,
        "General And Administrative Expense": 208970000.0,
        "Insurance And Claims": 10429000.0,
        "Salaries And Wages": 198541000.0,
        "Total Revenue": 591757000.0,
        "Operating Revenue": 591757000.0,
        "Occupancy And Equipment": 59650000.0,
        "Professional Expense And Contract Services Expense": 9967000.0,
        "Other Non Interest Expense": 43208000.0
    },
    "2024-09-30": {
        "Tax Effect Of Unusual Items": 0.0,
        "Tax Rate For Calcs": 0.2695,
        "Total Unusual Items": 0.0,
        "Total Unusual Items Excluding Goodwill": 0.0,
        "Net Income From Continuing Operation Net Minority Interest": 170001000.0,
        "Reconciled Depreciation": 25742000.0,
        "Net Interest Income": 502583000.0,
        "Interest Expense": 406021000.0,
        "Interest Income": 908604000.0,
        "Normalized Income": 170001000.0,
        "Net Income From Continuing And Discontinued Operation": 170001000.0,
        "Diluted Average Shares": 65941000.0,
        "Basic Average Shares": 64888000.0,
        "Diluted EPS": 2.47,
        "Basic EPS": 2.51,
        "Diluted NI Availto Com Stockholders": 163010000.0,
        "Net Income Common Stockholders": 163010000.0,
        "Preferred Stock Dividends": 6991000.0,
        "Net Income": 170001000.0,
        "Net Income Including Noncontrolling Interests": 170001000.0,
        "Net Income Continuous Operations": 170001000.0,
        "Tax Provision": 62708000.0,
        "Pretax Income": 232709000.0,
        "Special Income Charges": 0.0,
        "Other Special Charges": NaN,
        "Restructuring And Mergern Acquisition": NaN,
        "Gain On Sale Of Security": 3189000.0,
        "Depreciation Amortization Depletion Income Statement": 4042000.0,
        "Depreciation And Amortization In Income Statement": 4042000.0,
        "Amortization": 4042000.0,
        "Amortization Of Intangibles Income Statement": 4042000.0,
        "Depreciation Income Statement": NaN,
        "Selling General And Administration": 240012000.0,
        "Selling And Marketing Expense": 18239000.0,
        "General And Administrative Expense": 221773000.0,
        "Insurance And Claims": 10512000.0,
        "Salaries And Wages": 211261000.0,
        "Total Revenue": 615730000.0,
        "Operating Revenue": 615730000.0,
        "Occupancy And Equipment": 62037000.0,
        "Professional Expense And Contract Services Expense": 9783000.0,
        "Other Non Interest Expense": 44813000.0
    },
    "2024-12-31": {
        "Tax Effect Of Unusual Items": -24884.787874,
        "Tax Rate For Calcs": 0.267578,
        "Total Unusual Items": -93000.0,
        "Total Unusual Items Excluding Goodwill": -93000.0,
        "Net Income From Continuing Operation Net Minority Interest": 185362000.0,
        "Reconciled Depreciation": 29195000.0,
        "Net Interest Income": 525148000.0,
        "Interest Expense": 388353000.0,
        "Interest Income": 913501000.0,
        "Normalized Income": 185430115.212126,
        "Net Income From Continuing And Discontinued Operation": 185362000.0,
        "Diluted Average Shares": 67724000.0,
        "Basic Average Shares": 66491000.0,
        "Diluted EPS": 2.63,
        "Basic EPS": 2.68,
        "Diluted NI Availto Com Stockholders": 178371000.0,
        "Net Income Common Stockholders": 178371000.0,
        "Preferred Stock Dividends": 6991000.0,
        "Net Income": 185362000.0,
        "Net Income Including Noncontrolling Interests": 185362000.0,
        "Net Income Continuous Operations": 185362000.0,
        "Tax Provision": 67719000.0,
        "Pretax Income": 253081000.0,
        "Special Income Charges": -93000.0,
        "Other Special Charges": 93000.0,
        "Restructuring And Mergern Acquisition": NaN,
        "Gain On Sale Of Security": -2835000.0,
        "Depreciation Amortization Depletion Income Statement": 5773000.0,
        "Depreciation And Amortization In Income Statement": 5773000.0,
        "Amortization": 5773000.0,
        "Amortization Of Intangibles Income Statement": 5773000.0,
        "Depreciation Income Statement": NaN,
        "Selling General And Administration": 235870000.0,
        "Selling And Marketing Expense": 13097000.0,
        "General And Administrative Expense": 222773000.0,
        "Insurance And Claims": 10640000.0,
        "Salaries And Wages": 212133000.0,
        "Total Revenue": 638692000.0,
        "Operating Revenue": 638692000.0,
        "Occupancy And Equipment": 65118000.0,
        "Professional Expense And Contract Services Expense": 11334000.0,
        "Other Non Interest Expense": 50444000.0
    },
    "2025-03-31": {
        "Tax Effect Of Unusual Items": -726869.0,
        "Tax Rate For Calcs": 0.253,
        "Total Unusual Items": -2873000.0,
        "Total Unusual Items Excluding Goodwill": -2873000.0,
        "Net Income From Continuing Operation Net Minority Interest": 189039000.0,
        "Reconciled Depreciation": 29488000.0,
        "Net Interest Income": 526474000.0,
        "Interest Expense": 360491000.0,
        "Interest Income": 886965000.0,
        "Normalized Income": 191185131.0,
        "Net Income From Continuing And Discontinued Operation": 189039000.0,
        "Diluted Average Shares": 67649000.0,
        "Basic Average Shares": 66726000.0,
        "Diluted EPS": 2.69,
        "Basic EPS": 2.73,
        "Diluted NI Availto Com Stockholders": 182048000.0,
        "Net Income Common Stockholders": 182048000.0,
        "Preferred Stock Dividends": 6991000.0,
        "Net Income": 189039000.0,
        "Net Income Including Noncontrolling Interests": 189039000.0,
        "Net Income Continuous Operations": 189039000.0,
        "Tax Provision": 64016000.0,
        "Pretax Income": 253055000.0,
        "Special Income Charges": -2873000.0,
        "Other Special Charges": 173000.0,
        "Restructuring And Mergern Acquisition": 2700000.0,
        "Gain On Sale Of Security": 3207000.0,
        "Depreciation Amortization Depletion Income Statement": 5618000.0,
        "Depreciation And Amortization In Income Statement": 5618000.0,
        "Amortization": 5618000.0,
        "Amortization Of Intangibles Income Statement": 5618000.0,
        "Depreciation Income Statement": NaN,
        "Selling General And Administration": 234724000.0,
        "Selling And Marketing Expense": 12272000.0,
        "General And Administrative Expense": 222452000.0,
        "Insurance And Claims": 10926000.0,
        "Salaries And Wages": 211526000.0,
        "Total Revenue": 643119000.0,
        "Operating Revenue": 643119000.0,
        "Occupancy And Equipment": 65966000.0,
        "Professional Expense And Contract Services Expense": 9044000.0,
        "Other Non Interest Expense": 47865000.0
    },
    "2025-06-30": {
        "Tax Effect Of Unusual Items": -776910.0,
        "Tax Rate For Calcs": 0.2679,
        "Total Unusual Items": -2900000.0,
        "Total Unusual Items Excluding Goodwill": -2900000.0,
        "Net Income From Continuing Operation Net Minority Interest": 195527000.0,
        "Reconciled Depreciation": 30864000.0,
        "Net Interest Income": 546694000.0,
        "Interest Expense": 374214000.0,
        "Interest Income": 920908000.0,
        "Normalized Income": 197650090.0,
        "Net Income From Continuing And Discontinued Operation": 195527000.0,
        "Diluted Average Shares": 67819000.0,
        "Basic Average Shares": 66931000.0,
        "Diluted EPS": 2.78,
        "Basic EPS": 2.82,
        "Diluted NI Availto Com Stockholders": 188536000.0,
        "Net Income Common Stockholders": 188536000.0,
        "Preferred Stock Dividends": 6991000.0,
        "Net Income": 195527000.0,
        "Net Income Including Noncontrolling Interests": 195527000.0,
        "Net Income Continuous Operations": 195527000.0,
        "Tax Provision": 71561000.0,
        "Pretax Income": 267088000.0,
        "Special Income Charges": -2900000.0,
        "Other Special Charges": NaN,
        "Restructuring And Mergern Acquisition": 2900000.0,
        "Gain On Sale Of Security": 650000.0,
        "Depreciation Amortization Depletion Income Statement": 5580000.0,
        "Depreciation And Amortization In Income Statement": 5580000.0,
        "Amortization": 5580000.0,
        "Amortization Of Intangibles Income Statement": 5580000.0,
        "Depreciation Income Statement": NaN,
        "Selling General And Administration": 249273000.0,
        "Selling And Marketing Expense": 18761000.0,
        "General And Administrative Expense": 230512000.0,
        "Insurance And Claims": 10971000.0,
        "Salaries And Wages": 219541000.0,
        "Total Revenue": 670783000.0,
        "Operating Revenue": 670783000.0,
        "Occupancy And Equipment": 67507000.0,
        "Professional Expense And Contract Services Expense": 9243000.0,
        "Other Non Interest Expense": 46958000.0
    },
    "2025-09-30": {
        "Tax Effect Of Unusual Items": NaN,
        "Tax Rate For Calcs": NaN,
        "Total Unusual Items": NaN,
        "Total Unusual Items Excluding Goodwill": NaN,
        "Net Income From Continuing Operation Net Minority Interest": NaN,
        "Reconciled Depreciation": NaN,
        "Net Interest Income": NaN,
        "Interest Expense": NaN,
        "Interest Income": NaN,
        "Normalized Income": NaN,
        "Net Income From Continuing And Discontinued Operation": NaN,
        "Diluted Average Shares": 67980000.0,
        "Basic Average Shares": 66952000.0,
        "Diluted EPS": 2.78,
        "Basic EPS": 2.82,
        "Diluted NI Availto Com Stockholders": NaN,
        "Net Income Common Stockholders": NaN,
        "Preferred Stock Dividends": NaN,
        "Net Income": NaN,
        "Net Income Including Noncontrolling Interests": NaN,
        "Net Income Continuous Operations": NaN,
        "Tax Provision": NaN,
        "Pretax Income": NaN,
        "Special Income Charges": NaN,
        "Other Special Charges": NaN,
        "Restructuring And Mergern Acquisition": NaN,
        "Gain On Sale Of Security": NaN,
        "Depreciation Amortization Depletion Income Statement": NaN,
        "Depreciation And Amortization In Income Statement": NaN,
        "Amortization": NaN,
        "Amortization Of Intangibles Income Statement": NaN,
        "Depreciation Income Statement": NaN,
        "Selling General And Administration": NaN,
        "Selling And Marketing Expense": NaN,
        "General And Administrative Expense": NaN,
        "Insurance And Claims": NaN,
        "Salaries And Wages": NaN,
        "Total Revenue": NaN,
        "Operating Revenue": NaN,
        "Occupancy And Equipment": NaN,
        "Professional Expense And Contract Services Expense": NaN,
        "Other Non Interest Expense": NaN
    }
}