{
    "2023-03-31": {
        "Tax Effect Of Unusual Items": NaN,
        "Tax Rate For Calcs": NaN,
        "Normalized EBITDA": NaN,
        "Total Unusual Items": NaN,
        "Total Unusual Items Excluding Goodwill": NaN,
        "Net Income From Continuing Operation Net Minority Interest": NaN,
        "Reconciled Depreciation": NaN,
        "Reconciled Cost Of Revenue": NaN,
        "EBITDA": NaN,
        "EBIT": NaN,
        "Net Interest Income": NaN,
        "Interest Expense": NaN,
        "Normalized Income": NaN,
        "Net Income From Continuing And Discontinued Operation": NaN,
        "Total Expenses": NaN,
        "Total Operating Income As Reported": NaN,
        "Diluted Average Shares": NaN,
        "Basic Average Shares": NaN,
        "Diluted EPS": NaN,
        "Basic EPS": NaN,
        "Diluted NI Availto Com Stockholders": NaN,
        "Average Dilution Earnings": NaN,
        "Net Income Common Stockholders": NaN,
        "Net Income": NaN,
        "Minority Interests": NaN,
        "Net Income Including Noncontrolling Interests": NaN,
        "Net Income Continuous Operations": NaN,
        "Earnings From Equity Interest Net Of Tax": NaN,
        "Tax Provision": NaN,
        "Pretax Income": NaN,
        "Other Income Expense": NaN,
        "Other Non Operating Income Expenses": NaN,
        "Special Income Charges": NaN,
        "Gain On Sale Of Ppe": NaN,
        "Other Special Charges": NaN,
        "Write Off": 11166000.0,
        "Impairment Of Capital Assets": 11166000.0,
        "Restructuring And Mergern Acquisition": 0.0,
        "Gain On Sale Of Security": -4000.0,
        "Net Non Operating Interest Income Expense": NaN,
        "Interest Expense Non Operating": NaN,
        "Operating Income": NaN,
        "Operating Expense": NaN,
        "Depreciation Amortization Depletion Income Statement": NaN,
        "Depreciation And Amortization In Income Statement": NaN,
        "Selling General And Administration": NaN,
        "Gross Profit": NaN,
        "Cost Of Revenue": NaN,
        "Total Revenue": NaN,
        "Operating Revenue": NaN
    },
    "2022-12-31": {
        "Tax Effect Of Unusual Items": NaN,
        "Tax Rate For Calcs": NaN,
        "Normalized EBITDA": NaN,
        "Total Unusual Items": NaN,
        "Total Unusual Items Excluding Goodwill": NaN,
        "Net Income From Continuing Operation Net Minority Interest": NaN,
        "Reconciled Depreciation": NaN,
        "Reconciled Cost Of Revenue": NaN,
        "EBITDA": NaN,
        "EBIT": NaN,
        "Net Interest Income": NaN,
        "Interest Expense": NaN,
        "Normalized Income": NaN,
        "Net Income From Continuing And Discontinued Operation": NaN,
        "Total Expenses": NaN,
        "Total Operating Income As Reported": NaN,
        "Diluted Average Shares": NaN,
        "Basic Average Shares": NaN,
        "Diluted EPS": NaN,
        "Basic EPS": NaN,
        "Diluted NI Availto Com Stockholders": NaN,
        "Average Dilution Earnings": NaN,
        "Net Income Common Stockholders": NaN,
        "Net Income": NaN,
        "Minority Interests": NaN,
        "Net Income Including Noncontrolling Interests": NaN,
        "Net Income Continuous Operations": NaN,
        "Earnings From Equity Interest Net Of Tax": NaN,
        "Tax Provision": NaN,
        "Pretax Income": NaN,
        "Other Income Expense": NaN,
        "Other Non Operating Income Expenses": NaN,
        "Special Income Charges": NaN,
        "Gain On Sale Of Ppe": NaN,
        "Other Special Charges": NaN,
        "Write Off": NaN,
        "Impairment Of Capital Assets": NaN,
        "Restructuring And Mergern Acquisition": 416000.0,
        "Gain On Sale Of Security": 1000.0,
        "Net Non Operating Interest Income Expense": NaN,
        "Interest Expense Non Operating": NaN,
        "Operating Income": NaN,
        "Operating Expense": NaN,
        "Depreciation Amortization Depletion Income Statement": NaN,
        "Depreciation And Amortization In Income Statement": NaN,
        "Selling General And Administration": NaN,
        "Gross Profit": NaN,
        "Cost Of Revenue": NaN,
        "Total Revenue": NaN,
        "Operating Revenue": NaN
    },
    "2022-09-30": {
        "Tax Effect Of Unusual Items": NaN,
        "Tax Rate For Calcs": NaN,
        "Normalized EBITDA": NaN,
        "Total Unusual Items": NaN,
        "Total Unusual Items Excluding Goodwill": NaN,
        "Net Income From Continuing Operation Net Minority Interest": NaN,
        "Reconciled Depreciation": NaN,
        "Reconciled Cost Of Revenue": NaN,
        "EBITDA": NaN,
        "EBIT": NaN,
        "Net Interest Income": NaN,
        "Interest Expense": NaN,
        "Normalized Income": NaN,
        "Net Income From Continuing And Discontinued Operation": NaN,
        "Total Expenses": NaN,
        "Total Operating Income As Reported": NaN,
        "Diluted Average Shares": NaN,
        "Basic Average Shares": NaN,
        "Diluted EPS": NaN,
        "Basic EPS": NaN,
        "Diluted NI Availto Com Stockholders": NaN,
        "Average Dilution Earnings": 50000.0,
        "Net Income Common Stockholders": NaN,
        "Net Income": NaN,
        "Minority Interests": NaN,
        "Net Income Including Noncontrolling Interests": NaN,
        "Net Income Continuous Operations": NaN,
        "Earnings From Equity Interest Net Of Tax": NaN,
        "Tax Provision": NaN,
        "Pretax Income": NaN,
        "Other Income Expense": NaN,
        "Other Non Operating Income Expenses": NaN,
        "Special Income Charges": NaN,
        "Gain On Sale Of Ppe": NaN,
        "Other Special Charges": NaN,
        "Write Off": NaN,
        "Impairment Of Capital Assets": 0.0,
        "Restructuring And Mergern Acquisition": NaN,
        "Gain On Sale Of Security": -6000.0,
        "Net Non Operating Interest Income Expense": NaN,
        "Interest Expense Non Operating": NaN,
        "Operating Income": NaN,
        "Operating Expense": NaN,
        "Depreciation Amortization Depletion Income Statement": NaN,
        "Depreciation And Amortization In Income Statement": NaN,
        "Selling General And Administration": NaN,
        "Gross Profit": NaN,
        "Cost Of Revenue": NaN,
        "Total Revenue": NaN,
        "Operating Revenue": NaN
    },
    "2022-06-30": {
        "Tax Effect Of Unusual Items": 74902.614728,
        "Tax Rate For Calcs": 0.01214,
        "Normalized EBITDA": 39095000.0,
        "Total Unusual Items": 6170000.0,
        "Total Unusual Items Excluding Goodwill": 6170000.0,
        "Net Income From Continuing Operation Net Minority Interest": 12503000.0,
        "Reconciled Depreciation": 29779000.0,
        "Reconciled Cost Of Revenue": 270988000.0,
        "EBITDA": 45265000.0,
        "EBIT": 15486000.0,
        "Net Interest Income": -494000.0,
        "Interest Expense": 494000.0,
        "Normalized Income": 6407902.614728,
        "Net Income From Continuing And Discontinued Operation": 12503000.0,
        "Total Expenses": 327462000.0,
        "Total Operating Income As Reported": 8279000.0,
        "Diluted Average Shares": 95355889.0,
        "Basic Average Shares": 93833504.0,
        "Diluted EPS": 0.13,
        "Basic EPS": 0.13,
        "Diluted NI Availto Com Stockholders": 12503000.0,
        "Average Dilution Earnings": 30000.0,
        "Net Income Common Stockholders": 12503000.0,
        "Net Income": 12503000.0,
        "Minority Interests": -2078000.0,
        "Net Income Including Noncontrolling Interests": 14581000.0,
        "Net Income Continuous Operations": 14581000.0,
        "Earnings From Equity Interest Net Of Tax": -229000.0,
        "Tax Provision": 182000.0,
        "Pretax Income": 14992000.0,
        "Other Income Expense": 7045000.0,
        "Other Non Operating Income Expenses": 875000.0,
        "Special Income Charges": 6176000.0,
        "Gain On Sale Of Ppe": 731000.0,
        "Other Special Charges": 162000.0,
        "Write Off": NaN,
        "Impairment Of Capital Assets": NaN,
        "Restructuring And Mergern Acquisition": -5607000.0,
        "Gain On Sale Of Security": -6000.0,
        "Net Non Operating Interest Income Expense": -494000.0,
        "Interest Expense Non Operating": 494000.0,
        "Operating Income": 8441000.0,
        "Operating Expense": 27221000.0,
        "Depreciation Amortization Depletion Income Statement": 526000.0,
        "Depreciation And Amortization In Income Statement": 526000.0,
        "Selling General And Administration": 26695000.0,
        "Gross Profit": 35662000.0,
        "Cost Of Revenue": 300241000.0,
        "Total Revenue": 335903000.0,
        "Operating Revenue": 335903000.0
    },
    "2023-06-30": {
        "Tax Effect Of Unusual Items": NaN,
        "Tax Rate For Calcs": NaN,
        "Normalized EBITDA": NaN,
        "Total Unusual Items": NaN,
        "Total Unusual Items Excluding Goodwill": NaN,
        "Net Income From Continuing Operation Net Minority Interest": NaN,
        "Reconciled Depreciation": NaN,
        "Reconciled Cost Of Revenue": NaN,
        "EBITDA": NaN,
        "EBIT": NaN,
        "Net Interest Income": NaN,
        "Interest Expense": NaN,
        "Normalized Income": NaN,
        "Net Income From Continuing And Discontinued Operation": NaN,
        "Total Expenses": NaN,
        "Total Operating Income As Reported": NaN,
        "Diluted Average Shares": NaN,
        "Basic Average Shares": NaN,
        "Diluted EPS": NaN,
        "Basic EPS": NaN,
        "Diluted NI Availto Com Stockholders": NaN,
        "Average Dilution Earnings": 49000.0,
        "Net Income Common Stockholders": NaN,
        "Net Income": NaN,
        "Minority Interests": NaN,
        "Net Income Including Noncontrolling Interests": NaN,
        "Net Income Continuous Operations": NaN,
        "Earnings From Equity Interest Net Of Tax": NaN,
        "Tax Provision": NaN,
        "Pretax Income": NaN,
        "Other Income Expense": NaN,
        "Other Non Operating Income Expenses": NaN,
        "Special Income Charges": NaN,
        "Gain On Sale Of Ppe": NaN,
        "Other Special Charges": NaN,
        "Write Off": NaN,
        "Impairment Of Capital Assets": 356000.0,
        "Restructuring And Mergern Acquisition": 0.0,
        "Gain On Sale Of Security": 1000.0,
        "Net Non Operating Interest Income Expense": NaN,
        "Interest Expense Non Operating": NaN,
        "Operating Income": NaN,
        "Operating Expense": NaN,
        "Depreciation Amortization Depletion Income Statement": NaN,
        "Depreciation And Amortization In Income Statement": NaN,
        "Selling General And Administration": NaN,
        "Gross Profit": NaN,
        "Cost Of Revenue": NaN,
        "Total Revenue": NaN,
        "Operating Revenue": NaN
    },
    "2022-03-31": {
        "Diluted EPS": 0.06,
        "Total Revenue": 295,
        "Gross Profit": 25,
        "Operating Income": -4,
        "EBIT": 23,
        "Net Income": 7
    },
    "2021-12-31": {
        "Diluted EPS": 0.16,
        "Total Revenue": 255,
        "Gross Profit": 18,
        "Operating Income": -8,
        "EBIT": 17,
        "Net Income": 9
    },
    "2021-09-30": {
        "Diluted EPS": -0.11,
        "Total Revenue": 205,
        "Gross Profit": 9,
        "Operating Income": -14,
        "EBIT": 10,
        "Net Income": -12
    },
    "2021-06-30": {
        "Diluted EPS": -0.19,
        "Total Revenue": 161,
        "Gross Profit": -2,
        "Operating Income": -18,
        "EBIT": 3,
        "Net Income": -17
    },
    "2021-03-31": {
        "Diluted EPS": -0.27,
        "Total Revenue": 144,
        "Gross Profit": -4,
        "Operating Income": -25,
        "EBIT": -3,
        "Net Income": -23
    },
    "2020-12-31": {
        "Diluted EPS": -0.14,
        "Total Revenue": 133,
        "Gross Profit": -4,
        "Operating Income": -22,
        "EBIT": -274,
        "Net Income": -18
    },
    "2020-09-30": {
        "Diluted EPS": -0.36,
        "Total Revenue": 101,
        "Gross Profit": -17,
        "Operating Income": -34,
        "EBIT": -9,
        "Net Income": -31
    },
    "2020-06-30": {
        "Diluted EPS": -0.44,
        "Total Revenue": 92,
        "Gross Profit": -24,
        "Operating Income": -48,
        "EBIT": -21,
        "Net Income": -44
    },
    "2020-03-31": {
        "Diluted EPS": -2.4,
        "Total Revenue": 278,
        "Gross Profit": 15,
        "Operating Income": -291,
        "EBIT": 12,
        "Net Income": -246
    },
    "2019-12-31": {
        "Diluted EPS": -0.13,
        "Total Revenue": 276,
        "Gross Profit": 22,
        "Operating Income": -7,
        "EBIT": 18,
        "Net Income": -10
    },
    "2019-09-30": {
        "Diluted EPS": 0.07,
        "Total Revenue": 329,
        "Gross Profit": 41,
        "Operating Income": 12,
        "EBIT": 42,
        "Net Income": 5
    },
    "2019-06-30": {
        "Diluted EPS": 0.08,
        "Total Revenue": 324,
        "Gross Profit": 40,
        "Operating Income": 11,
        "EBIT": 41,
        "Net Income": 6
    },
    "2019-03-31": {
        "Diluted EPS": 0.01,
        "Total Revenue": 363,
        "Gross Profit": 46,
        "Operating Income": 7,
        "EBIT": 44,
        "Net Income": 1
    },
    "2018-12-31": {
        "Diluted EPS": -0.21,
        "Total Revenue": 362,
        "Gross Profit": 34,
        "Operating Income": -14,
        "EBIT": 42,
        "Net Income": -14
    },
    "2018-09-30": {
        "Diluted EPS": 0.22,
        "Total Revenue": 397,
        "Gross Profit": 59,
        "Operating Income": 32,
        "EBIT": 65,
        "Net Income": 23
    },
    "2018-06-30": {
        "Diluted EPS": 0.24,
        "Total Revenue": 393,
        "Gross Profit": 57,
        "Operating Income": 25,
        "EBIT": 56,
        "Net Income": 17
    },
    "2018-03-31": {
        "Diluted EPS": 0.09,
        "Total Revenue": 376,
        "Gross Profit": 48,
        "Operating Income": 19,
        "EBIT": 50,
        "Net Income": 10
    },
    "2017-12-31": {
        "Diluted EPS": -0.14,
        "Total Revenue": 304,
        "Gross Profit": 26,
        "Operating Income": -8,
        "EBIT": 30,
        "Net Income": -10
    },
    "2017-09-30": {
        "Diluted EPS": 0.04,
        "Total Revenue": 154,
        "Gross Profit": 20,
        "Operating Income": 2,
        "EBIT": 27,
        "Net Income": 1
    },
    "2017-06-30": {
        "Diluted EPS": -0.06,
        "Total Revenue": 134,
        "Gross Profit": 12,
        "Operating Income": -12,
        "EBIT": 11,
        "Net Income": -4
    },
    "2017-03-31": {
        "Diluted EPS": -0.07,
        "Total Revenue": 100,
        "Gross Profit": 0,
        "Operating Income": -13,
        "EBIT": 9,
        "Net Income": -4
    },
    "2016-12-31": {
        "Diluted EPS": 0.0,
        "Total Revenue": 87,
        "Gross Profit": -6,
        "Operating Income": -21,
        "EBIT": 1,
        "Net Income": -22
    },
    "2016-09-30": {
        "Diluted EPS": 0.0,
        "Total Revenue": 74,
        "Gross Profit": -9,
        "Operating Income": -31,
        "EBIT": 130,
        "Net Income": NaN
    },
    "2016-06-30": {
        "Diluted EPS": 0.0,
        "Total Revenue": 63,
        "Gross Profit": -17,
        "Operating Income": -225,
        "EBIT": -197,
        "Net Income": NaN
    },
    "2016-03-31": {
        "Diluted EPS": 0.0,
        "Total Revenue": 79,
        "Gross Profit": -12,
        "Operating Income": -22,
        "EBIT": 6,
        "Net Income": NaN
    },
    "2015-12-31": {
        "Diluted EPS": 0.0,
        "Total Revenue": NaN,
        "Gross Profit": NaN,
        "Operating Income": NaN,
        "EBIT": NaN,
        "Net Income": NaN
    },
    "2023-09-30": {
        "Tax Effect Of Unusual Items": NaN,
        "Tax Rate For Calcs": NaN,
        "Normalized EBITDA": NaN,
        "Total Unusual Items": NaN,
        "Total Unusual Items Excluding Goodwill": NaN,
        "Net Income From Continuing Operation Net Minority Interest": NaN,
        "Reconciled Depreciation": NaN,
        "Reconciled Cost Of Revenue": NaN,
        "EBITDA": NaN,
        "EBIT": NaN,
        "Net Interest Income": NaN,
        "Interest Expense": NaN,
        "Normalized Income": NaN,
        "Net Income From Continuing And Discontinued Operation": NaN,
        "Total Expenses": NaN,
        "Total Operating Income As Reported": NaN,
        "Diluted Average Shares": NaN,
        "Basic Average Shares": NaN,
        "Diluted EPS": NaN,
        "Basic EPS": NaN,
        "Diluted NI Availto Com Stockholders": NaN,
        "Average Dilution Earnings": 50000.0,
        "Net Income Common Stockholders": NaN,
        "Net Income": NaN,
        "Minority Interests": NaN,
        "Net Income Including Noncontrolling Interests": NaN,
        "Net Income Continuous Operations": NaN,
        "Earnings From Equity Interest Net Of Tax": NaN,
        "Tax Provision": NaN,
        "Pretax Income": NaN,
        "Other Income Expense": NaN,
        "Other Non Operating Income Expenses": NaN,
        "Special Income Charges": NaN,
        "Gain On Sale Of Ppe": NaN,
        "Other Special Charges": NaN,
        "Write Off": NaN,
        "Impairment Of Capital Assets": 32000.0,
        "Restructuring And Mergern Acquisition": 0.0,
        "Gain On Sale Of Security": -1000.0,
        "Net Non Operating Interest Income Expense": NaN,
        "Interest Expense Non Operating": NaN,
        "Operating Income": NaN,
        "Operating Expense": NaN,
        "Depreciation Amortization Depletion Income Statement": NaN,
        "Depreciation And Amortization In Income Statement": NaN,
        "Selling General And Administration": NaN,
        "Gross Profit": NaN,
        "Cost Of Revenue": NaN,
        "Total Revenue": NaN,
        "Operating Revenue": NaN
    },
    "2023-12-31": {
        "Tax Effect Of Unusual Items": NaN,
        "Tax Rate For Calcs": NaN,
        "Normalized EBITDA": NaN,
        "Total Unusual Items": NaN,
        "Total Unusual Items Excluding Goodwill": NaN,
        "Net Income From Continuing Operation Net Minority Interest": NaN,
        "Reconciled Depreciation": NaN,
        "Reconciled Cost Of Revenue": NaN,
        "EBITDA": NaN,
        "EBIT": NaN,
        "Net Interest Income": NaN,
        "Interest Expense": NaN,
        "Normalized Income": NaN,
        "Net Income From Continuing And Discontinued Operation": NaN,
        "Total Expenses": NaN,
        "Total Operating Income As Reported": NaN,
        "Diluted Average Shares": NaN,
        "Basic Average Shares": NaN,
        "Diluted EPS": NaN,
        "Basic EPS": NaN,
        "Diluted NI Availto Com Stockholders": NaN,
        "Average Dilution Earnings": NaN,
        "Net Income Common Stockholders": NaN,
        "Net Income": NaN,
        "Minority Interests": NaN,
        "Net Income Including Noncontrolling Interests": NaN,
        "Net Income Continuous Operations": NaN,
        "Earnings From Equity Interest Net Of Tax": NaN,
        "Tax Provision": NaN,
        "Pretax Income": NaN,
        "Other Income Expense": NaN,
        "Other Non Operating Income Expenses": NaN,
        "Special Income Charges": NaN,
        "Gain On Sale Of Ppe": NaN,
        "Other Special Charges": NaN,
        "Write Off": NaN,
        "Impairment Of Capital Assets": NaN,
        "Restructuring And Mergern Acquisition": 0.0,
        "Gain On Sale Of Security": NaN,
        "Net Non Operating Interest Income Expense": NaN,
        "Interest Expense Non Operating": NaN,
        "Operating Income": NaN,
        "Operating Expense": NaN,
        "Depreciation Amortization Depletion Income Statement": NaN,
        "Depreciation And Amortization In Income Statement": NaN,
        "Selling General And Administration": NaN,
        "Gross Profit": NaN,
        "Cost Of Revenue": NaN,
        "Total Revenue": NaN,
        "Operating Revenue": NaN
    },
    "2024-03-31": {
        "Tax Effect Of Unusual Items": -27400.969529,
        "Tax Rate For Calcs": 0.251385,
        "Normalized EBITDA": 45053000.0,
        "Total Unusual Items": -109000.0,
        "Total Unusual Items Excluding Goodwill": -109000.0,
        "Net Income From Continuing Operation Net Minority Interest": 3625000.0,
        "Reconciled Depreciation": 37896000.0,
        "Reconciled Cost Of Revenue": 277233000.0,
        "EBITDA": 44944000.0,
        "EBIT": 7048000.0,
        "Net Interest Income": -1272000.0,
        "Interest Expense": 1272000.0,
        "Normalized Income": 3706599.030471,
        "Net Income From Continuing And Discontinued Operation": 3625000.0,
        "Total Expenses": 359109000.0,
        "Total Operating Income As Reported": 7005000.0,
        "Diluted Average Shares": 115445705.0,
        "Basic Average Shares": 115445705.0,
        "Diluted EPS": 0.04,
        "Basic EPS": 0.04,
        "Diluted NI Availto Com Stockholders": 3640000.0,
        "Average Dilution Earnings": 15000.0,
        "Net Income Common Stockholders": 3625000.0,
        "Net Income": 3625000.0,
        "Minority Interests": -250000.0,
        "Net Income Including Noncontrolling Interests": 3875000.0,
        "Net Income Continuous Operations": 3875000.0,
        "Earnings From Equity Interest Net Of Tax": -449000.0,
        "Tax Provision": 1452000.0,
        "Pretax Income": 5776000.0,
        "Other Income Expense": -391000.0,
        "Other Non Operating Income Expenses": -282000.0,
        "Special Income Charges": -109000.0,
        "Gain On Sale Of Ppe": 325000.0,
        "Other Special Charges": 389000.0,
        "Write Off": 45000.0,
        "Impairment Of Capital Assets": NaN,
        "Restructuring And Mergern Acquisition": NaN,
        "Gain On Sale Of Security": NaN,
        "Net Non Operating Interest Income Expense": -1272000.0,
        "Interest Expense Non Operating": 1272000.0,
        "Operating Income": 7439000.0,
        "Operating Expense": 45238000.0,
        "Depreciation Amortization Depletion Income Statement": 1258000.0,
        "Depreciation And Amortization In Income Statement": 1258000.0,
        "Selling General And Administration": 43980000.0,
        "Gross Profit": 52677000.0,
        "Cost Of Revenue": 313871000.0,
        "Total Revenue": 366548000.0,
        "Operating Revenue": 366548000.0
    },
    "2024-06-30": {
        "Tax Effect Of Unusual Items": 67309.0,
        "Tax Rate For Calcs": 0.211,
        "Normalized EBITDA": 58409000.0,
        "Total Unusual Items": 319000.0,
        "Total Unusual Items Excluding Goodwill": 319000.0,
        "Net Income From Continuing Operation Net Minority Interest": 12868000.0,
        "Reconciled Depreciation": 37940000.0,
        "Reconciled Cost Of Revenue": 267783000.0,
        "EBITDA": 58728000.0,
        "EBIT": 20788000.0,
        "Net Interest Income": -2026000.0,
        "Interest Expense": 2026000.0,
        "Normalized Income": 12616309.0,
        "Net Income From Continuing And Discontinued Operation": 12868000.0,
        "Total Expenses": 344704000.0,
        "Total Operating Income As Reported": 20364000.0,
        "Diluted Average Shares": 118393964.0,
        "Basic Average Shares": 118393964.0,
        "Diluted EPS": 0.13,
        "Basic EPS": 0.13,
        "Diluted NI Availto Com Stockholders": 12910000.0,
        "Average Dilution Earnings": 42000.0,
        "Net Income Common Stockholders": 12868000.0,
        "Net Income": 12868000.0,
        "Minority Interests": -2031000.0,
        "Net Income Including Noncontrolling Interests": 14899000.0,
        "Net Income Continuous Operations": 14899000.0,
        "Earnings From Equity Interest Net Of Tax": 96000.0,
        "Tax Provision": 3959000.0,
        "Pretax Income": 18762000.0,
        "Other Income Expense": 361000.0,
        "Other Non Operating Income Expenses": 42000.0,
        "Special Income Charges": 319000.0,
        "Gain On Sale Of Ppe": 382000.0,
        "Other Special Charges": 17000.0,
        "Write Off": NaN,
        "Impairment Of Capital Assets": 46000.0,
        "Restructuring And Mergern Acquisition": NaN,
        "Gain On Sale Of Security": NaN,
        "Net Non Operating Interest Income Expense": -2026000.0,
        "Interest Expense Non Operating": 2026000.0,
        "Operating Income": 20427000.0,
        "Operating Expense": 39729000.0,
        "Depreciation Amortization Depletion Income Statement": 748000.0,
        "Depreciation And Amortization In Income Statement": 748000.0,
        "Selling General And Administration": 38981000.0,
        "Gross Profit": 60156000.0,
        "Cost Of Revenue": 304975000.0,
        "Total Revenue": 365131000.0,
        "Operating Revenue": 365131000.0
    },
    "2024-09-30": {
        "Tax Effect Of Unusual Items": 391798.0,
        "Tax Rate For Calcs": 0.242,
        "Normalized EBITDA": 63424000.0,
        "Total Unusual Items": 1619000.0,
        "Total Unusual Items Excluding Goodwill": 1619000.0,
        "Net Income From Continuing Operation Net Minority Interest": 15791000.0,
        "Reconciled Depreciation": 38982000.0,
        "Reconciled Cost Of Revenue": 270579000.0,
        "EBITDA": 65043000.0,
        "EBIT": 26061000.0,
        "Net Interest Income": -1906000.0,
        "Interest Expense": 1906000.0,
        "Normalized Income": 14563798.0,
        "Net Income From Continuing And Discontinued Operation": 15791000.0,
        "Total Expenses": 346829000.0,
        "Total Operating Income As Reported": 24515000.0,
        "Diluted Average Shares": 105273333.0,
        "Basic Average Shares": 102797453.0,
        "Diluted EPS": 0.15,
        "Basic EPS": 0.16,
        "Diluted NI Availto Com Stockholders": 15861000.0,
        "Average Dilution Earnings": 70000.0,
        "Net Income Common Stockholders": 15791000.0,
        "Net Income": 15791000.0,
        "Minority Interests": -3019000.0,
        "Net Income Including Noncontrolling Interests": 18810000.0,
        "Net Income Continuous Operations": 18810000.0,
        "Earnings From Equity Interest Net Of Tax": 507000.0,
        "Tax Provision": 5852000.0,
        "Pretax Income": 24155000.0,
        "Other Income Expense": 1541000.0,
        "Other Non Operating Income Expenses": -78000.0,
        "Special Income Charges": 1619000.0,
        "Gain On Sale Of Ppe": 1624000.0,
        "Other Special Charges": 5000.0,
        "Write Off": NaN,
        "Impairment Of Capital Assets": 0.0,
        "Restructuring And Mergern Acquisition": NaN,
        "Gain On Sale Of Security": NaN,
        "Net Non Operating Interest Income Expense": -1906000.0,
        "Interest Expense Non Operating": 1906000.0,
        "Operating Income": 24520000.0,
        "Operating Expense": 37929000.0,
        "Depreciation Amortization Depletion Income Statement": 661000.0,
        "Depreciation And Amortization In Income Statement": 661000.0,
        "Selling General And Administration": 37268000.0,
        "Gross Profit": 62449000.0,
        "Cost Of Revenue": 308900000.0,
        "Total Revenue": 371349000.0,
        "Operating Revenue": 371349000.0
    },
    "2024-12-31": {
        "Tax Effect Of Unusual Items": -35490.0,
        "Tax Rate For Calcs": 0.21,
        "Normalized EBITDA": 42476000.0,
        "Total Unusual Items": -169000.0,
        "Total Unusual Items Excluding Goodwill": -169000.0,
        "Net Income From Continuing Operation Net Minority Interest": -1640000.0,
        "Reconciled Depreciation": 39869000.0,
        "Reconciled Cost Of Revenue": 265731000.0,
        "EBITDA": 42307000.0,
        "EBIT": 2438000.0,
        "Net Interest Income": -1761000.0,
        "Interest Expense": 1761000.0,
        "Normalized Income": -1506490.0,
        "Net Income From Continuing And Discontinued Operation": -1640000.0,
        "Total Expenses": 345349000.0,
        "Total Operating Income As Reported": 2605000.0,
        "Diluted Average Shares": 116562796.0,
        "Basic Average Shares": 116562796.0,
        "Diluted EPS": -0.02,
        "Basic EPS": -0.02,
        "Diluted NI Availto Com Stockholders": -1772000.0,
        "Average Dilution Earnings": NaN,
        "Net Income Common Stockholders": -1640000.0,
        "Net Income": -1640000.0,
        "Minority Interests": 494000.0,
        "Net Income Including Noncontrolling Interests": -2134000.0,
        "Net Income Continuous Operations": -2134000.0,
        "Earnings From Equity Interest Net Of Tax": -506000.0,
        "Tax Provision": 2305000.0,
        "Pretax Income": 677000.0,
        "Other Income Expense": -1260000.0,
        "Other Non Operating Income Expenses": -1091000.0,
        "Special Income Charges": -169000.0,
        "Gain On Sale Of Ppe": 924000.0,
        "Other Special Charges": -53000.0,
        "Write Off": NaN,
        "Impairment Of Capital Assets": 1146000.0,
        "Restructuring And Mergern Acquisition": NaN,
        "Gain On Sale Of Security": NaN,
        "Net Non Operating Interest Income Expense": -1761000.0,
        "Interest Expense Non Operating": 1761000.0,
        "Operating Income": 3698000.0,
        "Operating Expense": 40486000.0,
        "Depreciation Amortization Depletion Income Statement": 737000.0,
        "Depreciation And Amortization In Income Statement": 737000.0,
        "Selling General And Administration": 39749000.0,
        "Gross Profit": 44184000.0,
        "Cost Of Revenue": 304863000.0,
        "Total Revenue": 349047000.0,
        "Operating Revenue": 349047000.0
    },
    "2025-03-31": {
        "Tax Effect Of Unusual Items": -118719.799337,
        "Tax Rate For Calcs": 0.234161,
        "Normalized EBITDA": 56333000.0,
        "Total Unusual Items": -507000.0,
        "Total Unusual Items Excluding Goodwill": -507000.0,
        "Net Income From Continuing Operation Net Minority Interest": 8239000.0,
        "Reconciled Depreciation": 38591000.0,
        "Reconciled Cost Of Revenue": 280948000.0,
        "EBITDA": 55826000.0,
        "EBIT": 17235000.0,
        "Net Interest Income": -4876000.0,
        "Interest Expense": 4876000.0,
        "Normalized Income": 8627280.200663,
        "Net Income From Continuing And Discontinued Operation": 8239000.0,
        "Total Expenses": 356971000.0,
        "Total Operating Income As Reported": 15541000.0,
        "Diluted Average Shares": 119535025.0,
        "Basic Average Shares": 117012032.0,
        "Diluted EPS": 0.08,
        "Basic EPS": 0.08,
        "Diluted NI Availto Com Stockholders": 8276000.0,
        "Average Dilution Earnings": 37000.0,
        "Net Income Common Stockholders": 8239000.0,
        "Net Income": 8239000.0,
        "Minority Interests": -1321000.0,
        "Net Income Including Noncontrolling Interests": 9560000.0,
        "Net Income Continuous Operations": 9560000.0,
        "Earnings From Equity Interest Net Of Tax": 95000.0,
        "Tax Provision": 2894000.0,
        "Pretax Income": 12359000.0,
        "Other Income Expense": -178000.0,
        "Other Non Operating Income Expenses": 329000.0,
        "Special Income Charges": -507000.0,
        "Gain On Sale Of Ppe": 1365000.0,
        "Other Special Charges": 724000.0,
        "Write Off": 1148000.0,
        "Impairment Of Capital Assets": NaN,
        "Restructuring And Mergern Acquisition": NaN,
        "Gain On Sale Of Security": NaN,
        "Net Non Operating Interest Income Expense": -4876000.0,
        "Interest Expense Non Operating": 4876000.0,
        "Operating Income": 17413000.0,
        "Operating Expense": 38357000.0,
        "Depreciation Amortization Depletion Income Statement": 925000.0,
        "Depreciation And Amortization In Income Statement": 925000.0,
        "Selling General And Administration": 37432000.0,
        "Gross Profit": 55770000.0,
        "Cost Of Revenue": 318614000.0,
        "Total Revenue": 374384000.0,
        "Operating Revenue": 374384000.0
    }
}