{
    "2023-03-31": {
        "Tax Effect Of Unusual Items": NaN,
        "Tax Rate For Calcs": NaN,
        "Normalized EBITDA": NaN,
        "Net Income From Continuing Operation Net Minority Interest": NaN,
        "Reconciled Depreciation": NaN,
        "Reconciled Cost Of Revenue": NaN,
        "EBITDA": NaN,
        "EBIT": NaN,
        "Net Interest Income": NaN,
        "Interest Expense": NaN,
        "Interest Income": 656000.0,
        "Normalized Income": NaN,
        "Net Income From Continuing And Discontinued Operation": NaN,
        "Total Expenses": NaN,
        "Total Operating Income As Reported": NaN,
        "Diluted Average Shares": 17526763.0,
        "Basic Average Shares": 17526763.0,
        "Diluted EPS": -0.44,
        "Basic EPS": -0.44,
        "Diluted NI Availto Com Stockholders": NaN,
        "Net Income Common Stockholders": NaN,
        "Net Income": NaN,
        "Net Income Including Noncontrolling Interests": NaN,
        "Net Income Continuous Operations": NaN,
        "Pretax Income": NaN,
        "Other Income Expense": NaN,
        "Other Non Operating Income Expenses": NaN,
        "Net Non Operating Interest Income Expense": NaN,
        "Interest Expense Non Operating": NaN,
        "Interest Income Non Operating": 656000.0,
        "Operating Income": NaN,
        "Operating Expense": NaN,
        "Research And Development": NaN,
        "Selling General And Administration": NaN,
        "Gross Profit": NaN,
        "Cost Of Revenue": NaN,
        "Total Revenue": NaN,
        "Operating Revenue": NaN
    },
    "2022-12-31": {
        "Tax Effect Of Unusual Items": NaN,
        "Tax Rate For Calcs": NaN,
        "Normalized EBITDA": NaN,
        "Net Income From Continuing Operation Net Minority Interest": NaN,
        "Reconciled Depreciation": NaN,
        "Reconciled Cost Of Revenue": NaN,
        "EBITDA": NaN,
        "EBIT": NaN,
        "Net Interest Income": NaN,
        "Interest Expense": NaN,
        "Interest Income": NaN,
        "Normalized Income": NaN,
        "Net Income From Continuing And Discontinued Operation": NaN,
        "Total Expenses": NaN,
        "Total Operating Income As Reported": NaN,
        "Diluted Average Shares": NaN,
        "Basic Average Shares": NaN,
        "Diluted EPS": NaN,
        "Basic EPS": NaN,
        "Diluted NI Availto Com Stockholders": NaN,
        "Net Income Common Stockholders": NaN,
        "Net Income": NaN,
        "Net Income Including Noncontrolling Interests": NaN,
        "Net Income Continuous Operations": NaN,
        "Pretax Income": NaN,
        "Other Income Expense": -5855000.0,
        "Other Non Operating Income Expenses": NaN,
        "Net Non Operating Interest Income Expense": NaN,
        "Interest Expense Non Operating": NaN,
        "Interest Income Non Operating": NaN,
        "Operating Income": NaN,
        "Operating Expense": NaN,
        "Research And Development": NaN,
        "Selling General And Administration": NaN,
        "Gross Profit": NaN,
        "Cost Of Revenue": NaN,
        "Total Revenue": NaN,
        "Operating Revenue": NaN
    },
    "2022-09-30": {
        "Tax Effect Of Unusual Items": NaN,
        "Tax Rate For Calcs": NaN,
        "Normalized EBITDA": NaN,
        "Net Income From Continuing Operation Net Minority Interest": NaN,
        "Reconciled Depreciation": NaN,
        "Reconciled Cost Of Revenue": NaN,
        "EBITDA": NaN,
        "EBIT": NaN,
        "Net Interest Income": NaN,
        "Interest Expense": NaN,
        "Interest Income": NaN,
        "Normalized Income": NaN,
        "Net Income From Continuing And Discontinued Operation": NaN,
        "Total Expenses": NaN,
        "Total Operating Income As Reported": NaN,
        "Diluted Average Shares": NaN,
        "Basic Average Shares": NaN,
        "Diluted EPS": NaN,
        "Basic EPS": NaN,
        "Diluted NI Availto Com Stockholders": NaN,
        "Net Income Common Stockholders": NaN,
        "Net Income": NaN,
        "Net Income Including Noncontrolling Interests": NaN,
        "Net Income Continuous Operations": NaN,
        "Pretax Income": NaN,
        "Other Income Expense": 339000.0,
        "Other Non Operating Income Expenses": 339000.0,
        "Net Non Operating Interest Income Expense": NaN,
        "Interest Expense Non Operating": NaN,
        "Interest Income Non Operating": NaN,
        "Operating Income": NaN,
        "Operating Expense": NaN,
        "Research And Development": NaN,
        "Selling General And Administration": NaN,
        "Gross Profit": NaN,
        "Cost Of Revenue": NaN,
        "Total Revenue": NaN,
        "Operating Revenue": NaN
    },
    "2022-06-30": {
        "Tax Effect Of Unusual Items": 0.0,
        "Tax Rate For Calcs": 0.0,
        "Normalized EBITDA": -12389000.0,
        "Total Unusual Items": NaN,
        "Total Unusual Items Excluding Goodwill": NaN,
        "Net Income From Continuing Operation Net Minority Interest": -13309000.0,
        "Reconciled Depreciation": 314000.0,
        "Reconciled Cost Of Revenue": 6078000.0,
        "EBITDA": -12389000.0,
        "EBIT": -12703000.0,
        "Net Interest Income": -606000.0,
        "Interest Expense": 606000.0,
        "Interest Income": NaN,
        "Normalized Income": -13309000.0,
        "Net Income From Continuing And Discontinued Operation": -13309000.0,
        "Total Expenses": 21670000.0,
        "Total Operating Income As Reported": -12708000.0,
        "Diluted Average Shares": 17058516.0,
        "Basic Average Shares": 17058516.0,
        "Diluted EPS": -0.86,
        "Basic EPS": -0.86,
        "Diluted NI Availto Com Stockholders": -13309000.0,
        "Net Income Common Stockholders": -13309000.0,
        "Net Income": -13309000.0,
        "Net Income Including Noncontrolling Interests": -13309000.0,
        "Net Income Continuous Operations": -13309000.0,
        "Tax Provision": NaN,
        "Pretax Income": -13309000.0,
        "Other Income Expense": 5000.0,
        "Other Non Operating Income Expenses": 5000.0,
        "Special Income Charges": NaN,
        "Impairment Of Capital Assets": NaN,
        "Net Non Operating Interest Income Expense": -606000.0,
        "Interest Expense Non Operating": 606000.0,
        "Interest Income Non Operating": NaN,
        "Operating Income": -12708000.0,
        "Operating Expense": 15592000.0,
        "Research And Development": 2689000.0,
        "Selling General And Administration": 12903000.0,
        "Gross Profit": 2884000.0,
        "Cost Of Revenue": 6078000.0,
        "Total Revenue": 8962000.0,
        "Operating Revenue": 8962000.0
    },
    "2022-03-31": {
        "Diluted EPS": -0.6,
        "Total Revenue": 10,
        "Gross Profit": 5,
        "Operating Income": -10,
        "EBIT": -9,
        "Net Income": -10
    },
    "2021-12-31": {
        "Diluted EPS": -0.4,
        "Total Revenue": 13,
        "Gross Profit": 8,
        "Operating Income": -6,
        "EBIT": -6,
        "Net Income": -7
    },
    "2021-09-30": {
        "Diluted EPS": -0.42,
        "Total Revenue": 12,
        "Gross Profit": 7,
        "Operating Income": -7,
        "EBIT": -6,
        "Net Income": -7
    },
    "2021-06-30": {
        "Diluted EPS": -0.38,
        "Total Revenue": 13,
        "Gross Profit": 7,
        "Operating Income": -6,
        "EBIT": -5,
        "Net Income": -6
    },
    "2021-03-31": {
        "Diluted EPS": -0.48,
        "Total Revenue": 11,
        "Gross Profit": 6,
        "Operating Income": -6,
        "EBIT": -5,
        "Net Income": -6
    },
    "2020-12-31": {
        "Diluted EPS": -0.27,
        "Total Revenue": 13,
        "Gross Profit": 8,
        "Operating Income": -3,
        "EBIT": -3,
        "Net Income": -3
    },
    "2020-09-30": {
        "Diluted EPS": -0.34,
        "Total Revenue": 11,
        "Gross Profit": 6,
        "Operating Income": -4,
        "EBIT": -4,
        "Net Income": -4
    },
    "2020-06-30": {
        "Diluted EPS": -0.27,
        "Total Revenue": 9,
        "Gross Profit": 6,
        "Operating Income": -3,
        "EBIT": -3,
        "Net Income": -3
    },
    "2020-03-31": {
        "Diluted EPS": -0.44,
        "Total Revenue": 10,
        "Gross Profit": 5,
        "Operating Income": -5,
        "EBIT": -5,
        "Net Income": -6
    },
    "2019-12-31": {
        "Diluted EPS": 158.16,
        "Total Revenue": 10,
        "Gross Profit": 6,
        "Operating Income": -3,
        "EBIT": -3,
        "Net Income": -3
    },
    "2019-09-30": {
        "Diluted EPS": -11.29,
        "Total Revenue": 10,
        "Gross Profit": 6,
        "Operating Income": -2,
        "EBIT": -2,
        "Net Income": -17
    },
    "2019-06-30": {
        "Diluted EPS": -78.87,
        "Total Revenue": 10,
        "Gross Profit": 5,
        "Operating Income": -2,
        "EBIT": -2,
        "Net Income": -5
    },
    "2019-03-31": {
        "Diluted EPS": -76.46,
        "Total Revenue": 9,
        "Gross Profit": 5,
        "Operating Income": -2,
        "EBIT": -1,
        "Net Income": -5
    },
    "2018-12-31": {
        "Diluted EPS": 0.0,
        "Total Revenue": NaN,
        "Gross Profit": NaN,
        "Operating Income": NaN,
        "EBIT": NaN,
        "Net Income": NaN
    },
    "2018-09-30": {
        "Diluted EPS": -71.8,
        "Total Revenue": 8,
        "Gross Profit": 4,
        "Operating Income": -1,
        "EBIT": -1,
        "Net Income": -5
    },
    "2023-06-30": {
        "Tax Effect Of Unusual Items": NaN,
        "Tax Rate For Calcs": NaN,
        "Normalized EBITDA": NaN,
        "Net Income From Continuing Operation Net Minority Interest": NaN,
        "Reconciled Depreciation": NaN,
        "Reconciled Cost Of Revenue": NaN,
        "EBITDA": NaN,
        "EBIT": NaN,
        "Net Interest Income": NaN,
        "Interest Expense": NaN,
        "Interest Income": NaN,
        "Normalized Income": NaN,
        "Net Income From Continuing And Discontinued Operation": NaN,
        "Total Expenses": NaN,
        "Total Operating Income As Reported": NaN,
        "Diluted Average Shares": 17655483.0,
        "Basic Average Shares": 17655483.0,
        "Diluted EPS": -0.28,
        "Basic EPS": -0.28,
        "Diluted NI Availto Com Stockholders": NaN,
        "Net Income Common Stockholders": NaN,
        "Net Income": NaN,
        "Net Income Including Noncontrolling Interests": NaN,
        "Net Income Continuous Operations": NaN,
        "Pretax Income": NaN,
        "Other Income Expense": 476000.0,
        "Other Non Operating Income Expenses": 476000.0,
        "Net Non Operating Interest Income Expense": NaN,
        "Interest Expense Non Operating": NaN,
        "Interest Income Non Operating": NaN,
        "Operating Income": NaN,
        "Operating Expense": NaN,
        "Research And Development": NaN,
        "Selling General And Administration": NaN,
        "Gross Profit": NaN,
        "Cost Of Revenue": NaN,
        "Total Revenue": NaN,
        "Operating Revenue": NaN
    },
    "2023-09-30": {
        "Tax Effect Of Unusual Items": NaN,
        "Tax Rate For Calcs": NaN,
        "Normalized EBITDA": NaN,
        "Net Income From Continuing Operation Net Minority Interest": NaN,
        "Reconciled Depreciation": NaN,
        "Reconciled Cost Of Revenue": NaN,
        "EBITDA": NaN,
        "EBIT": NaN,
        "Net Interest Income": NaN,
        "Interest Expense": NaN,
        "Interest Income": NaN,
        "Normalized Income": NaN,
        "Net Income From Continuing And Discontinued Operation": NaN,
        "Total Expenses": NaN,
        "Total Operating Income As Reported": NaN,
        "Diluted Average Shares": NaN,
        "Basic Average Shares": NaN,
        "Diluted EPS": NaN,
        "Basic EPS": NaN,
        "Diluted NI Availto Com Stockholders": NaN,
        "Net Income Common Stockholders": NaN,
        "Net Income": NaN,
        "Net Income Including Noncontrolling Interests": NaN,
        "Net Income Continuous Operations": NaN,
        "Pretax Income": NaN,
        "Other Income Expense": 211000.0,
        "Other Non Operating Income Expenses": 211000.0,
        "Net Non Operating Interest Income Expense": NaN,
        "Interest Expense Non Operating": NaN,
        "Interest Income Non Operating": NaN,
        "Operating Income": NaN,
        "Operating Expense": NaN,
        "Research And Development": NaN,
        "Selling General And Administration": NaN,
        "Gross Profit": NaN,
        "Cost Of Revenue": NaN,
        "Total Revenue": NaN,
        "Operating Revenue": NaN
    },
    "2023-12-31": {
        "Tax Effect Of Unusual Items": 0.0,
        "Tax Rate For Calcs": 0.0,
        "Normalized EBITDA": -4467000.0,
        "Net Income From Continuing Operation Net Minority Interest": -5573000.0,
        "Reconciled Depreciation": 507000.0,
        "Reconciled Cost Of Revenue": 5620000.0,
        "EBITDA": -4467000.0,
        "EBIT": -4974000.0,
        "Net Interest Income": 950000.0,
        "Interest Expense": 566000.0,
        "Interest Income": NaN,
        "Normalized Income": -5573000.0,
        "Net Income From Continuing And Discontinued Operation": -5573000.0,
        "Total Expenses": 18912000.0,
        "Total Operating Income As Reported": -5147000.0,
        "Diluted Average Shares": NaN,
        "Basic Average Shares": NaN,
        "Diluted EPS": NaN,
        "Basic EPS": NaN,
        "Diluted NI Availto Com Stockholders": -5573000.0,
        "Net Income Common Stockholders": -5573000.0,
        "Net Income": -5573000.0,
        "Net Income Including Noncontrolling Interests": -5573000.0,
        "Net Income Continuous Operations": -5573000.0,
        "Pretax Income": -5540000.0,
        "Other Income Expense": NaN,
        "Other Non Operating Income Expenses": NaN,
        "Net Non Operating Interest Income Expense": 950000.0,
        "Interest Expense Non Operating": 566000.0,
        "Interest Income Non Operating": NaN,
        "Operating Income": -5147000.0,
        "Operating Expense": 13292000.0,
        "Research And Development": 1076000.0,
        "Selling General And Administration": 12216000.0,
        "Gross Profit": 8145000.0,
        "Cost Of Revenue": 5620000.0,
        "Total Revenue": 13765000.0,
        "Operating Revenue": 13765000.0
    },
    "2024-03-31": {
        "Tax Effect Of Unusual Items": 0.0,
        "Tax Rate For Calcs": 0.0,
        "Normalized EBITDA": -2353000.0,
        "Net Income From Continuing Operation Net Minority Interest": -3360000.0,
        "Reconciled Depreciation": 458000.0,
        "Reconciled Cost Of Revenue": 5817000.0,
        "EBITDA": -2353000.0,
        "EBIT": -2811000.0,
        "Net Interest Income": -357000.0,
        "Interest Expense": 549000.0,
        "Interest Income": 192000.0,
        "Normalized Income": -3360000.0,
        "Net Income From Continuing And Discontinued Operation": -3360000.0,
        "Total Expenses": 17418000.0,
        "Total Operating Income As Reported": -3003000.0,
        "Diluted Average Shares": 17944438.0,
        "Basic Average Shares": 17944438.0,
        "Diluted EPS": -0.19,
        "Basic EPS": -0.19,
        "Diluted NI Availto Com Stockholders": -3360000.0,
        "Net Income Common Stockholders": -3360000.0,
        "Net Income": -3360000.0,
        "Net Income Including Noncontrolling Interests": -3360000.0,
        "Net Income Continuous Operations": -3360000.0,
        "Pretax Income": -3360000.0,
        "Net Non Operating Interest Income Expense": -357000.0,
        "Interest Expense Non Operating": 549000.0,
        "Interest Income Non Operating": 192000.0,
        "Operating Income": -3003000.0,
        "Operating Expense": 11601000.0,
        "Research And Development": 1059000.0,
        "Selling General And Administration": 10542000.0,
        "Gross Profit": 8598000.0,
        "Cost Of Revenue": 5817000.0,
        "Total Revenue": 14415000.0,
        "Operating Revenue": 14415000.0
    },
    "2024-06-30": {
        "Tax Effect Of Unusual Items": NaN,
        "Tax Rate For Calcs": NaN,
        "Normalized EBITDA": NaN,
        "Total Unusual Items": 0.0,
        "Total Unusual Items Excluding Goodwill": 0.0,
        "Net Income From Continuing Operation Net Minority Interest": NaN,
        "Reconciled Depreciation": NaN,
        "Reconciled Cost Of Revenue": NaN,
        "EBITDA": NaN,
        "EBIT": NaN,
        "Net Interest Income": NaN,
        "Interest Expense": NaN,
        "Interest Income": NaN,
        "Normalized Income": NaN,
        "Net Income From Continuing And Discontinued Operation": NaN,
        "Total Expenses": NaN,
        "Total Operating Income As Reported": NaN,
        "Diluted Average Shares": NaN,
        "Basic Average Shares": NaN,
        "Diluted EPS": NaN,
        "Basic EPS": NaN,
        "Diluted NI Availto Com Stockholders": NaN,
        "Net Income Common Stockholders": NaN,
        "Net Income": NaN,
        "Net Income Including Noncontrolling Interests": NaN,
        "Net Income Continuous Operations": NaN,
        "Tax Provision": 0.0,
        "Pretax Income": NaN,
        "Other Income Expense": NaN,
        "Special Income Charges": 0.0,
        "Other Special Charges": NaN,
        "Gain On Sale Of Security": NaN,
        "Net Non Operating Interest Income Expense": NaN,
        "Interest Expense Non Operating": NaN,
        "Interest Income Non Operating": NaN,
        "Operating Income": NaN,
        "Operating Expense": NaN,
        "Research And Development": NaN,
        "Selling General And Administration": NaN,
        "Gross Profit": NaN,
        "Cost Of Revenue": NaN,
        "Total Revenue": NaN,
        "Operating Revenue": NaN
    },
    "2024-09-30": {
        "Tax Effect Of Unusual Items": 0.0,
        "Tax Rate For Calcs": 0.0,
        "Normalized EBITDA": -4044000.0,
        "Total Unusual Items": NaN,
        "Total Unusual Items Excluding Goodwill": NaN,
        "Net Income From Continuing Operation Net Minority Interest": -5028000.0,
        "Reconciled Depreciation": 422000.0,
        "Reconciled Cost Of Revenue": 5526000.0,
        "EBITDA": -4044000.0,
        "EBIT": -4466000.0,
        "Net Interest Income": -365000.0,
        "Interest Expense": 562000.0,
        "Interest Income": 197000.0,
        "Normalized Income": -5028000.0,
        "Net Income From Continuing And Discontinued Operation": -5028000.0,
        "Total Expenses": 17170000.0,
        "Total Operating Income As Reported": -4663000.0,
        "Diluted Average Shares": 18254937.0,
        "Basic Average Shares": 18254937.0,
        "Diluted EPS": -0.28,
        "Basic EPS": -0.28,
        "Diluted NI Availto Com Stockholders": -5028000.0,
        "Net Income Common Stockholders": -5028000.0,
        "Net Income": -5028000.0,
        "Net Income Including Noncontrolling Interests": -5028000.0,
        "Net Income Continuous Operations": -5028000.0,
        "Tax Provision": NaN,
        "Pretax Income": -5028000.0,
        "Other Income Expense": NaN,
        "Special Income Charges": NaN,
        "Other Special Charges": NaN,
        "Gain On Sale Of Security": NaN,
        "Net Non Operating Interest Income Expense": -365000.0,
        "Interest Expense Non Operating": 562000.0,
        "Interest Income Non Operating": 197000.0,
        "Operating Income": -4663000.0,
        "Operating Expense": 11644000.0,
        "Research And Development": 1481000.0,
        "Selling General And Administration": 10163000.0,
        "Gross Profit": 6981000.0,
        "Cost Of Revenue": 5526000.0,
        "Total Revenue": 12507000.0,
        "Operating Revenue": 12507000.0
    },
    "2024-12-31": {
        "Tax Effect Of Unusual Items": 0.0,
        "Tax Rate For Calcs": 0.0,
        "Normalized EBITDA": -2771000.0,
        "Total Unusual Items": NaN,
        "Total Unusual Items Excluding Goodwill": NaN,
        "Net Income From Continuing Operation Net Minority Interest": -3761000.0,
        "Reconciled Depreciation": 415000.0,
        "Reconciled Cost Of Revenue": 5178000.0,
        "EBITDA": -2771000.0,
        "EBIT": -3186000.0,
        "Net Interest Income": -366000.0,
        "Interest Expense": 563000.0,
        "Interest Income": 197000.0,
        "Normalized Income": -3761000.0,
        "Net Income From Continuing And Discontinued Operation": -3761000.0,
        "Total Expenses": 17038000.0,
        "Total Operating Income As Reported": -3383000.0,
        "Diluted Average Shares": 18427887.0,
        "Basic Average Shares": 18427887.0,
        "Diluted EPS": -0.2,
        "Basic EPS": -0.2,
        "Diluted NI Availto Com Stockholders": -3761000.0,
        "Net Income Common Stockholders": -3761000.0,
        "Net Income": -3761000.0,
        "Net Income Including Noncontrolling Interests": -3761000.0,
        "Net Income Continuous Operations": -3761000.0,
        "Tax Provision": NaN,
        "Pretax Income": -3749000.0,
        "Other Income Expense": NaN,
        "Special Income Charges": NaN,
        "Other Special Charges": NaN,
        "Gain On Sale Of Security": NaN,
        "Net Non Operating Interest Income Expense": -366000.0,
        "Interest Expense Non Operating": 563000.0,
        "Interest Income Non Operating": 197000.0,
        "Operating Income": -3383000.0,
        "Operating Expense": 11860000.0,
        "Research And Development": 1656000.0,
        "Selling General And Administration": 10204000.0,
        "Gross Profit": 8477000.0,
        "Cost Of Revenue": 5178000.0,
        "Total Revenue": 13655000.0,
        "Operating Revenue": 13655000.0
    },
    "2025-03-31": {
        "Tax Effect Of Unusual Items": 0.0,
        "Tax Rate For Calcs": 0.0,
        "Normalized EBITDA": -2767000.0,
        "Total Unusual Items": NaN,
        "Total Unusual Items Excluding Goodwill": NaN,
        "Net Income From Continuing Operation Net Minority Interest": -3752000.0,
        "Reconciled Depreciation": 440000.0,
        "Reconciled Cost Of Revenue": 6375000.0,
        "EBITDA": -2767000.0,
        "EBIT": -3207000.0,
        "Net Interest Income": -387000.0,
        "Interest Expense": 545000.0,
        "Interest Income": 158000.0,
        "Normalized Income": -3752000.0,
        "Net Income From Continuing And Discontinued Operation": -3752000.0,
        "Total Expenses": 18863000.0,
        "Total Operating Income As Reported": -3365000.0,
        "Diluted Average Shares": 18557390.0,
        "Basic Average Shares": 18557390.0,
        "Diluted EPS": -0.2,
        "Basic EPS": -0.2,
        "Diluted NI Availto Com Stockholders": -3752000.0,
        "Net Income Common Stockholders": -3752000.0,
        "Net Income": -3752000.0,
        "Net Income Including Noncontrolling Interests": -3752000.0,
        "Net Income Continuous Operations": -3752000.0,
        "Tax Provision": NaN,
        "Pretax Income": -3752000.0,
        "Other Income Expense": NaN,
        "Special Income Charges": NaN,
        "Other Special Charges": NaN,
        "Gain On Sale Of Security": NaN,
        "Net Non Operating Interest Income Expense": -387000.0,
        "Interest Expense Non Operating": 545000.0,
        "Interest Income Non Operating": 158000.0,
        "Operating Income": -3365000.0,
        "Operating Expense": 12488000.0,
        "Research And Development": 1284000.0,
        "Selling General And Administration": 11204000.0,
        "Gross Profit": 9123000.0,
        "Cost Of Revenue": 6375000.0,
        "Total Revenue": 15498000.0,
        "Operating Revenue": 15498000.0
    },
    "2025-06-30": {
        "Tax Effect Of Unusual Items": -153930.0,
        "Tax Rate For Calcs": 0.21,
        "Normalized EBITDA": -2079000.0,
        "Total Unusual Items": -733000.0,
        "Total Unusual Items Excluding Goodwill": -733000.0,
        "Net Income From Continuing Operation Net Minority Interest": -4439000.0,
        "Reconciled Depreciation": 466000.0,
        "Reconciled Cost Of Revenue": 6807000.0,
        "EBITDA": -2812000.0,
        "EBIT": -3278000.0,
        "Net Interest Income": -1039000.0,
        "Interest Expense": 1124000.0,
        "Interest Income": 85000.0,
        "Normalized Income": -3859930.0,
        "Net Income From Continuing And Discontinued Operation": -4439000.0,
        "Total Expenses": 19832000.0,
        "Total Operating Income As Reported": -2630000.0,
        "Diluted Average Shares": 21085749.0,
        "Basic Average Shares": 21085749.0,
        "Diluted EPS": -0.21,
        "Basic EPS": -0.21,
        "Diluted NI Availto Com Stockholders": -4439000.0,
        "Net Income Common Stockholders": -4439000.0,
        "Net Income": -4439000.0,
        "Net Income Including Noncontrolling Interests": -4439000.0,
        "Net Income Continuous Operations": -4439000.0,
        "Tax Provision": 37000.0,
        "Pretax Income": -4402000.0,
        "Other Income Expense": -733000.0,
        "Special Income Charges": -295000.0,
        "Other Special Charges": 295000.0,
        "Gain On Sale Of Security": -438000.0,
        "Net Non Operating Interest Income Expense": -1039000.0,
        "Interest Expense Non Operating": 1124000.0,
        "Interest Income Non Operating": 85000.0,
        "Operating Income": -2630000.0,
        "Operating Expense": 13025000.0,
        "Research And Development": 1483000.0,
        "Selling General And Administration": 11542000.0,
        "Gross Profit": 10395000.0,
        "Cost Of Revenue": 6807000.0,
        "Total Revenue": 17202000.0,
        "Operating Revenue": 17202000.0
    },
    "2025-09-30": {
        "Tax Effect Of Unusual Items": -560700.0,
        "Tax Rate For Calcs": 0.21,
        "Normalized EBITDA": -2485000.0,
        "Total Unusual Items": -2670000.0,
        "Total Unusual Items Excluding Goodwill": -2670000.0,
        "Net Income From Continuing Operation Net Minority Interest": -7087000.0,
        "Reconciled Depreciation": 612000.0,
        "Reconciled Cost Of Revenue": 7169000.0,
        "EBITDA": -5155000.0,
        "EBIT": -5767000.0,
        "Net Interest Income": -1316000.0,
        "Interest Expense": 1319000.0,
        "Interest Income": 3000.0,
        "Normalized Income": -4977700.0,
        "Net Income From Continuing And Discontinued Operation": -7087000.0,
        "Total Expenses": 20344000.0,
        "Total Operating Income As Reported": -3100000.0,
        "Diluted Average Shares": 22940412.0,
        "Basic Average Shares": 22940412.0,
        "Diluted EPS": -0.31,
        "Basic EPS": -0.31,
        "Diluted NI Availto Com Stockholders": -7087000.0,
        "Net Income Common Stockholders": -7087000.0,
        "Net Income": -7087000.0,
        "Net Income Including Noncontrolling Interests": -7087000.0,
        "Net Income Continuous Operations": -7087000.0,
        "Tax Provision": 1000.0,
        "Pretax Income": -7086000.0,
        "Other Income Expense": -2670000.0,
        "Special Income Charges": 0.0,
        "Other Special Charges": NaN,
        "Gain On Sale Of Security": -2670000.0,
        "Net Non Operating Interest Income Expense": -1316000.0,
        "Interest Expense Non Operating": 1319000.0,
        "Interest Income Non Operating": 3000.0,
        "Operating Income": -3100000.0,
        "Operating Expense": 13175000.0,
        "Research And Development": 1730000.0,
        "Selling General And Administration": 11445000.0,
        "Gross Profit": 10075000.0,
        "Cost Of Revenue": 7169000.0,
        "Total Revenue": 17244000.0,
        "Operating Revenue": 17244000.0
    }
}