{
    "2023-03-31": {
        "Tax Effect Of Unusual Items": NaN,
        "Tax Rate For Calcs": NaN,
        "Normalized EBITDA": NaN,
        "Total Unusual Items": NaN,
        "Total Unusual Items Excluding Goodwill": NaN,
        "Net Income From Continuing Operation Net Minority Interest": NaN,
        "Reconciled Depreciation": NaN,
        "Reconciled Cost Of Revenue": NaN,
        "EBITDA": NaN,
        "EBIT": NaN,
        "Net Interest Income": NaN,
        "Interest Expense": NaN,
        "Interest Income": NaN,
        "Normalized Income": NaN,
        "Net Income From Continuing And Discontinued Operation": NaN,
        "Total Expenses": NaN,
        "Total Operating Income As Reported": NaN,
        "Diluted Average Shares": 47699561.0,
        "Basic Average Shares": 47699561.0,
        "Diluted EPS": -0.38,
        "Basic EPS": -0.38,
        "Diluted NI Availto Com Stockholders": NaN,
        "Net Income Common Stockholders": NaN,
        "Net Income": NaN,
        "Minority Interests": NaN,
        "Net Income Including Noncontrolling Interests": NaN,
        "Net Income Continuous Operations": NaN,
        "Tax Provision": NaN,
        "Pretax Income": NaN,
        "Other Income Expense": NaN,
        "Other Non Operating Income Expenses": NaN,
        "Special Income Charges": NaN,
        "Write Off": NaN,
        "Earnings From Equity Interest": NaN,
        "Net Non Operating Interest Income Expense": NaN,
        "Interest Expense Non Operating": NaN,
        "Interest Income Non Operating": NaN,
        "Operating Income": NaN,
        "Operating Expense": NaN,
        "Other Operating Expenses": NaN,
        "Research And Development": NaN,
        "Selling General And Administration": NaN,
        "Selling And Marketing Expense": NaN,
        "General And Administrative Expense": NaN,
        "Other Gand A": NaN,
        "Gross Profit": NaN,
        "Cost Of Revenue": NaN,
        "Total Revenue": NaN,
        "Operating Revenue": NaN
    },
    "2022-12-31": {
        "Tax Effect Of Unusual Items": NaN,
        "Tax Rate For Calcs": NaN,
        "Normalized EBITDA": NaN,
        "Total Unusual Items": NaN,
        "Total Unusual Items Excluding Goodwill": NaN,
        "Net Income From Continuing Operation Net Minority Interest": NaN,
        "Reconciled Depreciation": NaN,
        "Reconciled Cost Of Revenue": NaN,
        "EBITDA": NaN,
        "EBIT": NaN,
        "Net Interest Income": NaN,
        "Interest Expense": NaN,
        "Interest Income": NaN,
        "Normalized Income": NaN,
        "Net Income From Continuing And Discontinued Operation": NaN,
        "Total Expenses": NaN,
        "Total Operating Income As Reported": NaN,
        "Diluted Average Shares": 47457139.0,
        "Basic Average Shares": 47457139.0,
        "Diluted EPS": -0.51,
        "Basic EPS": -0.51,
        "Diluted NI Availto Com Stockholders": NaN,
        "Net Income Common Stockholders": NaN,
        "Net Income": NaN,
        "Minority Interests": NaN,
        "Net Income Including Noncontrolling Interests": NaN,
        "Net Income Continuous Operations": NaN,
        "Tax Provision": NaN,
        "Pretax Income": NaN,
        "Other Income Expense": NaN,
        "Other Non Operating Income Expenses": NaN,
        "Special Income Charges": NaN,
        "Write Off": NaN,
        "Earnings From Equity Interest": NaN,
        "Net Non Operating Interest Income Expense": NaN,
        "Interest Expense Non Operating": NaN,
        "Interest Income Non Operating": NaN,
        "Operating Income": NaN,
        "Operating Expense": NaN,
        "Other Operating Expenses": NaN,
        "Research And Development": NaN,
        "Selling General And Administration": NaN,
        "Selling And Marketing Expense": NaN,
        "General And Administrative Expense": NaN,
        "Other Gand A": NaN,
        "Gross Profit": NaN,
        "Cost Of Revenue": NaN,
        "Total Revenue": NaN,
        "Operating Revenue": NaN
    },
    "2022-09-30": {
        "Tax Effect Of Unusual Items": NaN,
        "Tax Rate For Calcs": NaN,
        "Normalized EBITDA": NaN,
        "Total Unusual Items": NaN,
        "Total Unusual Items Excluding Goodwill": NaN,
        "Net Income From Continuing Operation Net Minority Interest": NaN,
        "Reconciled Depreciation": NaN,
        "Reconciled Cost Of Revenue": NaN,
        "EBITDA": NaN,
        "EBIT": NaN,
        "Net Interest Income": NaN,
        "Interest Expense": NaN,
        "Interest Income": NaN,
        "Normalized Income": NaN,
        "Net Income From Continuing And Discontinued Operation": NaN,
        "Total Expenses": NaN,
        "Total Operating Income As Reported": NaN,
        "Diluted Average Shares": NaN,
        "Basic Average Shares": NaN,
        "Diluted EPS": NaN,
        "Basic EPS": NaN,
        "Diluted NI Availto Com Stockholders": NaN,
        "Net Income Common Stockholders": NaN,
        "Net Income": NaN,
        "Minority Interests": NaN,
        "Net Income Including Noncontrolling Interests": NaN,
        "Net Income Continuous Operations": NaN,
        "Tax Provision": NaN,
        "Pretax Income": NaN,
        "Other Income Expense": NaN,
        "Other Non Operating Income Expenses": NaN,
        "Special Income Charges": NaN,
        "Write Off": NaN,
        "Impairment Of Capital Assets": 325000.0,
        "Earnings From Equity Interest": NaN,
        "Net Non Operating Interest Income Expense": NaN,
        "Interest Expense Non Operating": NaN,
        "Interest Income Non Operating": NaN,
        "Operating Income": NaN,
        "Operating Expense": NaN,
        "Other Operating Expenses": NaN,
        "Research And Development": NaN,
        "Selling General And Administration": NaN,
        "Selling And Marketing Expense": NaN,
        "General And Administrative Expense": NaN,
        "Other Gand A": NaN,
        "Gross Profit": NaN,
        "Cost Of Revenue": NaN,
        "Total Revenue": NaN,
        "Operating Revenue": NaN
    },
    "2022-06-30": {
        "Tax Effect Of Unusual Items": 0.0,
        "Tax Rate For Calcs": 0.0,
        "Normalized EBITDA": -13213000.0,
        "Total Unusual Items": -119000.0,
        "Total Unusual Items Excluding Goodwill": -119000.0,
        "Net Income From Continuing Operation Net Minority Interest": -16553000.0,
        "Reconciled Depreciation": 2008000.0,
        "Reconciled Cost Of Revenue": 57919000.0,
        "EBITDA": -13332000.0,
        "EBIT": -15340000.0,
        "Net Interest Income": -735000.0,
        "Interest Expense": 1209000.0,
        "Interest Income": 474000.0,
        "Normalized Income": -16434000.0,
        "Net Income From Continuing And Discontinued Operation": -16553000.0,
        "Total Expenses": 111097000.0,
        "Total Operating Income As Reported": -15601000.0,
        "Diluted Average Shares": 47074246.0,
        "Basic Average Shares": 47074246.0,
        "Diluted EPS": -0.35,
        "Basic EPS": -0.35,
        "Diluted NI Availto Com Stockholders": -16553000.0,
        "Net Income Common Stockholders": -16553000.0,
        "Net Income": -16553000.0,
        "Minority Interests": -4000.0,
        "Net Income Including Noncontrolling Interests": -16549000.0,
        "Net Income Continuous Operations": -16549000.0,
        "Tax Provision": 0.0,
        "Pretax Income": -16549000.0,
        "Other Income Expense": -332000.0,
        "Other Non Operating Income Expenses": -482000.0,
        "Special Income Charges": -119000.0,
        "Write Off": NaN,
        "Impairment Of Capital Assets": 119000.0,
        "Earnings From Equity Interest": 269000.0,
        "Net Non Operating Interest Income Expense": -735000.0,
        "Interest Expense Non Operating": 1209000.0,
        "Interest Income Non Operating": 474000.0,
        "Operating Income": -15482000.0,
        "Operating Expense": 53178000.0,
        "Other Operating Expenses": 12180000.0,
        "Research And Development": 7796000.0,
        "Selling General And Administration": 33202000.0,
        "Selling And Marketing Expense": 18145000.0,
        "General And Administrative Expense": 15057000.0,
        "Other Gand A": 15057000.0,
        "Gross Profit": 37696000.0,
        "Cost Of Revenue": 57919000.0,
        "Total Revenue": 95615000.0,
        "Operating Revenue": 95615000.0
    },
    "2022-03-31": {
        "Diluted EPS": -0.43,
        "Total Revenue": 84,
        "Gross Profit": 33,
        "Operating Income": -19,
        "EBIT": -17,
        "Net Income": -20
    },
    "2021-12-31": {
        "Diluted EPS": 0.79,
        "Total Revenue": 67,
        "Gross Profit": 21,
        "Operating Income": -23,
        "EBIT": -21,
        "Net Income": -24
    },
    "2021-09-30": {
        "Diluted EPS": -0.33,
        "Total Revenue": 57,
        "Gross Profit": 14,
        "Operating Income": -14,
        "EBIT": -13,
        "Net Income": -15
    },
    "2021-06-30": {
        "Diluted EPS": -1.46,
        "Total Revenue": 51,
        "Gross Profit": 12,
        "Operating Income": -12,
        "EBIT": -11,
        "Net Income": -12
    },
    "2021-03-31": {
        "Diluted EPS": -1.33,
        "Total Revenue": 44,
        "Gross Profit": 10,
        "Operating Income": -10,
        "EBIT": -9,
        "Net Income": -11
    },
    "2020-12-31": {
        "Diluted EPS": -1.34,
        "Total Revenue": 38,
        "Gross Profit": 9,
        "Operating Income": -9,
        "EBIT": -9,
        "Net Income": -10
    },
    "2020-09-30": {
        "Diluted EPS": -1.99,
        "Total Revenue": 42,
        "Gross Profit": 10,
        "Operating Income": -6,
        "EBIT": -5,
        "Net Income": -15
    },
    "2020-06-30": {
        "Diluted EPS": -0.82,
        "Total Revenue": 35,
        "Gross Profit": 8,
        "Operating Income": -6,
        "EBIT": -5,
        "Net Income": -6
    },
    "2020-03-31": {
        "Diluted EPS": -1.17,
        "Total Revenue": 27,
        "Gross Profit": 5,
        "Operating Income": -8,
        "EBIT": -8,
        "Net Income": -9
    },
    "2019-12-31": {
        "Diluted EPS": 0.0,
        "Total Revenue": NaN,
        "Gross Profit": NaN,
        "Operating Income": NaN,
        "EBIT": NaN,
        "Net Income": NaN
    },
    "2023-06-30": {
        "Tax Effect Of Unusual Items": NaN,
        "Tax Rate For Calcs": NaN,
        "Normalized EBITDA": NaN,
        "Total Unusual Items": NaN,
        "Total Unusual Items Excluding Goodwill": NaN,
        "Net Income From Continuing Operation Net Minority Interest": NaN,
        "Reconciled Depreciation": NaN,
        "Reconciled Cost Of Revenue": NaN,
        "EBITDA": NaN,
        "EBIT": NaN,
        "Net Interest Income": NaN,
        "Interest Expense": NaN,
        "Interest Income": NaN,
        "Normalized Income": NaN,
        "Net Income From Continuing And Discontinued Operation": NaN,
        "Total Expenses": NaN,
        "Total Operating Income As Reported": NaN,
        "Diluted Average Shares": 47865990.0,
        "Basic Average Shares": 47865990.0,
        "Diluted EPS": -0.55,
        "Basic EPS": -0.55,
        "Diluted NI Availto Com Stockholders": NaN,
        "Net Income Common Stockholders": NaN,
        "Net Income": NaN,
        "Minority Interests": NaN,
        "Net Income Including Noncontrolling Interests": NaN,
        "Net Income Continuous Operations": NaN,
        "Tax Provision": NaN,
        "Pretax Income": NaN,
        "Other Income Expense": NaN,
        "Other Non Operating Income Expenses": NaN,
        "Special Income Charges": NaN,
        "Write Off": NaN,
        "Earnings From Equity Interest": NaN,
        "Net Non Operating Interest Income Expense": NaN,
        "Interest Expense Non Operating": NaN,
        "Interest Income Non Operating": NaN,
        "Operating Income": NaN,
        "Operating Expense": NaN,
        "Other Operating Expenses": NaN,
        "Research And Development": NaN,
        "Selling General And Administration": NaN,
        "Selling And Marketing Expense": NaN,
        "General And Administrative Expense": NaN,
        "Other Gand A": NaN,
        "Gross Profit": NaN,
        "Cost Of Revenue": NaN,
        "Total Revenue": NaN,
        "Operating Revenue": NaN
    },
    "2023-09-30": {
        "Tax Effect Of Unusual Items": NaN,
        "Tax Rate For Calcs": NaN,
        "Normalized EBITDA": NaN,
        "Total Unusual Items": NaN,
        "Total Unusual Items Excluding Goodwill": NaN,
        "Net Income From Continuing Operation Net Minority Interest": NaN,
        "Reconciled Depreciation": NaN,
        "Reconciled Cost Of Revenue": NaN,
        "EBITDA": NaN,
        "EBIT": NaN,
        "Net Interest Income": NaN,
        "Interest Expense": NaN,
        "Interest Income": NaN,
        "Normalized Income": NaN,
        "Net Income From Continuing And Discontinued Operation": NaN,
        "Total Expenses": NaN,
        "Total Operating Income As Reported": NaN,
        "Diluted Average Shares": 47989277.0,
        "Basic Average Shares": 47989277.0,
        "Diluted EPS": -0.25,
        "Basic EPS": -0.25,
        "Diluted NI Availto Com Stockholders": NaN,
        "Net Income Common Stockholders": NaN,
        "Net Income": NaN,
        "Minority Interests": NaN,
        "Net Income Including Noncontrolling Interests": NaN,
        "Net Income Continuous Operations": NaN,
        "Tax Provision": NaN,
        "Pretax Income": NaN,
        "Other Income Expense": NaN,
        "Other Non Operating Income Expenses": NaN,
        "Special Income Charges": NaN,
        "Write Off": NaN,
        "Earnings From Equity Interest": NaN,
        "Net Non Operating Interest Income Expense": NaN,
        "Interest Expense Non Operating": NaN,
        "Interest Income Non Operating": NaN,
        "Operating Income": NaN,
        "Operating Expense": NaN,
        "Other Operating Expenses": NaN,
        "Research And Development": NaN,
        "Selling General And Administration": NaN,
        "Selling And Marketing Expense": NaN,
        "General And Administrative Expense": NaN,
        "Other Gand A": NaN,
        "Gross Profit": NaN,
        "Cost Of Revenue": NaN,
        "Total Revenue": NaN,
        "Operating Revenue": NaN
    },
    "2023-12-31": {
        "Tax Effect Of Unusual Items": NaN,
        "Tax Rate For Calcs": NaN,
        "Normalized EBITDA": NaN,
        "Total Unusual Items": 0.0,
        "Total Unusual Items Excluding Goodwill": 0.0,
        "Net Income From Continuing Operation Net Minority Interest": NaN,
        "Reconciled Depreciation": NaN,
        "Reconciled Cost Of Revenue": NaN,
        "EBITDA": NaN,
        "EBIT": NaN,
        "Net Interest Income": NaN,
        "Interest Expense": NaN,
        "Interest Income": NaN,
        "Normalized Income": NaN,
        "Net Income From Continuing And Discontinued Operation": NaN,
        "Total Expenses": NaN,
        "Total Operating Income As Reported": NaN,
        "Diluted Average Shares": NaN,
        "Basic Average Shares": NaN,
        "Diluted EPS": NaN,
        "Basic EPS": NaN,
        "Diluted NI Availto Com Stockholders": NaN,
        "Net Income Common Stockholders": NaN,
        "Net Income": NaN,
        "Minority Interests": NaN,
        "Net Income Including Noncontrolling Interests": NaN,
        "Net Income Continuous Operations": NaN,
        "Tax Provision": NaN,
        "Pretax Income": NaN,
        "Other Income Expense": NaN,
        "Other Non Operating Income Expenses": NaN,
        "Special Income Charges": 0.0,
        "Write Off": 0.0,
        "Earnings From Equity Interest": NaN,
        "Net Non Operating Interest Income Expense": NaN,
        "Interest Expense Non Operating": NaN,
        "Interest Income Non Operating": NaN,
        "Operating Income": NaN,
        "Operating Expense": NaN,
        "Other Operating Expenses": NaN,
        "Research And Development": NaN,
        "Selling General And Administration": NaN,
        "Selling And Marketing Expense": NaN,
        "General And Administrative Expense": NaN,
        "Other Gand A": NaN,
        "Gross Profit": NaN,
        "Cost Of Revenue": NaN,
        "Total Revenue": NaN,
        "Operating Revenue": NaN
    },
    "2024-03-31": {
        "Tax Effect Of Unusual Items": 0.0,
        "Tax Rate For Calcs": 0.0,
        "Normalized EBITDA": -12262000.0,
        "Total Unusual Items": 0.0,
        "Total Unusual Items Excluding Goodwill": 0.0,
        "Net Income From Continuing Operation Net Minority Interest": -16616000.0,
        "Reconciled Depreciation": 3153000.0,
        "Reconciled Cost Of Revenue": 74788000.0,
        "EBITDA": -12262000.0,
        "EBIT": -15415000.0,
        "Net Interest Income": 1543000.0,
        "Interest Expense": 1189000.0,
        "Interest Income": 2732000.0,
        "Normalized Income": -16616000.0,
        "Net Income From Continuing And Discontinued Operation": -16616000.0,
        "Total Expenses": 140547000.0,
        "Total Operating Income As Reported": -17857000.0,
        "Diluted Average Shares": 48577980.0,
        "Basic Average Shares": 48577980.0,
        "Diluted EPS": -0.34,
        "Basic EPS": -0.34,
        "Diluted NI Availto Com Stockholders": -16616000.0,
        "Net Income Common Stockholders": -16616000.0,
        "Net Income": -16616000.0,
        "Minority Interests": -12000.0,
        "Net Income Including Noncontrolling Interests": -16604000.0,
        "Net Income Continuous Operations": -16604000.0,
        "Tax Provision": 0.0,
        "Pretax Income": -16604000.0,
        "Other Income Expense": -290000.0,
        "Other Non Operating Income Expenses": -387000.0,
        "Special Income Charges": 0.0,
        "Write Off": 0.0,
        "Earnings From Equity Interest": 97000.0,
        "Net Non Operating Interest Income Expense": 1543000.0,
        "Interest Expense Non Operating": 1189000.0,
        "Interest Income Non Operating": 2732000.0,
        "Operating Income": -17857000.0,
        "Operating Expense": 65759000.0,
        "Other Operating Expenses": 14047000.0,
        "Research And Development": 9590000.0,
        "Selling General And Administration": 42122000.0,
        "Selling And Marketing Expense": 27200000.0,
        "General And Administrative Expense": 14922000.0,
        "Other Gand A": 14922000.0,
        "Gross Profit": 47902000.0,
        "Cost Of Revenue": 74788000.0,
        "Total Revenue": 122690000.0,
        "Operating Revenue": 122690000.0
    },
    "2024-06-30": {
        "Tax Effect Of Unusual Items": 0.0,
        "Tax Rate For Calcs": 0.000729,
        "Normalized EBITDA": -9270000.0,
        "Total Unusual Items": 0.0,
        "Total Unusual Items Excluding Goodwill": 0.0,
        "Net Income From Continuing Operation Net Minority Interest": -13697000.0,
        "Reconciled Depreciation": 3256000.0,
        "Reconciled Cost Of Revenue": 79718000.0,
        "EBITDA": -9270000.0,
        "EBIT": -12526000.0,
        "Net Interest Income": 1574000.0,
        "Interest Expense": 1188000.0,
        "Interest Income": 2762000.0,
        "Normalized Income": -13697000.0,
        "Net Income From Continuing And Discontinued Operation": -13697000.0,
        "Total Expenses": 147884000.0,
        "Total Operating Income As Reported": -15289000.0,
        "Diluted Average Shares": 48840100.0,
        "Basic Average Shares": 48840100.0,
        "Diluted EPS": -0.28,
        "Basic EPS": -0.28,
        "Diluted NI Availto Com Stockholders": -13697000.0,
        "Net Income Common Stockholders": -13697000.0,
        "Net Income": -13697000.0,
        "Minority Interests": 7000.0,
        "Net Income Including Noncontrolling Interests": -13704000.0,
        "Net Income Continuous Operations": -13704000.0,
        "Tax Provision": -10000.0,
        "Pretax Income": -13714000.0,
        "Other Income Expense": 1000.0,
        "Other Non Operating Income Expenses": -233000.0,
        "Special Income Charges": 0.0,
        "Write Off": 0.0,
        "Earnings From Equity Interest": 234000.0,
        "Net Non Operating Interest Income Expense": 1574000.0,
        "Interest Expense Non Operating": 1188000.0,
        "Interest Income Non Operating": 2762000.0,
        "Operating Income": -15289000.0,
        "Operating Expense": 68166000.0,
        "Other Operating Expenses": 14173000.0,
        "Research And Development": 10018000.0,
        "Selling General And Administration": 43975000.0,
        "Selling And Marketing Expense": 27487000.0,
        "General And Administrative Expense": 16488000.0,
        "Other Gand A": 16488000.0,
        "Gross Profit": 52877000.0,
        "Cost Of Revenue": 79718000.0,
        "Total Revenue": 132595000.0,
        "Operating Revenue": 132595000.0
    },
    "2024-09-30": {
        "Tax Effect Of Unusual Items": 0.0,
        "Tax Rate For Calcs": 0.21,
        "Normalized EBITDA": -5769000.0,
        "Total Unusual Items": 0.0,
        "Total Unusual Items Excluding Goodwill": 0.0,
        "Net Income From Continuing Operation Net Minority Interest": -10199000.0,
        "Reconciled Depreciation": 3213000.0,
        "Reconciled Cost Of Revenue": 85873000.0,
        "EBITDA": -5769000.0,
        "EBIT": -8982000.0,
        "Net Interest Income": 1594000.0,
        "Interest Expense": 1187000.0,
        "Interest Income": 2781000.0,
        "Normalized Income": -10199000.0,
        "Net Income From Continuing And Discontinued Operation": -10199000.0,
        "Total Expenses": 153179000.0,
        "Total Operating Income As Reported": -11481000.0,
        "Diluted Average Shares": 49282164.0,
        "Basic Average Shares": 49282164.0,
        "Diluted EPS": -0.21,
        "Basic EPS": -0.21,
        "Diluted NI Availto Com Stockholders": -10199000.0,
        "Net Income Common Stockholders": -10199000.0,
        "Net Income": -10199000.0,
        "Minority Interests": 0.0,
        "Net Income Including Noncontrolling Interests": -10199000.0,
        "Net Income Continuous Operations": -10199000.0,
        "Tax Provision": 30000.0,
        "Pretax Income": -10169000.0,
        "Other Income Expense": -282000.0,
        "Other Non Operating Income Expenses": -444000.0,
        "Special Income Charges": 0.0,
        "Write Off": 0.0,
        "Earnings From Equity Interest": 162000.0,
        "Net Non Operating Interest Income Expense": 1594000.0,
        "Interest Expense Non Operating": 1187000.0,
        "Interest Income Non Operating": 2781000.0,
        "Operating Income": -11481000.0,
        "Operating Expense": 67306000.0,
        "Other Operating Expenses": 14698000.0,
        "Research And Development": 9344000.0,
        "Selling General And Administration": 43264000.0,
        "Selling And Marketing Expense": 27204000.0,
        "General And Administrative Expense": 16060000.0,
        "Other Gand A": 16060000.0,
        "Gross Profit": 55825000.0,
        "Cost Of Revenue": 85873000.0,
        "Total Revenue": 141698000.0,
        "Operating Revenue": 141698000.0
    },
    "2024-12-31": {
        "Tax Effect Of Unusual Items": -338.331488,
        "Tax Rate For Calcs": 0.004126,
        "Normalized EBITDA": -5277000.0,
        "Total Unusual Items": -82000.0,
        "Total Unusual Items Excluding Goodwill": -82000.0,
        "Net Income From Continuing Operation Net Minority Interest": -9889000.0,
        "Reconciled Depreciation": 3390000.0,
        "Reconciled Cost Of Revenue": 89526000.0,
        "EBITDA": -5359000.0,
        "EBIT": -8749000.0,
        "Net Interest Income": 1319000.0,
        "Interest Expense": 1188000.0,
        "Interest Income": 2507000.0,
        "Normalized Income": -9807338.331488,
        "Net Income From Continuing And Discontinued Operation": -9889000.0,
        "Total Expenses": 159986000.0,
        "Total Operating Income As Reported": -11522000.0,
        "Diluted Average Shares": 49606759.0,
        "Basic Average Shares": 49606759.0,
        "Diluted EPS": -0.2,
        "Basic EPS": -0.2,
        "Diluted NI Availto Com Stockholders": -9889000.0,
        "Net Income Common Stockholders": -9889000.0,
        "Net Income": -9889000.0,
        "Minority Interests": 7000.0,
        "Net Income Including Noncontrolling Interests": -9896000.0,
        "Net Income Continuous Operations": -9896000.0,
        "Tax Provision": -41000.0,
        "Pretax Income": -9937000.0,
        "Other Income Expense": 184000.0,
        "Other Non Operating Income Expenses": 307000.0,
        "Special Income Charges": -82000.0,
        "Write Off": 82000.0,
        "Earnings From Equity Interest": -41000.0,
        "Net Non Operating Interest Income Expense": 1319000.0,
        "Interest Expense Non Operating": 1188000.0,
        "Interest Income Non Operating": 2507000.0,
        "Operating Income": -11440000.0,
        "Operating Expense": 70460000.0,
        "Other Operating Expenses": 16057000.0,
        "Research And Development": 10370000.0,
        "Selling General And Administration": 44033000.0,
        "Selling And Marketing Expense": 26546000.0,
        "General And Administrative Expense": 17487000.0,
        "Other Gand A": 17487000.0,
        "Gross Profit": 59020000.0,
        "Cost Of Revenue": 89526000.0,
        "Total Revenue": 148546000.0,
        "Operating Revenue": 148546000.0
    },
    "2025-03-31": {
        "Tax Effect Of Unusual Items": 0.0,
        "Tax Rate For Calcs": 0.0,
        "Normalized EBITDA": -9642000.0,
        "Total Unusual Items": NaN,
        "Total Unusual Items Excluding Goodwill": NaN,
        "Net Income From Continuing Operation Net Minority Interest": -15078000.0,
        "Reconciled Depreciation": 4246000.0,
        "Reconciled Cost Of Revenue": 94640000.0,
        "EBITDA": -9642000.0,
        "EBIT": -13888000.0,
        "Net Interest Income": 1089000.0,
        "Interest Expense": 1188000.0,
        "Interest Income": 2277000.0,
        "Normalized Income": -15078000.0,
        "Net Income From Continuing And Discontinued Operation": -15078000.0,
        "Total Expenses": 166362000.0,
        "Total Operating Income As Reported": -15391000.0,
        "Diluted Average Shares": 50335053.0,
        "Basic Average Shares": 50335053.0,
        "Diluted EPS": -0.3,
        "Basic EPS": -0.3,
        "Diluted NI Availto Com Stockholders": -15078000.0,
        "Net Income Common Stockholders": -15078000.0,
        "Net Income": -15078000.0,
        "Minority Interests": -2000.0,
        "Net Income Including Noncontrolling Interests": -15076000.0,
        "Net Income Continuous Operations": -15076000.0,
        "Tax Provision": 0.0,
        "Pretax Income": -15076000.0,
        "Other Income Expense": -774000.0,
        "Other Non Operating Income Expenses": -880000.0,
        "Special Income Charges": NaN,
        "Write Off": NaN,
        "Earnings From Equity Interest": 106000.0,
        "Net Non Operating Interest Income Expense": 1089000.0,
        "Interest Expense Non Operating": 1188000.0,
        "Interest Income Non Operating": 2277000.0,
        "Operating Income": -15391000.0,
        "Operating Expense": 71722000.0,
        "Other Operating Expenses": 17090000.0,
        "Research And Development": 11171000.0,
        "Selling General And Administration": 43461000.0,
        "Selling And Marketing Expense": 26435000.0,
        "General And Administrative Expense": 17026000.0,
        "Other Gand A": 17026000.0,
        "Gross Profit": 56331000.0,
        "Cost Of Revenue": 94640000.0,
        "Total Revenue": 150971000.0,
        "Operating Revenue": 150971000.0
    }
}