{
    "2023-03-31": {
        "Tax Effect Of Unusual Items": NaN,
        "Tax Rate For Calcs": NaN,
        "Normalized EBITDA": NaN,
        "Total Unusual Items": 181000.0,
        "Total Unusual Items Excluding Goodwill": 181000.0,
        "Net Income From Continuing Operation Net Minority Interest": NaN,
        "Reconciled Cost Of Revenue": NaN,
        "EBITDA": NaN,
        "EBIT": NaN,
        "Net Interest Income": NaN,
        "Interest Expense": NaN,
        "Interest Income": NaN,
        "Normalized Income": NaN,
        "Net Income From Continuing And Discontinued Operation": NaN,
        "Total Expenses": NaN,
        "Total Operating Income As Reported": NaN,
        "Diluted Average Shares": NaN,
        "Basic Average Shares": NaN,
        "Diluted EPS": NaN,
        "Basic EPS": NaN,
        "Diluted NI Availto Com Stockholders": NaN,
        "Net Income Common Stockholders": NaN,
        "Net Income": NaN,
        "Minority Interests": NaN,
        "Net Income Including Noncontrolling Interests": NaN,
        "Net Income Continuous Operations": NaN,
        "Tax Provision": NaN,
        "Pretax Income": NaN,
        "Other Income Expense": NaN,
        "Other Non Operating Income Expenses": NaN,
        "Special Income Charges": 181000.0,
        "Write Off": -181000.0,
        "Net Non Operating Interest Income Expense": NaN,
        "Interest Expense Non Operating": NaN,
        "Interest Income Non Operating": NaN,
        "Operating Income": NaN,
        "Operating Expense": NaN,
        "Provision For Doubtful Accounts": NaN,
        "Research And Development": NaN,
        "Selling General And Administration": NaN,
        "Selling And Marketing Expense": NaN,
        "General And Administrative Expense": NaN,
        "Other Gand A": NaN,
        "Gross Profit": NaN,
        "Cost Of Revenue": NaN,
        "Total Revenue": NaN,
        "Excise Taxes": NaN,
        "Operating Revenue": NaN
    },
    "2022-12-31": {
        "Tax Effect Of Unusual Items": NaN,
        "Tax Rate For Calcs": NaN,
        "Normalized EBITDA": NaN,
        "Total Unusual Items": NaN,
        "Total Unusual Items Excluding Goodwill": NaN,
        "Net Income From Continuing Operation Net Minority Interest": NaN,
        "Reconciled Cost Of Revenue": NaN,
        "EBITDA": NaN,
        "EBIT": NaN,
        "Net Interest Income": NaN,
        "Interest Expense": NaN,
        "Interest Income": NaN,
        "Normalized Income": NaN,
        "Net Income From Continuing And Discontinued Operation": NaN,
        "Total Expenses": NaN,
        "Total Operating Income As Reported": NaN,
        "Diluted Average Shares": 66055450.0,
        "Basic Average Shares": 66009999.0,
        "Diluted EPS": 0.0245,
        "Basic EPS": 0.0245,
        "Diluted NI Availto Com Stockholders": NaN,
        "Net Income Common Stockholders": NaN,
        "Net Income": NaN,
        "Minority Interests": NaN,
        "Net Income Including Noncontrolling Interests": NaN,
        "Net Income Continuous Operations": NaN,
        "Tax Provision": NaN,
        "Pretax Income": NaN,
        "Other Income Expense": NaN,
        "Other Non Operating Income Expenses": NaN,
        "Special Income Charges": NaN,
        "Write Off": NaN,
        "Net Non Operating Interest Income Expense": NaN,
        "Interest Expense Non Operating": NaN,
        "Interest Income Non Operating": NaN,
        "Operating Income": NaN,
        "Operating Expense": NaN,
        "Research And Development": NaN,
        "Selling General And Administration": NaN,
        "Selling And Marketing Expense": NaN,
        "General And Administrative Expense": NaN,
        "Other Gand A": NaN,
        "Gross Profit": NaN,
        "Cost Of Revenue": NaN,
        "Total Revenue": NaN,
        "Excise Taxes": NaN,
        "Operating Revenue": NaN
    },
    "2022-09-30": {
        "Tax Effect Of Unusual Items": 3907.980296,
        "Tax Rate For Calcs": 0.177635,
        "Normalized EBITDA": 10152000.0,
        "Total Unusual Items": 22000.0,
        "Total Unusual Items Excluding Goodwill": 22000.0,
        "Net Income From Continuing Operation Net Minority Interest": 8350000.0,
        "Reconciled Cost Of Revenue": 52845000.0,
        "EBITDA": 10174000.0,
        "EBIT": 10174000.0,
        "Net Interest Income": 421000.0,
        "Interest Expense": 24000.0,
        "Interest Income": 445000.0,
        "Normalized Income": 8331907.980296,
        "Net Income From Continuing And Discontinued Operation": 8350000.0,
        "Total Expenses": 83028000.0,
        "Total Operating Income As Reported": 5060000.0,
        "Diluted Average Shares": 67496313.0,
        "Basic Average Shares": 67480353.0,
        "Diluted EPS": 0.1235,
        "Basic EPS": 0.1235,
        "Diluted NI Availto Com Stockholders": 8350000.0,
        "Net Income Common Stockholders": 8350000.0,
        "Net Income": 8350000.0,
        "Minority Interests": 3000.0,
        "Net Income Including Noncontrolling Interests": 8347000.0,
        "Net Income Continuous Operations": 8347000.0,
        "Tax Provision": 1803000.0,
        "Pretax Income": 10150000.0,
        "Other Income Expense": 4691000.0,
        "Other Non Operating Income Expenses": 4669000.0,
        "Special Income Charges": 22000.0,
        "Write Off": -22000.0,
        "Net Non Operating Interest Income Expense": 421000.0,
        "Interest Expense Non Operating": 24000.0,
        "Interest Income Non Operating": 445000.0,
        "Operating Income": 5038000.0,
        "Operating Expense": 30183000.0,
        "Research And Development": 16161000.0,
        "Selling General And Administration": 14022000.0,
        "Selling And Marketing Expense": 5784000.0,
        "General And Administrative Expense": 8238000.0,
        "Other Gand A": 8238000.0,
        "Gross Profit": 35221000.0,
        "Cost Of Revenue": 52845000.0,
        "Total Revenue": 88066000.0,
        "Excise Taxes": 217000.0,
        "Operating Revenue": 88283000.0
    },
    "2022-06-30": {
        "Tax Effect Of Unusual Items": 6506.5,
        "Tax Rate For Calcs": 0.25025,
        "Normalized EBITDA": 7997000.0,
        "Total Unusual Items": 26000.0,
        "Total Unusual Items Excluding Goodwill": 26000.0,
        "Net Income From Continuing Operation Net Minority Interest": 6017000.0,
        "Reconciled Cost Of Revenue": 44282000.0,
        "EBITDA": 8023000.0,
        "EBIT": 8023000.0,
        "Net Interest Income": 285000.0,
        "Interest Expense": 23000.0,
        "Interest Income": 308000.0,
        "Normalized Income": 5997506.5,
        "Net Income From Continuing And Discontinued Operation": 6017000.0,
        "Total Expenses": 77310000.0,
        "Total Operating Income As Reported": 736000.0,
        "Diluted Average Shares": 67924882.0,
        "Basic Average Shares": 67902838.0,
        "Diluted EPS": 0.0885,
        "Basic EPS": 0.0885,
        "Diluted NI Availto Com Stockholders": 6017000.0,
        "Net Income Common Stockholders": 6017000.0,
        "Net Income": 6017000.0,
        "Minority Interests": 19000.0,
        "Net Income Including Noncontrolling Interests": 5998000.0,
        "Net Income Continuous Operations": 5998000.0,
        "Tax Provision": 2002000.0,
        "Pretax Income": 8000000.0,
        "Other Income Expense": 7005000.0,
        "Other Non Operating Income Expenses": 6979000.0,
        "Special Income Charges": 26000.0,
        "Write Off": -26000.0,
        "Net Non Operating Interest Income Expense": 285000.0,
        "Interest Expense Non Operating": 23000.0,
        "Interest Income Non Operating": 308000.0,
        "Operating Income": 710000.0,
        "Operating Expense": 33028000.0,
        "Research And Development": 15978000.0,
        "Selling General And Administration": 17050000.0,
        "Selling And Marketing Expense": 5032000.0,
        "General And Administrative Expense": 12018000.0,
        "Other Gand A": 12018000.0,
        "Gross Profit": 33738000.0,
        "Cost Of Revenue": 44282000.0,
        "Total Revenue": 78020000.0,
        "Excise Taxes": 251000.0,
        "Operating Revenue": 78271000.0
    },
    "2022-03-31": {
        "Diluted EPS": 0.08,
        "Total Revenue": 79,
        "Gross Profit": 35,
        "Operating Income": 4,
        "EBIT": 4,
        "Net Income": 5
    },
    "2021-12-31": {
        "Diluted EPS": -0.01,
        "Total Revenue": 71,
        "Gross Profit": 33,
        "Operating Income": -2,
        "EBIT": -2,
        "Net Income": 0
    },
    "2021-09-30": {
        "Diluted EPS": -0.08,
        "Total Revenue": 60,
        "Gross Profit": 29,
        "Operating Income": -6,
        "EBIT": -6,
        "Net Income": -5
    },
    "2021-06-30": {
        "Diluted EPS": 0.0,
        "Total Revenue": 55,
        "Gross Profit": 29,
        "Operating Income": -1,
        "EBIT": -1,
        "Net Income": 0
    },
    "2021-03-31": {
        "Diluted EPS": 0.1,
        "Total Revenue": 53,
        "Gross Profit": 29,
        "Operating Income": 4,
        "EBIT": 4,
        "Net Income": 7
    },
    "2020-12-31": {
        "Diluted EPS": 0.07,
        "Total Revenue": 50,
        "Gross Profit": 27,
        "Operating Income": 4,
        "EBIT": 4,
        "Net Income": 5
    },
    "2020-09-30": {
        "Diluted EPS": -0.02,
        "Total Revenue": 44,
        "Gross Profit": 23,
        "Operating Income": -1,
        "EBIT": -1,
        "Net Income": -1
    },
    "2020-06-30": {
        "Diluted EPS": -0.17,
        "Total Revenue": 44,
        "Gross Profit": 20,
        "Operating Income": -14,
        "EBIT": -14,
        "Net Income": -12
    },
    "2020-03-31": {
        "Diluted EPS": -0.08,
        "Total Revenue": 48,
        "Gross Profit": 24,
        "Operating Income": -8,
        "EBIT": -8,
        "Net Income": -5
    },
    "2019-12-31": {
        "Diluted EPS": -0.34,
        "Total Revenue": 40,
        "Gross Profit": 20,
        "Operating Income": -13,
        "EBIT": -13,
        "Net Income": -22
    },
    "2019-09-30": {
        "Diluted EPS": -0.17,
        "Total Revenue": 44,
        "Gross Profit": 20,
        "Operating Income": -14,
        "EBIT": -14,
        "Net Income": -12
    },
    "2019-06-30": {
        "Diluted EPS": -0.03,
        "Total Revenue": 48,
        "Gross Profit": 22,
        "Operating Income": -12,
        "EBIT": -12,
        "Net Income": -2
    },
    "2019-03-31": {
        "Diluted EPS": -0.27,
        "Total Revenue": 48,
        "Gross Profit": 18,
        "Operating Income": -18,
        "EBIT": -18,
        "Net Income": -18
    },
    "2018-12-31": {
        "Diluted EPS": -0.49,
        "Total Revenue": 42,
        "Gross Profit": 19,
        "Operating Income": -30,
        "EBIT": -30,
        "Net Income": -32
    },
    "2018-09-30": {
        "Diluted EPS": -0.24,
        "Total Revenue": 45,
        "Gross Profit": 24,
        "Operating Income": -18,
        "EBIT": -18,
        "Net Income": -16
    },
    "2018-06-30": {
        "Diluted EPS": 0.01,
        "Total Revenue": 65,
        "Gross Profit": 35,
        "Operating Income": -4,
        "EBIT": -4,
        "Net Income": 1
    },
    "2018-03-31": {
        "Diluted EPS": 0.12,
        "Total Revenue": 78,
        "Gross Profit": 38,
        "Operating Income": 7,
        "EBIT": 7,
        "Net Income": 8
    },
    "2017-12-31": {
        "Diluted EPS": 0.08,
        "Total Revenue": 82,
        "Gross Profit": 40,
        "Operating Income": 4,
        "EBIT": 4,
        "Net Income": 4
    },
    "2017-09-30": {
        "Diluted EPS": -0.39,
        "Total Revenue": 45,
        "Gross Profit": 16,
        "Operating Income": -32,
        "EBIT": -32,
        "Net Income": -26
    },
    "2017-06-30": {
        "Diluted EPS": -0.15,
        "Total Revenue": 38,
        "Gross Profit": 14,
        "Operating Income": -13,
        "EBIT": -13,
        "Net Income": -10
    },
    "2017-03-31": {
        "Diluted EPS": -0.1,
        "Total Revenue": 36,
        "Gross Profit": 13,
        "Operating Income": -13,
        "EBIT": -13,
        "Net Income": -7
    },
    "2016-12-31": {
        "Diluted EPS": -0.11,
        "Total Revenue": 23,
        "Gross Profit": 3,
        "Operating Income": -18,
        "EBIT": -18,
        "Net Income": -7
    },
    "2016-09-30": {
        "Diluted EPS": -0.11,
        "Total Revenue": 41,
        "Gross Profit": 20,
        "Operating Income": -11,
        "EBIT": -11,
        "Net Income": -8
    },
    "2016-06-30": {
        "Diluted EPS": -0.06,
        "Total Revenue": 38,
        "Gross Profit": 19,
        "Operating Income": -5,
        "EBIT": -5,
        "Net Income": -4
    },
    "2016-03-31": {
        "Diluted EPS": -0.08,
        "Total Revenue": 38,
        "Gross Profit": 18,
        "Operating Income": -8,
        "EBIT": -8,
        "Net Income": -6
    },
    "2015-12-31": {
        "Diluted EPS": -0.06,
        "Total Revenue": 35,
        "Gross Profit": 17,
        "Operating Income": -6,
        "EBIT": 12,
        "Net Income": -4
    },
    "2015-09-30": {
        "Diluted EPS": 0.05,
        "Total Revenue": 33,
        "Gross Profit": 18,
        "Operating Income": -2,
        "EBIT": -2,
        "Net Income": -4
    },
    "2015-06-30": {
        "Diluted EPS": -0.02,
        "Total Revenue": 31,
        "Gross Profit": 17,
        "Operating Income": -3,
        "EBIT": -3,
        "Net Income": -1
    },
    "2015-03-31": {
        "Diluted EPS": -0.07,
        "Total Revenue": 30,
        "Gross Profit": 18,
        "Operating Income": -1,
        "EBIT": -1,
        "Net Income": -4
    },
    "2014-12-31": {
        "Diluted EPS": 0.01,
        "Total Revenue": 46,
        "Gross Profit": 41,
        "Operating Income": 19,
        "EBIT": 19,
        "Net Income": 1
    },
    "2014-09-30": {
        "Diluted EPS": 0.01,
        "Total Revenue": 49,
        "Gross Profit": 23,
        "Operating Income": -3,
        "EBIT": -3,
        "Net Income": 0
    },
    "2014-06-30": {
        "Diluted EPS": -4.2,
        "Total Revenue": 45,
        "Gross Profit": 20,
        "Operating Income": -2,
        "EBIT": -2,
        "Net Income": 9
    },
    "2014-03-31": {
        "Diluted EPS": -0.36,
        "Total Revenue": 40,
        "Gross Profit": 40,
        "Operating Income": 40,
        "EBIT": 40,
        "Net Income": 1
    },
    "2013-12-31": {
        "Diluted EPS": 0.0,
        "Total Revenue": NaN,
        "Gross Profit": NaN,
        "Operating Income": NaN,
        "EBIT": NaN,
        "Net Income": NaN
    },
    "2013-09-30": {
        "Diluted EPS": 0.09,
        "Total Revenue": 47,
        "Gross Profit": 47,
        "Operating Income": 47,
        "EBIT": 47,
        "Net Income": 6
    },
    "2013-06-30": {
        "Diluted EPS": 0.1,
        "Total Revenue": 45,
        "Gross Profit": 45,
        "Operating Income": 45,
        "EBIT": 45,
        "Net Income": 6
    },
    "2023-06-30": {
        "Tax Effect Of Unusual Items": NaN,
        "Tax Rate For Calcs": NaN,
        "Normalized EBITDA": NaN,
        "Total Unusual Items": -16000.0,
        "Total Unusual Items Excluding Goodwill": -16000.0,
        "Net Income From Continuing Operation Net Minority Interest": NaN,
        "Reconciled Cost Of Revenue": NaN,
        "EBITDA": NaN,
        "EBIT": NaN,
        "Net Interest Income": NaN,
        "Interest Expense": NaN,
        "Interest Income": NaN,
        "Normalized Income": NaN,
        "Net Income From Continuing And Discontinued Operation": NaN,
        "Total Expenses": NaN,
        "Total Operating Income As Reported": NaN,
        "Diluted Average Shares": NaN,
        "Basic Average Shares": NaN,
        "Diluted EPS": NaN,
        "Basic EPS": NaN,
        "Diluted NI Availto Com Stockholders": NaN,
        "Net Income Common Stockholders": NaN,
        "Net Income": NaN,
        "Minority Interests": NaN,
        "Net Income Including Noncontrolling Interests": NaN,
        "Net Income Continuous Operations": NaN,
        "Tax Provision": NaN,
        "Pretax Income": NaN,
        "Other Income Expense": NaN,
        "Other Non Operating Income Expenses": NaN,
        "Special Income Charges": -16000.0,
        "Write Off": 16000.0,
        "Net Non Operating Interest Income Expense": NaN,
        "Interest Expense Non Operating": NaN,
        "Interest Income Non Operating": NaN,
        "Operating Income": NaN,
        "Operating Expense": NaN,
        "Provision For Doubtful Accounts": 16000.0,
        "Research And Development": NaN,
        "Selling General And Administration": NaN,
        "Selling And Marketing Expense": NaN,
        "General And Administrative Expense": NaN,
        "Other Gand A": NaN,
        "Gross Profit": NaN,
        "Cost Of Revenue": NaN,
        "Total Revenue": NaN,
        "Excise Taxes": NaN,
        "Operating Revenue": NaN
    },
    "2023-09-30": {
        "Tax Effect Of Unusual Items": NaN,
        "Tax Rate For Calcs": NaN,
        "Normalized EBITDA": NaN,
        "Total Unusual Items": 28000.0,
        "Total Unusual Items Excluding Goodwill": 28000.0,
        "Net Income From Continuing Operation Net Minority Interest": NaN,
        "Reconciled Cost Of Revenue": NaN,
        "EBITDA": NaN,
        "EBIT": NaN,
        "Net Interest Income": NaN,
        "Interest Expense": NaN,
        "Interest Income": NaN,
        "Normalized Income": NaN,
        "Net Income From Continuing And Discontinued Operation": NaN,
        "Total Expenses": NaN,
        "Total Operating Income As Reported": NaN,
        "Diluted Average Shares": NaN,
        "Basic Average Shares": NaN,
        "Diluted EPS": NaN,
        "Basic EPS": NaN,
        "Diluted NI Availto Com Stockholders": NaN,
        "Net Income Common Stockholders": NaN,
        "Net Income": NaN,
        "Minority Interests": NaN,
        "Net Income Including Noncontrolling Interests": NaN,
        "Net Income Continuous Operations": NaN,
        "Tax Provision": NaN,
        "Pretax Income": NaN,
        "Other Income Expense": NaN,
        "Other Non Operating Income Expenses": NaN,
        "Special Income Charges": 28000.0,
        "Write Off": -28000.0,
        "Impairment Of Capital Assets": NaN,
        "Net Non Operating Interest Income Expense": NaN,
        "Interest Expense Non Operating": NaN,
        "Interest Income Non Operating": NaN,
        "Operating Income": NaN,
        "Operating Expense": NaN,
        "Provision For Doubtful Accounts": NaN,
        "Research And Development": NaN,
        "Selling General And Administration": NaN,
        "Selling And Marketing Expense": NaN,
        "General And Administrative Expense": NaN,
        "Other Gand A": NaN,
        "Gross Profit": NaN,
        "Cost Of Revenue": NaN,
        "Total Revenue": NaN,
        "Excise Taxes": NaN,
        "Operating Revenue": NaN
    },
    "2023-12-31": {
        "Tax Effect Of Unusual Items": NaN,
        "Tax Rate For Calcs": NaN,
        "Normalized EBITDA": NaN,
        "Total Unusual Items": 4465000.0,
        "Total Unusual Items Excluding Goodwill": 4465000.0,
        "Net Income From Continuing Operation Net Minority Interest": NaN,
        "Reconciled Cost Of Revenue": NaN,
        "EBITDA": NaN,
        "EBIT": NaN,
        "Net Interest Income": NaN,
        "Interest Expense": NaN,
        "Interest Income": NaN,
        "Normalized Income": NaN,
        "Net Income From Continuing And Discontinued Operation": NaN,
        "Total Expenses": NaN,
        "Total Operating Income As Reported": NaN,
        "Diluted Average Shares": NaN,
        "Basic Average Shares": NaN,
        "Diluted EPS": NaN,
        "Basic EPS": NaN,
        "Diluted NI Availto Com Stockholders": NaN,
        "Net Income Common Stockholders": NaN,
        "Net Income": NaN,
        "Minority Interests": NaN,
        "Net Income Including Noncontrolling Interests": NaN,
        "Net Income Continuous Operations": NaN,
        "Tax Provision": NaN,
        "Pretax Income": NaN,
        "Other Income Expense": NaN,
        "Other Non Operating Income Expenses": NaN,
        "Special Income Charges": -193000.0,
        "Write Off": 193000.0,
        "Impairment Of Capital Assets": NaN,
        "Net Non Operating Interest Income Expense": NaN,
        "Interest Expense Non Operating": NaN,
        "Interest Income Non Operating": NaN,
        "Operating Income": NaN,
        "Operating Expense": NaN,
        "Provision For Doubtful Accounts": NaN,
        "Research And Development": NaN,
        "Selling General And Administration": NaN,
        "Selling And Marketing Expense": NaN,
        "General And Administrative Expense": NaN,
        "Other Gand A": NaN,
        "Gross Profit": NaN,
        "Cost Of Revenue": NaN,
        "Total Revenue": NaN,
        "Excise Taxes": NaN,
        "Operating Revenue": NaN
    },
    "2024-03-31": {
        "Tax Effect Of Unusual Items": NaN,
        "Tax Rate For Calcs": NaN,
        "Normalized EBITDA": NaN,
        "Total Unusual Items": 26000.0,
        "Total Unusual Items Excluding Goodwill": 26000.0,
        "Net Income From Continuing Operation Net Minority Interest": NaN,
        "Reconciled Cost Of Revenue": NaN,
        "EBITDA": NaN,
        "EBIT": NaN,
        "Net Interest Income": NaN,
        "Interest Expense": NaN,
        "Interest Income": NaN,
        "Normalized Income": NaN,
        "Net Income From Continuing And Discontinued Operation": NaN,
        "Total Expenses": NaN,
        "Total Operating Income As Reported": NaN,
        "Diluted Average Shares": NaN,
        "Basic Average Shares": NaN,
        "Diluted EPS": NaN,
        "Basic EPS": NaN,
        "Diluted NI Availto Com Stockholders": NaN,
        "Net Income Common Stockholders": NaN,
        "Net Income": NaN,
        "Minority Interests": NaN,
        "Net Income Including Noncontrolling Interests": NaN,
        "Net Income Continuous Operations": NaN,
        "Tax Provision": NaN,
        "Pretax Income": NaN,
        "Other Income Expense": NaN,
        "Other Non Operating Income Expenses": NaN,
        "Special Income Charges": 26000.0,
        "Write Off": -26000.0,
        "Impairment Of Capital Assets": 0.0,
        "Net Non Operating Interest Income Expense": NaN,
        "Interest Expense Non Operating": NaN,
        "Interest Income Non Operating": NaN,
        "Operating Income": NaN,
        "Operating Expense": NaN,
        "Provision For Doubtful Accounts": NaN,
        "Research And Development": NaN,
        "Selling General And Administration": NaN,
        "Selling And Marketing Expense": NaN,
        "General And Administrative Expense": NaN,
        "Other Gand A": NaN,
        "Gross Profit": NaN,
        "Cost Of Revenue": NaN,
        "Total Revenue": NaN,
        "Excise Taxes": NaN,
        "Operating Revenue": NaN
    },
    "2024-06-30": {
        "Tax Effect Of Unusual Items": -41500.0,
        "Tax Rate For Calcs": 0.25,
        "Normalized EBITDA": 4933000.0,
        "Total Unusual Items": -166000.0,
        "Total Unusual Items Excluding Goodwill": -166000.0,
        "Net Income From Continuing Operation Net Minority Interest": 2755000.0,
        "Reconciled Cost Of Revenue": 38632000.0,
        "EBITDA": 4767000.0,
        "EBIT": 4767000.0,
        "Net Interest Income": 1083000.0,
        "Interest Expense": 182000.0,
        "Interest Income": 1265000.0,
        "Normalized Income": 2879500.0,
        "Net Income From Continuing And Discontinued Operation": 2755000.0,
        "Total Expenses": 78200000.0,
        "Total Operating Income As Reported": 967000.0,
        "Diluted Average Shares": 64184592.0,
        "Basic Average Shares": 64137686.0,
        "Diluted EPS": 0.043,
        "Basic EPS": 0.043,
        "Diluted NI Availto Com Stockholders": 2755000.0,
        "Net Income Common Stockholders": 2755000.0,
        "Net Income": 2755000.0,
        "Minority Interests": 235000.0,
        "Net Income Including Noncontrolling Interests": 2520000.0,
        "Net Income Continuous Operations": 2520000.0,
        "Tax Provision": 2065000.0,
        "Pretax Income": 4585000.0,
        "Other Income Expense": 2369000.0,
        "Other Non Operating Income Expenses": 2535000.0,
        "Special Income Charges": -166000.0,
        "Write Off": 166000.0,
        "Impairment Of Capital Assets": NaN,
        "Net Non Operating Interest Income Expense": 1083000.0,
        "Interest Expense Non Operating": 182000.0,
        "Interest Income Non Operating": 1265000.0,
        "Operating Income": 1133000.0,
        "Operating Expense": 39734000.0,
        "Provision For Doubtful Accounts": 166000.0,
        "Research And Development": 17470000.0,
        "Selling General And Administration": 22098000.0,
        "Selling And Marketing Expense": 10867000.0,
        "General And Administrative Expense": 11231000.0,
        "Other Gand A": 11231000.0,
        "Gross Profit": 40701000.0,
        "Cost Of Revenue": 38632000.0,
        "Total Revenue": 79333000.0,
        "Excise Taxes": 270000.0,
        "Operating Revenue": 79603000.0
    },
    "2024-09-30": {
        "Tax Effect Of Unusual Items": -17064.437051,
        "Tax Rate For Calcs": 0.233759,
        "Normalized EBITDA": 5949000.0,
        "Total Unusual Items": -73000.0,
        "Total Unusual Items Excluding Goodwill": -73000.0,
        "Net Income From Continuing Operation Net Minority Interest": 4595000.0,
        "Reconciled Cost Of Revenue": 39380000.0,
        "EBITDA": 5876000.0,
        "EBIT": 5876000.0,
        "Net Interest Income": 1068000.0,
        "Interest Expense": 165000.0,
        "Interest Income": 1233000.0,
        "Normalized Income": 4650935.562949,
        "Net Income From Continuing And Discontinued Operation": 4595000.0,
        "Total Expenses": 79939000.0,
        "Total Operating Income As Reported": -174000.0,
        "Diluted Average Shares": 63584234.0,
        "Basic Average Shares": 63482034.0,
        "Diluted EPS": 0.0725,
        "Basic EPS": 0.0725,
        "Diluted NI Availto Com Stockholders": 4595000.0,
        "Net Income Common Stockholders": 4595000.0,
        "Net Income": 4595000.0,
        "Minority Interests": 219000.0,
        "Net Income Including Noncontrolling Interests": 4376000.0,
        "Net Income Continuous Operations": 4376000.0,
        "Tax Provision": 1335000.0,
        "Pretax Income": 5711000.0,
        "Other Income Expense": 4744000.0,
        "Other Non Operating Income Expenses": 4817000.0,
        "Special Income Charges": -73000.0,
        "Write Off": 73000.0,
        "Impairment Of Capital Assets": NaN,
        "Net Non Operating Interest Income Expense": 1068000.0,
        "Interest Expense Non Operating": 165000.0,
        "Interest Income Non Operating": 1233000.0,
        "Operating Income": -101000.0,
        "Operating Expense": 40559000.0,
        "Provision For Doubtful Accounts": NaN,
        "Research And Development": 17744000.0,
        "Selling General And Administration": 22815000.0,
        "Selling And Marketing Expense": 11453000.0,
        "General And Administrative Expense": 11362000.0,
        "Other Gand A": 11362000.0,
        "Gross Profit": 40458000.0,
        "Cost Of Revenue": 39380000.0,
        "Total Revenue": 79838000.0,
        "Excise Taxes": 303000.0,
        "Operating Revenue": 80141000.0
    },
    "2024-12-31": {
        "Tax Effect Of Unusual Items": 0.0,
        "Tax Rate For Calcs": 0.25,
        "Normalized EBITDA": -17815000.0,
        "Total Unusual Items": NaN,
        "Total Unusual Items Excluding Goodwill": NaN,
        "Net Income From Continuing Operation Net Minority Interest": -9774000.0,
        "Reconciled Cost Of Revenue": 40416000.0,
        "EBITDA": -17815000.0,
        "EBIT": -17815000.0,
        "Net Interest Income": 1034000.0,
        "Interest Expense": 139000.0,
        "Interest Income": 1173000.0,
        "Normalized Income": -9774000.0,
        "Net Income From Continuing And Discontinued Operation": -9774000.0,
        "Total Expenses": 82760000.0,
        "Total Operating Income As Reported": -20529000.0,
        "Diluted Average Shares": 62732818.0,
        "Basic Average Shares": 62732818.0,
        "Diluted EPS": -0.156,
        "Basic EPS": -0.156,
        "Diluted NI Availto Com Stockholders": -9774000.0,
        "Net Income Common Stockholders": -9774000.0,
        "Net Income": -9774000.0,
        "Minority Interests": 97000.0,
        "Net Income Including Noncontrolling Interests": -9871000.0,
        "Net Income Continuous Operations": -9871000.0,
        "Tax Provision": -8083000.0,
        "Pretax Income": -17954000.0,
        "Other Income Expense": -20217000.0,
        "Other Non Operating Income Expenses": -3731000.0,
        "Special Income Charges": NaN,
        "Write Off": NaN,
        "Impairment Of Capital Assets": NaN,
        "Net Non Operating Interest Income Expense": 1034000.0,
        "Interest Expense Non Operating": 139000.0,
        "Interest Income Non Operating": 1173000.0,
        "Operating Income": 1229000.0,
        "Operating Expense": 42344000.0,
        "Provision For Doubtful Accounts": NaN,
        "Research And Development": 18716000.0,
        "Selling General And Administration": 24563000.0,
        "Selling And Marketing Expense": 12461000.0,
        "General And Administrative Expense": 12102000.0,
        "Other Gand A": 12102000.0,
        "Gross Profit": 43573000.0,
        "Cost Of Revenue": 40416000.0,
        "Total Revenue": 83989000.0,
        "Excise Taxes": 313000.0,
        "Operating Revenue": 84302000.0
    },
    "2025-03-31": {
        "Tax Effect Of Unusual Items": 16250.0,
        "Tax Rate For Calcs": 0.25,
        "Normalized EBITDA": 354000.0,
        "Total Unusual Items": 65000.0,
        "Total Unusual Items Excluding Goodwill": 65000.0,
        "Net Income From Continuing Operation Net Minority Interest": -800000.0,
        "Reconciled Cost Of Revenue": 44350000.0,
        "EBITDA": 419000.0,
        "EBIT": 419000.0,
        "Net Interest Income": 852000.0,
        "Interest Expense": 220000.0,
        "Interest Income": 1072000.0,
        "Normalized Income": -848750.0,
        "Net Income From Continuing And Discontinued Operation": -800000.0,
        "Total Expenses": 90406000.0,
        "Total Operating Income As Reported": -1887000.0,
        "Diluted Average Shares": 61216588.0,
        "Basic Average Shares": 61216588.0,
        "Diluted EPS": -0.013,
        "Basic EPS": -0.013,
        "Diluted NI Availto Com Stockholders": -800000.0,
        "Net Income Common Stockholders": -800000.0,
        "Net Income": -800000.0,
        "Minority Interests": 146000.0,
        "Net Income Including Noncontrolling Interests": -946000.0,
        "Net Income Continuous Operations": -946000.0,
        "Tax Provision": 1145000.0,
        "Pretax Income": 199000.0,
        "Other Income Expense": 1299000.0,
        "Other Non Operating Income Expenses": 1234000.0,
        "Special Income Charges": 65000.0,
        "Write Off": -65000.0,
        "Impairment Of Capital Assets": 0.0,
        "Net Non Operating Interest Income Expense": 852000.0,
        "Interest Expense Non Operating": 220000.0,
        "Interest Income Non Operating": 1072000.0,
        "Operating Income": -1952000.0,
        "Operating Expense": 46056000.0,
        "Provision For Doubtful Accounts": NaN,
        "Research And Development": 18743000.0,
        "Selling General And Administration": 27313000.0,
        "Selling And Marketing Expense": 15522000.0,
        "General And Administrative Expense": 11791000.0,
        "Other Gand A": 11791000.0,
        "Gross Profit": 44104000.0,
        "Cost Of Revenue": 44350000.0,
        "Total Revenue": 88454000.0,
        "Excise Taxes": 310000.0,
        "Operating Revenue": 88764000.0
    },
    "2025-06-30": {
        "Tax Effect Of Unusual Items": -62000.0,
        "Tax Rate For Calcs": 0.25,
        "Normalized EBITDA": 724167000.0,
        "Total Unusual Items": -248000.0,
        "Total Unusual Items Excluding Goodwill": -248000.0,
        "Net Income From Continuing Operation Net Minority Interest": 727590000.0,
        "Reconciled Cost Of Revenue": 52320000.0,
        "EBITDA": 723919000.0,
        "EBIT": 723919000.0,
        "Net Interest Income": 711000.0,
        "Interest Expense": 328000.0,
        "Interest Income": 1039000.0,
        "Normalized Income": 727776000.0,
        "Net Income From Continuing And Discontinued Operation": 727590000.0,
        "Total Expenses": 102184000.0,
        "Total Operating Income As Reported": 1113000.0,
        "Diluted Average Shares": 63366063.0,
        "Basic Average Shares": 62439210.0,
        "Diluted EPS": 11.4825,
        "Basic EPS": 11.653,
        "Diluted NI Availto Com Stockholders": 727590000.0,
        "Net Income Common Stockholders": 727590000.0,
        "Net Income": 727590000.0,
        "Minority Interests": 186000.0,
        "Net Income Including Noncontrolling Interests": 727404000.0,
        "Net Income Continuous Operations": 727404000.0,
        "Tax Provision": -3813000.0,
        "Pretax Income": 723591000.0,
        "Other Income Expense": 721519000.0,
        "Other Non Operating Income Expenses": 721767000.0,
        "Special Income Charges": -248000.0,
        "Write Off": 248000.0,
        "Impairment Of Capital Assets": NaN,
        "Net Non Operating Interest Income Expense": 711000.0,
        "Interest Expense Non Operating": 328000.0,
        "Interest Income Non Operating": 1039000.0,
        "Operating Income": 1361000.0,
        "Operating Expense": 49864000.0,
        "Provision For Doubtful Accounts": NaN,
        "Research And Development": 18422000.0,
        "Selling General And Administration": 31442000.0,
        "Selling And Marketing Expense": 21646000.0,
        "General And Administrative Expense": 9796000.0,
        "Other Gand A": 9796000.0,
        "Gross Profit": 51225000.0,
        "Cost Of Revenue": 52320000.0,
        "Total Revenue": 103545000.0,
        "Excise Taxes": 431000.0,
        "Operating Revenue": 103976000.0
    }
}