{
    "2023-03-31": {
        "Tax Effect Of Unusual Items": 1863.0,
        "Tax Rate For Calcs": 0.207,
        "Normalized EBITDA": 17064000.0,
        "Total Unusual Items": 9000.0,
        "Total Unusual Items Excluding Goodwill": 9000.0,
        "Net Income From Continuing Operation Net Minority Interest": 11433000.0,
        "Reconciled Depreciation": 2133000.0,
        "Reconciled Cost Of Revenue": 49882000.0,
        "EBITDA": 17073000.0,
        "EBIT": 14940000.0,
        "Net Interest Income": -523000.0,
        "Interest Expense": 523000.0,
        "Normalized Income": 11425863.0,
        "Net Income From Continuing And Discontinued Operation": 11433000.0,
        "Total Expenses": 70911000.0,
        "Total Operating Income As Reported": 14931000.0,
        "Diluted Average Shares": 27626000.0,
        "Basic Average Shares": 27616000.0,
        "Diluted EPS": 0.41,
        "Basic EPS": 0.41,
        "Diluted NI Availto Com Stockholders": 11433000.0,
        "Net Income Common Stockholders": 11433000.0,
        "Net Income": 11433000.0,
        "Net Income Including Noncontrolling Interests": 11433000.0,
        "Net Income Continuous Operations": 11433000.0,
        "Tax Provision": 2984000.0,
        "Pretax Income": 14417000.0,
        "Other Income Expense": 9000.0,
        "Gain On Sale Of Security": 9000.0,
        "Net Non Operating Interest Income Expense": -523000.0,
        "Interest Expense Non Operating": 523000.0,
        "Operating Income": 14931000.0,
        "Operating Expense": 21029000.0,
        "Selling General And Administration": 21029000.0,
        "Selling And Marketing Expense": 6675000.0,
        "General And Administrative Expense": 14354000.0,
        "Other Gand A": 14354000.0,
        "Gross Profit": 35960000.0,
        "Cost Of Revenue": 49882000.0,
        "Total Revenue": 85842000.0,
        "Operating Revenue": 85842000.0
    },
    "2022-12-31": {
        "Tax Effect Of Unusual Items": 58127.831563,
        "Tax Rate For Calcs": 0.214494,
        "Normalized EBITDA": 12945000.0,
        "Total Unusual Items": 271000.0,
        "Total Unusual Items Excluding Goodwill": 271000.0,
        "Net Income From Continuing Operation Net Minority Interest": 8357000.0,
        "Reconciled Depreciation": 2100000.0,
        "Reconciled Cost Of Revenue": 47435000.0,
        "EBITDA": 13216000.0,
        "EBIT": 11116000.0,
        "Net Interest Income": -477000.0,
        "Interest Expense": 477000.0,
        "Normalized Income": 8144127.831563,
        "Net Income From Continuing And Discontinued Operation": 8357000.0,
        "Total Expenses": 67636000.0,
        "Total Operating Income As Reported": 10845000.0,
        "Diluted Average Shares": 27618000.0,
        "Basic Average Shares": 27616000.0,
        "Diluted EPS": 0.3,
        "Basic EPS": 0.3,
        "Diluted NI Availto Com Stockholders": 8357000.0,
        "Net Income Common Stockholders": 8357000.0,
        "Net Income": 8357000.0,
        "Net Income Including Noncontrolling Interests": 8357000.0,
        "Net Income Continuous Operations": 8357000.0,
        "Tax Provision": 2282000.0,
        "Pretax Income": 10639000.0,
        "Other Income Expense": 271000.0,
        "Gain On Sale Of Security": 271000.0,
        "Net Non Operating Interest Income Expense": -477000.0,
        "Interest Expense Non Operating": 477000.0,
        "Operating Income": 10845000.0,
        "Operating Expense": 20201000.0,
        "Selling General And Administration": 20201000.0,
        "Selling And Marketing Expense": 6852000.0,
        "General And Administrative Expense": 13349000.0,
        "Other Gand A": 13349000.0,
        "Gross Profit": 31046000.0,
        "Cost Of Revenue": 47435000.0,
        "Total Revenue": 78481000.0,
        "Operating Revenue": 78481000.0
    },
    "2022-09-30": {
        "Tax Effect Of Unusual Items": -72540.0,
        "Tax Rate For Calcs": 0.195,
        "Normalized EBITDA": 19314000.0,
        "Total Unusual Items": -372000.0,
        "Total Unusual Items Excluding Goodwill": -372000.0,
        "Net Income From Continuing Operation Net Minority Interest": 13318000.0,
        "Reconciled Depreciation": 2007000.0,
        "Reconciled Cost Of Revenue": 53992000.0,
        "EBITDA": 18942000.0,
        "EBIT": 16935000.0,
        "Net Interest Income": -391000.0,
        "Interest Expense": 391000.0,
        "Normalized Income": 13617460.0,
        "Net Income From Continuing And Discontinued Operation": 13318000.0,
        "Total Expenses": 72451000.0,
        "Total Operating Income As Reported": 17307000.0,
        "Diluted Average Shares": 27620000.0,
        "Basic Average Shares": 27616000.0,
        "Diluted EPS": 0.48,
        "Basic EPS": 0.48,
        "Diluted NI Availto Com Stockholders": 13318000.0,
        "Net Income Common Stockholders": 13318000.0,
        "Net Income": 13318000.0,
        "Net Income Including Noncontrolling Interests": 13318000.0,
        "Net Income Continuous Operations": 13318000.0,
        "Tax Provision": 3226000.0,
        "Pretax Income": 16544000.0,
        "Other Income Expense": -372000.0,
        "Gain On Sale Of Security": -372000.0,
        "Net Non Operating Interest Income Expense": -391000.0,
        "Interest Expense Non Operating": 391000.0,
        "Operating Income": 17307000.0,
        "Operating Expense": 18459000.0,
        "Selling General And Administration": 18459000.0,
        "Selling And Marketing Expense": 6297000.0,
        "General And Administrative Expense": 12162000.0,
        "Other Gand A": 12162000.0,
        "Gross Profit": 35766000.0,
        "Cost Of Revenue": 53992000.0,
        "Total Revenue": 89758000.0,
        "Operating Revenue": 89758000.0
    },
    "2022-06-30": {
        "Tax Effect Of Unusual Items": -93685.0,
        "Tax Rate For Calcs": 0.205,
        "Normalized EBITDA": 17643190.0,
        "Total Unusual Items": -457000.0,
        "Total Unusual Items Excluding Goodwill": -457000.0,
        "Net Income From Continuing Operation Net Minority Interest": 11902000.0,
        "Reconciled Depreciation": 1894190.0,
        "Reconciled Cost Of Revenue": 50907000.0,
        "EBITDA": 17186190.0,
        "EBIT": 15292000.0,
        "Net Interest Income": -322000.0,
        "Interest Expense": 322000.0,
        "Normalized Income": 12265315.0,
        "Net Income From Continuing And Discontinued Operation": 11902000.0,
        "Total Expenses": 68141000.0,
        "Total Operating Income As Reported": 15749000.0,
        "Diluted Average Shares": 27613000.0,
        "Basic Average Shares": 27613000.0,
        "Diluted EPS": 0.43,
        "Basic EPS": 0.43,
        "Diluted NI Availto Com Stockholders": 11902000.0,
        "Net Income Common Stockholders": 11902000.0,
        "Net Income": 11902000.0,
        "Net Income Including Noncontrolling Interests": 11902000.0,
        "Net Income Continuous Operations": 11902000.0,
        "Tax Provision": 3068000.0,
        "Pretax Income": 14970000.0,
        "Other Income Expense": -457000.0,
        "Gain On Sale Of Security": -457000.0,
        "Net Non Operating Interest Income Expense": -322000.0,
        "Interest Expense Non Operating": 322000.0,
        "Operating Income": 15749000.0,
        "Operating Expense": 17234000.0,
        "Selling General And Administration": 17234000.0,
        "Selling And Marketing Expense": 5906000.0,
        "General And Administrative Expense": 11328000.0,
        "Other Gand A": 11328000.0,
        "Gross Profit": 32983000.0,
        "Cost Of Revenue": 50907000.0,
        "Total Revenue": 83890000.0,
        "Operating Revenue": 83890000.0
    },
    "2022-03-31": {
        "Diluted EPS": 0.28,
        "Total Revenue": 72,
        "Gross Profit": 28,
        "Operating Income": 10,
        "EBIT": 12,
        "Net Income": 8
    },
    "2021-12-31": {
        "Diluted EPS": 0.22,
        "Total Revenue": 70,
        "Gross Profit": 25,
        "Operating Income": 9,
        "EBIT": 10,
        "Net Income": 6
    },
    "2021-09-30": {
        "Diluted EPS": 0.3,
        "Total Revenue": 69,
        "Gross Profit": 24,
        "Operating Income": 10,
        "EBIT": 12,
        "Net Income": 8
    },
    "2021-06-30": {
        "Diluted EPS": 0.37,
        "Total Revenue": 69,
        "Gross Profit": 25,
        "Operating Income": 13,
        "EBIT": 14,
        "Net Income": 10
    },
    "2021-03-31": {
        "Diluted EPS": 0.25,
        "Total Revenue": 52,
        "Gross Profit": 18,
        "Operating Income": 9,
        "EBIT": 9,
        "Net Income": 7
    },
    "2020-12-31": {
        "Diluted EPS": 0.22,
        "Total Revenue": 49,
        "Gross Profit": 16,
        "Operating Income": 7,
        "EBIT": 8,
        "Net Income": 6
    },
    "2020-09-30": {
        "Diluted EPS": 0.24,
        "Total Revenue": 46,
        "Gross Profit": 16,
        "Operating Income": 8,
        "EBIT": 9,
        "Net Income": 7
    },
    "2020-06-30": {
        "Diluted EPS": 0.14,
        "Total Revenue": 36,
        "Gross Profit": 12,
        "Operating Income": 5,
        "EBIT": 6,
        "Net Income": 4
    },
    "2020-03-31": {
        "Diluted EPS": 0.06,
        "Total Revenue": 28,
        "Gross Profit": 10,
        "Operating Income": 2,
        "EBIT": 3,
        "Net Income": 2
    },
    "2019-12-31": {
        "Diluted EPS": 0.17,
        "Total Revenue": 39,
        "Gross Profit": 12,
        "Operating Income": 5,
        "EBIT": 5,
        "Net Income": 5
    },
    "2019-09-30": {
        "Diluted EPS": 0.16,
        "Total Revenue": 36,
        "Gross Profit": 12,
        "Operating Income": 6,
        "EBIT": 6,
        "Net Income": 5
    },
    "2019-06-30": {
        "Diluted EPS": 0.11,
        "Total Revenue": 30,
        "Gross Profit": 11,
        "Operating Income": 4,
        "EBIT": 4,
        "Net Income": 3
    },
    "2019-03-31": {
        "Diluted EPS": 0.07,
        "Total Revenue": 25,
        "Gross Profit": 8,
        "Operating Income": 2,
        "EBIT": 3,
        "Net Income": 2
    },
    "2018-12-31": {
        "Diluted EPS": 0.0,
        "Total Revenue": NaN,
        "Gross Profit": NaN,
        "Operating Income": NaN,
        "EBIT": NaN,
        "Net Income": NaN
    },
    "2018-09-30": {
        "Diluted EPS": 0.08,
        "Total Revenue": 29,
        "Gross Profit": 9,
        "Operating Income": 3,
        "EBIT": 3,
        "Net Income": 2
    },
    "2018-06-30": {
        "Diluted EPS": 0.09,
        "Total Revenue": 29,
        "Gross Profit": 9,
        "Operating Income": 3,
        "EBIT": 3,
        "Net Income": 3
    },
    "2023-06-30": {
        "Tax Effect Of Unusual Items": -6586.953231,
        "Tax Rate For Calcs": 0.205842,
        "Normalized EBITDA": 22460000.0,
        "Total Unusual Items": -32000.0,
        "Total Unusual Items Excluding Goodwill": -32000.0,
        "Net Income From Continuing Operation Net Minority Interest": 15741000.0,
        "Reconciled Depreciation": 2269000.0,
        "Reconciled Cost Of Revenue": 58243000.0,
        "EBITDA": 22428000.0,
        "EBIT": 20159000.0,
        "Net Interest Income": -338000.0,
        "Interest Expense": 338000.0,
        "Normalized Income": 15766413.046769,
        "Net Income From Continuing And Discontinued Operation": 15741000.0,
        "Total Expenses": 82046000.0,
        "Total Operating Income As Reported": 20191000.0,
        "Diluted Average Shares": 27631000.0,
        "Basic Average Shares": 27619000.0,
        "Diluted EPS": 0.57,
        "Basic EPS": 0.57,
        "Diluted NI Availto Com Stockholders": 15741000.0,
        "Net Income Common Stockholders": 15741000.0,
        "Net Income": 15741000.0,
        "Net Income Including Noncontrolling Interests": 15741000.0,
        "Net Income Continuous Operations": 15741000.0,
        "Tax Provision": 4080000.0,
        "Pretax Income": 19821000.0,
        "Other Income Expense": -32000.0,
        "Gain On Sale Of Security": -32000.0,
        "Net Non Operating Interest Income Expense": -338000.0,
        "Interest Expense Non Operating": 338000.0,
        "Operating Income": 20191000.0,
        "Operating Expense": 23803000.0,
        "Selling General And Administration": 23803000.0,
        "Selling And Marketing Expense": 8147000.0,
        "General And Administrative Expense": 15656000.0,
        "Other Gand A": 15656000.0,
        "Gross Profit": 43994000.0,
        "Cost Of Revenue": 58243000.0,
        "Total Revenue": 102237000.0,
        "Operating Revenue": 102237000.0
    },
    "2023-09-30": {
        "Tax Effect Of Unusual Items": -81011.314592,
        "Tax Rate For Calcs": 0.203546,
        "Normalized EBITDA": 20116000.0,
        "Total Unusual Items": -398000.0,
        "Total Unusual Items Excluding Goodwill": -398000.0,
        "Net Income From Continuing Operation Net Minority Interest": 13656000.0,
        "Reconciled Depreciation": 2487000.0,
        "Reconciled Cost Of Revenue": 61148000.0,
        "EBITDA": 19718000.0,
        "EBIT": 17231000.0,
        "Net Interest Income": -85000.0,
        "Interest Expense": 85000.0,
        "Normalized Income": 13972988.685408,
        "Net Income From Continuing And Discontinued Operation": 13656000.0,
        "Total Expenses": 85048000.0,
        "Total Operating Income As Reported": 17629000.0,
        "Diluted Average Shares": 27644000.0,
        "Basic Average Shares": 27623000.0,
        "Diluted EPS": 0.49,
        "Basic EPS": 0.49,
        "Diluted NI Availto Com Stockholders": 13656000.0,
        "Net Income Common Stockholders": 13656000.0,
        "Net Income": 13656000.0,
        "Net Income Including Noncontrolling Interests": 13656000.0,
        "Net Income Continuous Operations": 13656000.0,
        "Tax Provision": 3490000.0,
        "Pretax Income": 17146000.0,
        "Other Income Expense": -398000.0,
        "Gain On Sale Of Security": -398000.0,
        "Net Non Operating Interest Income Expense": -85000.0,
        "Interest Expense Non Operating": 85000.0,
        "Operating Income": 17629000.0,
        "Operating Expense": 23900000.0,
        "Selling General And Administration": 23900000.0,
        "Selling And Marketing Expense": 7730000.0,
        "General And Administrative Expense": 16170000.0,
        "Other Gand A": 16170000.0,
        "Gross Profit": 41529000.0,
        "Cost Of Revenue": 61148000.0,
        "Total Revenue": 102677000.0,
        "Operating Revenue": 102677000.0
    },
    "2023-12-31": {
        "Tax Effect Of Unusual Items": 132729.929001,
        "Tax Rate For Calcs": 0.182824,
        "Normalized EBITDA": 16928000.0,
        "Total Unusual Items": 726000.0,
        "Total Unusual Items Excluding Goodwill": 726000.0,
        "Net Income From Continuing Operation Net Minority Interest": 11970000.0,
        "Reconciled Depreciation": 2704000.0,
        "Reconciled Cost Of Revenue": 64606000.0,
        "EBITDA": 17654000.0,
        "EBIT": 14950000.0,
        "Net Interest Income": -302000.0,
        "Interest Expense": 302000.0,
        "Normalized Income": 11376729.929001,
        "Net Income From Continuing And Discontinued Operation": 11970000.0,
        "Total Expenses": 91314000.0,
        "Total Operating Income As Reported": 14224000.0,
        "Diluted Average Shares": 27633000.0,
        "Basic Average Shares": 27629000.0,
        "Diluted EPS": 0.43,
        "Basic EPS": 0.43,
        "Diluted NI Availto Com Stockholders": 11970000.0,
        "Net Income Common Stockholders": 11970000.0,
        "Net Income": 11970000.0,
        "Net Income Including Noncontrolling Interests": 11970000.0,
        "Net Income Continuous Operations": 11970000.0,
        "Tax Provision": 2678000.0,
        "Pretax Income": 14648000.0,
        "Other Income Expense": 726000.0,
        "Gain On Sale Of Security": 726000.0,
        "Net Non Operating Interest Income Expense": -302000.0,
        "Interest Expense Non Operating": 302000.0,
        "Operating Income": 14224000.0,
        "Operating Expense": 26708000.0,
        "Selling General And Administration": 26708000.0,
        "Selling And Marketing Expense": 9234000.0,
        "General And Administrative Expense": 17474000.0,
        "Other Gand A": 17474000.0,
        "Gross Profit": 40932000.0,
        "Cost Of Revenue": 64606000.0,
        "Total Revenue": 105538000.0,
        "Operating Revenue": 105538000.0
    },
    "2024-03-31": {
        "Tax Effect Of Unusual Items": -58285.714286,
        "Tax Rate For Calcs": 0.214286,
        "Normalized EBITDA": 11972000.0,
        "Total Unusual Items": -272000.0,
        "Total Unusual Items Excluding Goodwill": -272000.0,
        "Net Income From Continuing Operation Net Minority Interest": 6666000.0,
        "Reconciled Depreciation": 2743000.0,
        "Reconciled Cost Of Revenue": 52228000.0,
        "EBITDA": 11700000.0,
        "EBIT": 8957000.0,
        "Net Interest Income": -473000.0,
        "Interest Expense": 473000.0,
        "Normalized Income": 6879714.285714,
        "Net Income From Continuing And Discontinued Operation": 6666000.0,
        "Total Expenses": 80875000.0,
        "Total Operating Income As Reported": 9229000.0,
        "Diluted Average Shares": 27637000.0,
        "Basic Average Shares": 27630000.0,
        "Diluted EPS": 0.24,
        "Basic EPS": 0.24,
        "Diluted NI Availto Com Stockholders": 6666000.0,
        "Net Income Common Stockholders": 6666000.0,
        "Net Income": 6666000.0,
        "Net Income Including Noncontrolling Interests": 6666000.0,
        "Net Income Continuous Operations": 6666000.0,
        "Tax Provision": 1818000.0,
        "Pretax Income": 8484000.0,
        "Other Income Expense": -272000.0,
        "Gain On Sale Of Security": -272000.0,
        "Net Non Operating Interest Income Expense": -473000.0,
        "Interest Expense Non Operating": 473000.0,
        "Operating Income": 9229000.0,
        "Operating Expense": 28647000.0,
        "Selling General And Administration": 28647000.0,
        "Selling And Marketing Expense": 10391000.0,
        "General And Administrative Expense": 18256000.0,
        "Other Gand A": 18256000.0,
        "Gross Profit": 37876000.0,
        "Cost Of Revenue": 52228000.0,
        "Total Revenue": 90104000.0,
        "Operating Revenue": 90104000.0
    },
    "2024-06-30": {
        "Tax Effect Of Unusual Items": -51700.0,
        "Tax Rate For Calcs": 0.188,
        "Normalized EBITDA": 22099000.0,
        "Total Unusual Items": -275000.0,
        "Total Unusual Items Excluding Goodwill": -275000.0,
        "Net Income From Continuing Operation Net Minority Interest": 15033000.0,
        "Reconciled Depreciation": 2913000.0,
        "Reconciled Cost Of Revenue": 62052000.0,
        "EBITDA": 21824000.0,
        "EBIT": 18911000.0,
        "Net Interest Income": -392000.0,
        "Interest Expense": 392000.0,
        "Normalized Income": 15256300.0,
        "Net Income From Continuing And Discontinued Operation": 15033000.0,
        "Total Expenses": 90731000.0,
        "Total Operating Income As Reported": 19186000.0,
        "Diluted Average Shares": NaN,
        "Basic Average Shares": NaN,
        "Diluted EPS": NaN,
        "Basic EPS": NaN,
        "Diluted NI Availto Com Stockholders": 15033000.0,
        "Net Income Common Stockholders": 15033000.0,
        "Net Income": 15033000.0,
        "Minority Interests": 0.0,
        "Net Income Including Noncontrolling Interests": 15033000.0,
        "Net Income Continuous Operations": 15033000.0,
        "Tax Provision": 3486000.0,
        "Pretax Income": 18519000.0,
        "Other Income Expense": -275000.0,
        "Gain On Sale Of Security": -275000.0,
        "Net Non Operating Interest Income Expense": -392000.0,
        "Interest Expense Non Operating": 392000.0,
        "Operating Income": 19186000.0,
        "Operating Expense": 28679000.0,
        "Selling General And Administration": 28679000.0,
        "Selling And Marketing Expense": 10280000.0,
        "General And Administrative Expense": 18399000.0,
        "Other Gand A": 18399000.0,
        "Gross Profit": 47865000.0,
        "Cost Of Revenue": 62052000.0,
        "Total Revenue": 109917000.0,
        "Operating Revenue": 109917000.0
    },
    "2024-09-30": {
        "Tax Effect Of Unusual Items": 66400.0,
        "Tax Rate For Calcs": 0.2,
        "Normalized EBITDA": 21366000.0,
        "Total Unusual Items": 332000.0,
        "Total Unusual Items Excluding Goodwill": 332000.0,
        "Net Income From Continuing Operation Net Minority Interest": 14892000.0,
        "Reconciled Depreciation": 2979000.0,
        "Reconciled Cost Of Revenue": 64936000.0,
        "EBITDA": 21698000.0,
        "EBIT": 18719000.0,
        "Net Interest Income": -97000.0,
        "Interest Expense": 97000.0,
        "Normalized Income": 14626400.0,
        "Net Income From Continuing And Discontinued Operation": 14892000.0,
        "Total Expenses": 94465000.0,
        "Total Operating Income As Reported": 18387000.0,
        "Diluted Average Shares": 27644000.0,
        "Basic Average Shares": 27642000.0,
        "Diluted EPS": 0.54,
        "Basic EPS": 0.54,
        "Diluted NI Availto Com Stockholders": 14892000.0,
        "Net Income Common Stockholders": 14892000.0,
        "Net Income": 14892000.0,
        "Minority Interests": NaN,
        "Net Income Including Noncontrolling Interests": 14892000.0,
        "Net Income Continuous Operations": 14892000.0,
        "Tax Provision": 3730000.0,
        "Pretax Income": 18622000.0,
        "Other Income Expense": 332000.0,
        "Gain On Sale Of Security": 332000.0,
        "Net Non Operating Interest Income Expense": -97000.0,
        "Interest Expense Non Operating": 97000.0,
        "Operating Income": 18387000.0,
        "Operating Expense": 29529000.0,
        "Selling General And Administration": 29529000.0,
        "Selling And Marketing Expense": 10637000.0,
        "General And Administrative Expense": 18892000.0,
        "Other Gand A": 18892000.0,
        "Gross Profit": 47916000.0,
        "Cost Of Revenue": 64936000.0,
        "Total Revenue": 112852000.0,
        "Operating Revenue": 112852000.0
    },
    "2024-12-31": {
        "Tax Effect Of Unusual Items": -234013.986014,
        "Tax Rate For Calcs": 0.202259,
        "Normalized EBITDA": 15407000.0,
        "Total Unusual Items": -1157000.0,
        "Total Unusual Items Excluding Goodwill": -1157000.0,
        "Net Income From Continuing Operation Net Minority Interest": 8898000.0,
        "Reconciled Depreciation": 3062000.0,
        "Reconciled Cost Of Revenue": 63824000.0,
        "EBITDA": 14250000.0,
        "EBIT": 11188000.0,
        "Net Interest Income": -34000.0,
        "Interest Expense": 34000.0,
        "Normalized Income": 9820986.013986,
        "Net Income From Continuing And Discontinued Operation": 8898000.0,
        "Total Expenses": 95182000.0,
        "Total Operating Income As Reported": 12345000.0,
        "Diluted Average Shares": 27656000.0,
        "Basic Average Shares": 27649000.0,
        "Diluted EPS": 0.32,
        "Basic EPS": 0.32,
        "Diluted NI Availto Com Stockholders": 8898000.0,
        "Net Income Common Stockholders": 8898000.0,
        "Net Income": 8898000.0,
        "Minority Interests": NaN,
        "Net Income Including Noncontrolling Interests": 8898000.0,
        "Net Income Continuous Operations": 8898000.0,
        "Tax Provision": 2256000.0,
        "Pretax Income": 11154000.0,
        "Other Income Expense": -1157000.0,
        "Gain On Sale Of Security": -1157000.0,
        "Net Non Operating Interest Income Expense": -34000.0,
        "Interest Expense Non Operating": 34000.0,
        "Operating Income": 12345000.0,
        "Operating Expense": 31358000.0,
        "Selling General And Administration": 31358000.0,
        "Selling And Marketing Expense": 11509000.0,
        "General And Administrative Expense": 19849000.0,
        "Other Gand A": 19849000.0,
        "Gross Profit": 43703000.0,
        "Cost Of Revenue": 63824000.0,
        "Total Revenue": 107527000.0,
        "Operating Revenue": 107527000.0
    },
    "2025-03-31": {
        "Tax Effect Of Unusual Items": 56165.0,
        "Tax Rate For Calcs": 0.239,
        "Normalized EBITDA": 14176000.0,
        "Total Unusual Items": 235000.0,
        "Total Unusual Items Excluding Goodwill": 235000.0,
        "Net Income From Continuing Operation Net Minority Interest": 8586000.0,
        "Reconciled Depreciation": 3056000.0,
        "Reconciled Cost Of Revenue": 59909000.0,
        "EBITDA": 14411000.0,
        "EBIT": 11355000.0,
        "Net Interest Income": -75000.0,
        "Interest Expense": 75000.0,
        "Normalized Income": 8407165.0,
        "Net Income From Continuing And Discontinued Operation": 8586000.0,
        "Total Expenses": 92685000.0,
        "Total Operating Income As Reported": 11120000.0,
        "Diluted Average Shares": 27676000.0,
        "Basic Average Shares": 27655000.0,
        "Diluted EPS": 0.31,
        "Basic EPS": 0.31,
        "Diluted NI Availto Com Stockholders": 8586000.0,
        "Net Income Common Stockholders": 8586000.0,
        "Net Income": 8586000.0,
        "Minority Interests": NaN,
        "Net Income Including Noncontrolling Interests": 8586000.0,
        "Net Income Continuous Operations": 8586000.0,
        "Tax Provision": 2694000.0,
        "Pretax Income": 11280000.0,
        "Other Income Expense": 235000.0,
        "Gain On Sale Of Security": 235000.0,
        "Net Non Operating Interest Income Expense": -75000.0,
        "Interest Expense Non Operating": 75000.0,
        "Operating Income": 11120000.0,
        "Operating Expense": 32776000.0,
        "Selling General And Administration": 32776000.0,
        "Selling And Marketing Expense": 11875000.0,
        "General And Administrative Expense": 20901000.0,
        "Other Gand A": 20901000.0,
        "Gross Profit": 43896000.0,
        "Cost Of Revenue": 59909000.0,
        "Total Revenue": 103805000.0,
        "Operating Revenue": 103805000.0
    },
    "2025-06-30": {
        "Tax Effect Of Unusual Items": 210917.0,
        "Tax Rate For Calcs": 0.203,
        "Normalized EBITDA": 22394000.0,
        "Total Unusual Items": 1039000.0,
        "Total Unusual Items Excluding Goodwill": 1039000.0,
        "Net Income From Continuing Operation Net Minority Interest": 16290000.0,
        "Reconciled Depreciation": 3096000.0,
        "Reconciled Cost Of Revenue": 71196000.0,
        "EBITDA": 23433000.0,
        "EBIT": 20337000.0,
        "Net Interest Income": -7000.0,
        "Interest Expense": 7000.0,
        "Normalized Income": 15461917.0,
        "Net Income From Continuing And Discontinued Operation": 16290000.0,
        "Total Expenses": 105415000.0,
        "Total Operating Income As Reported": 19298000.0,
        "Diluted Average Shares": 27673000.0,
        "Basic Average Shares": 27666000.0,
        "Diluted EPS": 0.59,
        "Basic EPS": 0.59,
        "Diluted NI Availto Com Stockholders": 16290000.0,
        "Net Income Common Stockholders": 16290000.0,
        "Net Income": 16290000.0,
        "Minority Interests": 82000.0,
        "Net Income Including Noncontrolling Interests": 16208000.0,
        "Net Income Continuous Operations": 16208000.0,
        "Tax Provision": 4122000.0,
        "Pretax Income": 20330000.0,
        "Other Income Expense": 1039000.0,
        "Gain On Sale Of Security": 1039000.0,
        "Net Non Operating Interest Income Expense": -7000.0,
        "Interest Expense Non Operating": 7000.0,
        "Operating Income": 19298000.0,
        "Operating Expense": 34219000.0,
        "Selling General And Administration": 34219000.0,
        "Selling And Marketing Expense": 11862000.0,
        "General And Administrative Expense": 22357000.0,
        "Other Gand A": 22357000.0,
        "Gross Profit": 53517000.0,
        "Cost Of Revenue": 71196000.0,
        "Total Revenue": 124713000.0,
        "Operating Revenue": 124713000.0
    },
    "2025-09-30": {
        "Tax Effect Of Unusual Items": NaN,
        "Tax Rate For Calcs": NaN,
        "Normalized EBITDA": NaN,
        "Total Unusual Items": NaN,
        "Total Unusual Items Excluding Goodwill": NaN,
        "Net Income From Continuing Operation Net Minority Interest": NaN,
        "Reconciled Depreciation": NaN,
        "Reconciled Cost Of Revenue": NaN,
        "EBITDA": NaN,
        "EBIT": NaN,
        "Net Interest Income": NaN,
        "Interest Expense": NaN,
        "Normalized Income": NaN,
        "Net Income From Continuing And Discontinued Operation": NaN,
        "Total Expenses": NaN,
        "Total Operating Income As Reported": NaN,
        "Diluted Average Shares": 27701000.0,
        "Basic Average Shares": 27675000.0,
        "Diluted EPS": 0.47,
        "Basic EPS": 0.47,
        "Diluted NI Availto Com Stockholders": NaN,
        "Net Income Common Stockholders": NaN,
        "Net Income": NaN,
        "Minority Interests": NaN,
        "Net Income Including Noncontrolling Interests": NaN,
        "Net Income Continuous Operations": NaN,
        "Tax Provision": NaN,
        "Pretax Income": NaN,
        "Other Income Expense": NaN,
        "Gain On Sale Of Security": NaN,
        "Net Non Operating Interest Income Expense": NaN,
        "Interest Expense Non Operating": NaN,
        "Operating Income": NaN,
        "Operating Expense": NaN,
        "Selling General And Administration": NaN,
        "Selling And Marketing Expense": NaN,
        "General And Administrative Expense": NaN,
        "Other Gand A": NaN,
        "Gross Profit": NaN,
        "Cost Of Revenue": NaN,
        "Total Revenue": NaN,
        "Operating Revenue": NaN
    }
}