{
    "2023-03-31": {
        "Tax Effect Of Unusual Items": NaN,
        "Tax Rate For Calcs": NaN,
        "Normalized EBITDA": NaN,
        "Total Unusual Items": NaN,
        "Total Unusual Items Excluding Goodwill": NaN,
        "Net Income From Continuing Operation Net Minority Interest": NaN,
        "Reconciled Depreciation": NaN,
        "Reconciled Cost Of Revenue": NaN,
        "EBITDA": NaN,
        "EBIT": NaN,
        "Net Interest Income": NaN,
        "Interest Expense": NaN,
        "Interest Income": NaN,
        "Normalized Income": NaN,
        "Net Income From Continuing And Discontinued Operation": NaN,
        "Total Expenses": NaN,
        "Total Operating Income As Reported": NaN,
        "Diluted Average Shares": 30754000.0,
        "Basic Average Shares": 30754000.0,
        "Diluted EPS": -1.38,
        "Basic EPS": -1.38,
        "Diluted NI Availto Com Stockholders": NaN,
        "Average Dilution Earnings": NaN,
        "Net Income Common Stockholders": NaN,
        "Otherunder Preferred Stock Dividend": NaN,
        "Preferred Stock Dividends": NaN,
        "Net Income": NaN,
        "Minority Interests": NaN,
        "Net Income Including Noncontrolling Interests": NaN,
        "Net Income Continuous Operations": NaN,
        "Tax Provision": NaN,
        "Pretax Income": NaN,
        "Other Income Expense": NaN,
        "Other Non Operating Income Expenses": NaN,
        "Special Income Charges": NaN,
        "Impairment Of Capital Assets": NaN,
        "Restructuring And Mergern Acquisition": NaN,
        "Net Non Operating Interest Income Expense": NaN,
        "Interest Expense Non Operating": NaN,
        "Interest Income Non Operating": NaN,
        "Operating Income": NaN,
        "Operating Expense": NaN,
        "Depreciation Amortization Depletion Income Statement": NaN,
        "Depreciation And Amortization In Income Statement": NaN,
        "Selling General And Administration": NaN,
        "Gross Profit": NaN,
        "Cost Of Revenue": NaN,
        "Total Revenue": NaN,
        "Operating Revenue": NaN
    },
    "2022-12-31": {
        "Tax Effect Of Unusual Items": NaN,
        "Tax Rate For Calcs": NaN,
        "Normalized EBITDA": NaN,
        "Total Unusual Items": NaN,
        "Total Unusual Items Excluding Goodwill": NaN,
        "Net Income From Continuing Operation Net Minority Interest": NaN,
        "Reconciled Depreciation": NaN,
        "Reconciled Cost Of Revenue": NaN,
        "EBITDA": NaN,
        "EBIT": NaN,
        "Net Interest Income": NaN,
        "Interest Expense": NaN,
        "Interest Income": NaN,
        "Normalized Income": NaN,
        "Net Income From Continuing And Discontinued Operation": NaN,
        "Total Expenses": NaN,
        "Total Operating Income As Reported": NaN,
        "Diluted Average Shares": 26819000.0,
        "Basic Average Shares": 26819000.0,
        "Diluted EPS": -1.13,
        "Basic EPS": -1.13,
        "Diluted NI Availto Com Stockholders": NaN,
        "Average Dilution Earnings": NaN,
        "Net Income Common Stockholders": NaN,
        "Otherunder Preferred Stock Dividend": NaN,
        "Preferred Stock Dividends": NaN,
        "Net Income": NaN,
        "Minority Interests": NaN,
        "Net Income Including Noncontrolling Interests": NaN,
        "Net Income Continuous Operations": NaN,
        "Tax Provision": NaN,
        "Pretax Income": NaN,
        "Other Income Expense": NaN,
        "Other Non Operating Income Expenses": NaN,
        "Special Income Charges": NaN,
        "Restructuring And Mergern Acquisition": NaN,
        "Net Non Operating Interest Income Expense": NaN,
        "Interest Expense Non Operating": NaN,
        "Interest Income Non Operating": NaN,
        "Operating Income": NaN,
        "Operating Expense": NaN,
        "Depreciation Amortization Depletion Income Statement": NaN,
        "Depreciation And Amortization In Income Statement": NaN,
        "Selling General And Administration": NaN,
        "Gross Profit": NaN,
        "Cost Of Revenue": NaN,
        "Total Revenue": NaN,
        "Operating Revenue": NaN
    },
    "2022-09-30": {
        "Tax Effect Of Unusual Items": NaN,
        "Tax Rate For Calcs": NaN,
        "Normalized EBITDA": NaN,
        "Total Unusual Items": NaN,
        "Total Unusual Items Excluding Goodwill": NaN,
        "Net Income From Continuing Operation Net Minority Interest": NaN,
        "Reconciled Depreciation": NaN,
        "Reconciled Cost Of Revenue": NaN,
        "EBITDA": NaN,
        "EBIT": NaN,
        "Net Interest Income": NaN,
        "Interest Expense": NaN,
        "Interest Income": NaN,
        "Normalized Income": NaN,
        "Net Income From Continuing And Discontinued Operation": NaN,
        "Total Expenses": NaN,
        "Total Operating Income As Reported": NaN,
        "Diluted Average Shares": NaN,
        "Basic Average Shares": NaN,
        "Diluted EPS": NaN,
        "Basic EPS": NaN,
        "Diluted NI Availto Com Stockholders": NaN,
        "Average Dilution Earnings": 0.0,
        "Net Income Common Stockholders": NaN,
        "Otherunder Preferred Stock Dividend": NaN,
        "Preferred Stock Dividends": NaN,
        "Net Income": NaN,
        "Minority Interests": NaN,
        "Net Income Including Noncontrolling Interests": NaN,
        "Net Income Continuous Operations": NaN,
        "Tax Provision": NaN,
        "Pretax Income": NaN,
        "Other Income Expense": NaN,
        "Other Non Operating Income Expenses": NaN,
        "Special Income Charges": NaN,
        "Restructuring And Mergern Acquisition": NaN,
        "Net Non Operating Interest Income Expense": NaN,
        "Interest Expense Non Operating": NaN,
        "Interest Income Non Operating": NaN,
        "Operating Income": NaN,
        "Operating Expense": NaN,
        "Depreciation Amortization Depletion Income Statement": NaN,
        "Depreciation And Amortization In Income Statement": NaN,
        "Selling General And Administration": NaN,
        "Gross Profit": NaN,
        "Cost Of Revenue": NaN,
        "Total Revenue": NaN,
        "Operating Revenue": NaN
    },
    "2022-06-30": {
        "Tax Effect Of Unusual Items": 2087382.0,
        "Tax Rate For Calcs": 0.066,
        "Normalized EBITDA": 8512000.0,
        "Total Unusual Items": 31627000.0,
        "Total Unusual Items Excluding Goodwill": 31627000.0,
        "Net Income From Continuing Operation Net Minority Interest": -41115000.0,
        "Reconciled Depreciation": 3579000.0,
        "Reconciled Cost Of Revenue": 22144000.0,
        "EBITDA": 40139000.0,
        "EBIT": 36560000.0,
        "Net Interest Income": -2448000.0,
        "Interest Expense": 2866000.0,
        "Interest Income": 418000.0,
        "Normalized Income": -70654618.0,
        "Net Income From Continuing And Discontinued Operation": -41115000.0,
        "Total Expenses": 55045000.0,
        "Total Operating Income As Reported": 36142000.0,
        "Diluted Average Shares": 63183000.0,
        "Basic Average Shares": 25414000.0,
        "Diluted EPS": 0.5,
        "Basic EPS": 3.28,
        "Diluted NI Availto Com Stockholders": 31477000.0,
        "Average Dilution Earnings": -51979000.0,
        "Net Income Common Stockholders": 83456000.0,
        "Otherunder Preferred Stock Dividend": -127821000.0,
        "Preferred Stock Dividends": 3250000.0,
        "Net Income": -41115000.0,
        "Minority Interests": -72592000.0,
        "Net Income Including Noncontrolling Interests": 31477000.0,
        "Net Income Continuous Operations": 31477000.0,
        "Tax Provision": 2217000.0,
        "Pretax Income": 33694000.0,
        "Other Income Expense": 31627000.0,
        "Other Non Operating Income Expenses": NaN,
        "Special Income Charges": 31627000.0,
        "Restructuring And Mergern Acquisition": -31627000.0,
        "Net Non Operating Interest Income Expense": -2448000.0,
        "Interest Expense Non Operating": 2866000.0,
        "Interest Income Non Operating": 418000.0,
        "Operating Income": 4515000.0,
        "Operating Expense": 32901000.0,
        "Depreciation Amortization Depletion Income Statement": 3579000.0,
        "Depreciation And Amortization In Income Statement": 3579000.0,
        "Selling General And Administration": 29322000.0,
        "Gross Profit": 37416000.0,
        "Cost Of Revenue": 22144000.0,
        "Total Revenue": 59560000.0,
        "Operating Revenue": 51693000.0
    },
    "2022-03-31": {
        "Diluted EPS": -1.51,
        "Total Revenue": 50,
        "Gross Profit": 37,
        "Operating Income": -15,
        "EBIT": -11,
        "Net Income": -8
    },
    "2021-12-31": {
        "Diluted EPS": -2.47,
        "Total Revenue": 49,
        "Gross Profit": 36,
        "Operating Income": -27,
        "EBIT": -23,
        "Net Income": -47
    },
    "2021-09-30": {
        "Diluted EPS": -0.38,
        "Total Revenue": 41,
        "Gross Profit": 30,
        "Operating Income": -3,
        "EBIT": 2,
        "Net Income": -4
    },
    "2021-06-30": {
        "Diluted EPS": 0.0,
        "Total Revenue": 36,
        "Gross Profit": 26,
        "Operating Income": 0,
        "EBIT": 7,
        "Net Income": -8
    },
    "2021-03-31": {
        "Diluted EPS": 0.0,
        "Total Revenue": 29,
        "Gross Profit": 21,
        "Operating Income": 0,
        "EBIT": 2,
        "Net Income": -5
    },
    "2020-12-31": {
        "Diluted EPS": 0.0,
        "Total Revenue": NaN,
        "Gross Profit": NaN,
        "Operating Income": NaN,
        "EBIT": NaN,
        "Net Income": NaN
    },
    "2020-09-30": {
        "Diluted EPS": 0.0,
        "Total Revenue": 26,
        "Gross Profit": 18,
        "Operating Income": 3,
        "EBIT": 5,
        "Net Income": -2
    },
    "2020-06-30": {
        "Diluted EPS": 0.0,
        "Total Revenue": 21,
        "Gross Profit": 13,
        "Operating Income": 0,
        "EBIT": 0,
        "Net Income": -5
    },
    "2019-12-31": {
        "Diluted EPS": 0.0,
        "Total Revenue": NaN,
        "Gross Profit": NaN,
        "Operating Income": NaN,
        "EBIT": NaN,
        "Net Income": NaN
    },
    "2023-06-30": {
        "Tax Effect Of Unusual Items": NaN,
        "Tax Rate For Calcs": NaN,
        "Normalized EBITDA": NaN,
        "Total Unusual Items": NaN,
        "Total Unusual Items Excluding Goodwill": NaN,
        "Net Income From Continuing Operation Net Minority Interest": NaN,
        "Reconciled Depreciation": NaN,
        "Reconciled Cost Of Revenue": NaN,
        "EBITDA": NaN,
        "EBIT": NaN,
        "Net Interest Income": NaN,
        "Interest Expense": NaN,
        "Interest Income": NaN,
        "Normalized Income": NaN,
        "Net Income From Continuing And Discontinued Operation": NaN,
        "Total Expenses": NaN,
        "Total Operating Income As Reported": NaN,
        "Diluted Average Shares": 41593000.0,
        "Basic Average Shares": 33045000.0,
        "Diluted EPS": 0.09,
        "Basic EPS": 1.44,
        "Diluted NI Availto Com Stockholders": NaN,
        "Average Dilution Earnings": NaN,
        "Net Income Common Stockholders": NaN,
        "Otherunder Preferred Stock Dividend": NaN,
        "Preferred Stock Dividends": NaN,
        "Net Income": NaN,
        "Minority Interests": NaN,
        "Net Income Including Noncontrolling Interests": NaN,
        "Net Income Continuous Operations": NaN,
        "Tax Provision": NaN,
        "Pretax Income": NaN,
        "Other Income Expense": NaN,
        "Other Non Operating Income Expenses": NaN,
        "Special Income Charges": NaN,
        "Impairment Of Capital Assets": 7238000.0,
        "Restructuring And Mergern Acquisition": NaN,
        "Net Non Operating Interest Income Expense": NaN,
        "Interest Expense Non Operating": NaN,
        "Interest Income Non Operating": NaN,
        "Operating Income": NaN,
        "Operating Expense": NaN,
        "Depreciation Amortization Depletion Income Statement": NaN,
        "Depreciation And Amortization In Income Statement": NaN,
        "Selling General And Administration": NaN,
        "Gross Profit": NaN,
        "Cost Of Revenue": NaN,
        "Total Revenue": NaN,
        "Operating Revenue": NaN
    },
    "2023-09-30": {
        "Tax Effect Of Unusual Items": NaN,
        "Tax Rate For Calcs": NaN,
        "Normalized EBITDA": NaN,
        "Total Unusual Items": NaN,
        "Total Unusual Items Excluding Goodwill": NaN,
        "Net Income From Continuing Operation Net Minority Interest": NaN,
        "Reconciled Depreciation": NaN,
        "Reconciled Cost Of Revenue": NaN,
        "EBITDA": NaN,
        "EBIT": NaN,
        "Net Interest Income": NaN,
        "Interest Expense": NaN,
        "Interest Income": NaN,
        "Normalized Income": NaN,
        "Net Income From Continuing And Discontinued Operation": NaN,
        "Total Expenses": NaN,
        "Total Operating Income As Reported": NaN,
        "Diluted Average Shares": NaN,
        "Basic Average Shares": NaN,
        "Diluted EPS": NaN,
        "Basic EPS": NaN,
        "Diluted NI Availto Com Stockholders": NaN,
        "Average Dilution Earnings": -49572000.0,
        "Net Income Common Stockholders": NaN,
        "Otherunder Preferred Stock Dividend": NaN,
        "Preferred Stock Dividends": NaN,
        "Net Income": NaN,
        "Minority Interests": NaN,
        "Net Income Including Noncontrolling Interests": NaN,
        "Net Income Continuous Operations": NaN,
        "Tax Provision": NaN,
        "Pretax Income": NaN,
        "Other Income Expense": NaN,
        "Other Non Operating Income Expenses": NaN,
        "Special Income Charges": NaN,
        "Impairment Of Capital Assets": NaN,
        "Restructuring And Mergern Acquisition": NaN,
        "Net Non Operating Interest Income Expense": NaN,
        "Interest Expense Non Operating": NaN,
        "Interest Income Non Operating": NaN,
        "Operating Income": NaN,
        "Operating Expense": NaN,
        "Depreciation Amortization Depletion Income Statement": NaN,
        "Depreciation And Amortization In Income Statement": NaN,
        "Selling General And Administration": NaN,
        "Gross Profit": NaN,
        "Cost Of Revenue": NaN,
        "Total Revenue": NaN,
        "Operating Revenue": NaN
    },
    "2023-12-31": {
        "Tax Effect Of Unusual Items": NaN,
        "Tax Rate For Calcs": NaN,
        "Normalized EBITDA": NaN,
        "Total Unusual Items": NaN,
        "Total Unusual Items Excluding Goodwill": NaN,
        "Net Income From Continuing Operation Net Minority Interest": NaN,
        "Reconciled Depreciation": NaN,
        "Reconciled Cost Of Revenue": NaN,
        "EBITDA": NaN,
        "EBIT": NaN,
        "Net Interest Income": NaN,
        "Interest Expense": NaN,
        "Interest Income": NaN,
        "Normalized Income": NaN,
        "Net Income From Continuing And Discontinued Operation": NaN,
        "Total Expenses": NaN,
        "Total Operating Income As Reported": NaN,
        "Diluted Average Shares": NaN,
        "Basic Average Shares": NaN,
        "Diluted EPS": NaN,
        "Basic EPS": NaN,
        "Diluted NI Availto Com Stockholders": NaN,
        "Average Dilution Earnings": -13781000.0,
        "Net Income Common Stockholders": NaN,
        "Otherunder Preferred Stock Dividend": NaN,
        "Preferred Stock Dividends": NaN,
        "Net Income": NaN,
        "Minority Interests": NaN,
        "Net Income Including Noncontrolling Interests": NaN,
        "Net Income Continuous Operations": NaN,
        "Tax Provision": NaN,
        "Pretax Income": NaN,
        "Other Income Expense": NaN,
        "Other Non Operating Income Expenses": NaN,
        "Special Income Charges": NaN,
        "Impairment Of Capital Assets": NaN,
        "Restructuring And Mergern Acquisition": NaN,
        "Net Non Operating Interest Income Expense": NaN,
        "Interest Expense Non Operating": NaN,
        "Interest Income Non Operating": NaN,
        "Operating Income": NaN,
        "Operating Expense": NaN,
        "Depreciation Amortization Depletion Income Statement": NaN,
        "Depreciation And Amortization In Income Statement": NaN,
        "Selling General And Administration": NaN,
        "Gross Profit": NaN,
        "Cost Of Revenue": NaN,
        "Total Revenue": NaN,
        "Operating Revenue": NaN
    },
    "2024-03-31": {
        "Tax Effect Of Unusual Items": -55887.542797,
        "Tax Rate For Calcs": 0.012378,
        "Normalized EBITDA": 16699000.0,
        "Total Unusual Items": -4515000.0,
        "Total Unusual Items Excluding Goodwill": -4515000.0,
        "Net Income From Continuing Operation Net Minority Interest": 970000.0,
        "Reconciled Depreciation": 4436000.0,
        "Reconciled Cost Of Revenue": 26128000.0,
        "EBITDA": 12184000.0,
        "EBIT": 7748000.0,
        "Net Interest Income": -11182000.0,
        "Interest Expense": 11545000.0,
        "Interest Income": 363000.0,
        "Normalized Income": 5429112.457203,
        "Net Income From Continuing And Discontinued Operation": 970000.0,
        "Total Expenses": 67184000.0,
        "Total Operating Income As Reported": 7994000.0,
        "Diluted Average Shares": 31125000.0,
        "Basic Average Shares": 31125000.0,
        "Diluted EPS": -0.29,
        "Basic EPS": -0.29,
        "Diluted NI Availto Com Stockholders": -8999000.0,
        "Average Dilution Earnings": NaN,
        "Net Income Common Stockholders": -8999000.0,
        "Otherunder Preferred Stock Dividend": 8106000.0,
        "Preferred Stock Dividends": 1863000.0,
        "Net Income": 970000.0,
        "Minority Interests": 4720000.0,
        "Net Income Including Noncontrolling Interests": -3750000.0,
        "Net Income Continuous Operations": -3750000.0,
        "Tax Provision": -47000.0,
        "Pretax Income": -3797000.0,
        "Other Income Expense": -5124000.0,
        "Other Non Operating Income Expenses": -609000.0,
        "Special Income Charges": -4515000.0,
        "Impairment Of Capital Assets": 0.0,
        "Restructuring And Mergern Acquisition": 4515000.0,
        "Net Non Operating Interest Income Expense": -11182000.0,
        "Interest Expense Non Operating": 11545000.0,
        "Interest Income Non Operating": 363000.0,
        "Operating Income": 12509000.0,
        "Operating Expense": 41056000.0,
        "Depreciation Amortization Depletion Income Statement": 4436000.0,
        "Depreciation And Amortization In Income Statement": 4436000.0,
        "Selling General And Administration": 36620000.0,
        "Gross Profit": 53565000.0,
        "Cost Of Revenue": 26128000.0,
        "Total Revenue": 79693000.0,
        "Operating Revenue": 71831000.0
    },
    "2024-06-30": {
        "Tax Effect Of Unusual Items": NaN,
        "Tax Rate For Calcs": NaN,
        "Normalized EBITDA": NaN,
        "Total Unusual Items": NaN,
        "Total Unusual Items Excluding Goodwill": NaN,
        "Net Income From Continuing Operation Net Minority Interest": NaN,
        "Reconciled Depreciation": NaN,
        "Reconciled Cost Of Revenue": NaN,
        "EBITDA": NaN,
        "EBIT": NaN,
        "Net Interest Income": NaN,
        "Interest Expense": NaN,
        "Interest Income": NaN,
        "Normalized Income": NaN,
        "Net Income From Continuing And Discontinued Operation": NaN,
        "Total Expenses": NaN,
        "Total Operating Income As Reported": NaN,
        "Diluted Average Shares": NaN,
        "Basic Average Shares": NaN,
        "Diluted EPS": NaN,
        "Basic EPS": NaN,
        "Diluted NI Availto Com Stockholders": NaN,
        "Average Dilution Earnings": 0.0,
        "Net Income Common Stockholders": NaN,
        "Otherunder Preferred Stock Dividend": NaN,
        "Preferred Stock Dividends": NaN,
        "Net Income": NaN,
        "Minority Interests": NaN,
        "Net Income Including Noncontrolling Interests": NaN,
        "Net Income Continuous Operations": NaN,
        "Tax Provision": NaN,
        "Pretax Income": NaN,
        "Other Income Expense": NaN,
        "Other Non Operating Income Expenses": NaN,
        "Special Income Charges": NaN,
        "Impairment Of Capital Assets": NaN,
        "Restructuring And Mergern Acquisition": NaN,
        "Net Non Operating Interest Income Expense": NaN,
        "Interest Expense Non Operating": NaN,
        "Interest Income Non Operating": NaN,
        "Operating Income": NaN,
        "Operating Expense": NaN,
        "Depreciation Amortization Depletion Income Statement": NaN,
        "Depreciation And Amortization In Income Statement": NaN,
        "Selling General And Administration": NaN,
        "Gross Profit": NaN,
        "Cost Of Revenue": NaN,
        "Total Revenue": NaN,
        "Operating Revenue": NaN
    },
    "2024-09-30": {
        "Tax Effect Of Unusual Items": -1715490.0,
        "Tax Rate For Calcs": 0.21,
        "Normalized EBITDA": 6220000.0,
        "Total Unusual Items": -8169000.0,
        "Total Unusual Items Excluding Goodwill": -8169000.0,
        "Net Income From Continuing Operation Net Minority Interest": -13514000.0,
        "Reconciled Depreciation": 4226000.0,
        "Reconciled Cost Of Revenue": 28577000.0,
        "EBITDA": -1949000.0,
        "EBIT": -6175000.0,
        "Net Interest Income": -11362000.0,
        "Interest Expense": 11843000.0,
        "Interest Income": 481000.0,
        "Normalized Income": -7060490.0,
        "Net Income From Continuing And Discontinued Operation": -13514000.0,
        "Total Expenses": 78966000.0,
        "Total Operating Income As Reported": -6605000.0,
        "Diluted Average Shares": 32177000.0,
        "Basic Average Shares": 32177000.0,
        "Diluted EPS": -0.29,
        "Basic EPS": -0.29,
        "Diluted NI Availto Com Stockholders": -9318000.0,
        "Average Dilution Earnings": 0.0,
        "Net Income Common Stockholders": -9318000.0,
        "Otherunder Preferred Stock Dividend": -6094000.0,
        "Preferred Stock Dividends": 1898000.0,
        "Net Income": -13514000.0,
        "Minority Interests": 4635000.0,
        "Net Income Including Noncontrolling Interests": -18149000.0,
        "Net Income Continuous Operations": -18149000.0,
        "Tax Provision": 131000.0,
        "Pretax Income": -18018000.0,
        "Other Income Expense": -8220000.0,
        "Other Non Operating Income Expenses": -51000.0,
        "Special Income Charges": -8169000.0,
        "Impairment Of Capital Assets": 4505000.0,
        "Restructuring And Mergern Acquisition": 3664000.0,
        "Net Non Operating Interest Income Expense": -11362000.0,
        "Interest Expense Non Operating": 11843000.0,
        "Interest Income Non Operating": 481000.0,
        "Operating Income": 1564000.0,
        "Operating Expense": 50389000.0,
        "Depreciation Amortization Depletion Income Statement": 4226000.0,
        "Depreciation And Amortization In Income Statement": 4226000.0,
        "Selling General And Administration": 46163000.0,
        "Gross Profit": 51953000.0,
        "Cost Of Revenue": 28577000.0,
        "Total Revenue": 80530000.0,
        "Operating Revenue": 74281000.0
    },
    "2024-12-31": {
        "Tax Effect Of Unusual Items": -422332.247969,
        "Tax Rate For Calcs": 0.00882,
        "Normalized EBITDA": 758000.0,
        "Total Unusual Items": -47884000.0,
        "Total Unusual Items Excluding Goodwill": -47884000.0,
        "Net Income From Continuing Operation Net Minority Interest": -43084000.0,
        "Reconciled Depreciation": 4534000.0,
        "Reconciled Cost Of Revenue": 27021000.0,
        "EBITDA": -47126000.0,
        "EBIT": -51660000.0,
        "Net Interest Income": -11013000.0,
        "Interest Expense": 11606000.0,
        "Interest Income": 593000.0,
        "Normalized Income": 4377667.752031,
        "Net Income From Continuing And Discontinued Operation": -43084000.0,
        "Total Expenses": 88101000.0,
        "Total Operating Income As Reported": -52168000.0,
        "Diluted Average Shares": 32879000.0,
        "Basic Average Shares": 32879000.0,
        "Diluted EPS": -1.36,
        "Basic EPS": -1.36,
        "Diluted NI Availto Com Stockholders": -44982000.0,
        "Average Dilution Earnings": 0.0,
        "Net Income Common Stockholders": -44982000.0,
        "Otherunder Preferred Stock Dividend": 0.0,
        "Preferred Stock Dividends": 1898000.0,
        "Net Income": -43084000.0,
        "Minority Interests": 19624000.0,
        "Net Income Including Noncontrolling Interests": -62708000.0,
        "Net Income Continuous Operations": -62708000.0,
        "Tax Provision": -558000.0,
        "Pretax Income": -63266000.0,
        "Other Income Expense": -47969000.0,
        "Other Non Operating Income Expenses": -85000.0,
        "Special Income Charges": -47884000.0,
        "Impairment Of Capital Assets": 45960000.0,
        "Restructuring And Mergern Acquisition": 1924000.0,
        "Net Non Operating Interest Income Expense": -11013000.0,
        "Interest Expense Non Operating": 11606000.0,
        "Interest Income Non Operating": 593000.0,
        "Operating Income": -4284000.0,
        "Operating Expense": 61080000.0,
        "Depreciation Amortization Depletion Income Statement": 4534000.0,
        "Depreciation And Amortization In Income Statement": 4534000.0,
        "Selling General And Administration": 56546000.0,
        "Gross Profit": 56796000.0,
        "Cost Of Revenue": 27021000.0,
        "Total Revenue": 83817000.0,
        "Operating Revenue": 73775000.0
    },
    "2025-03-31": {
        "Tax Effect Of Unusual Items": 1411830.0,
        "Tax Rate For Calcs": 0.21,
        "Normalized EBITDA": 5447000.0,
        "Total Unusual Items": 6723000.0,
        "Total Unusual Items Excluding Goodwill": 6723000.0,
        "Net Income From Continuing Operation Net Minority Interest": -1355000.0,
        "Reconciled Depreciation": 2956000.0,
        "Reconciled Cost Of Revenue": 25426000.0,
        "EBITDA": 12170000.0,
        "EBIT": 9214000.0,
        "Net Interest Income": -10769000.0,
        "Interest Expense": 11388000.0,
        "Interest Income": 619000.0,
        "Normalized Income": -6666170.0,
        "Net Income From Continuing And Discontinued Operation": -1355000.0,
        "Total Expenses": 73927000.0,
        "Total Operating Income As Reported": 9679000.0,
        "Diluted Average Shares": 33910000.0,
        "Basic Average Shares": 33910000.0,
        "Diluted EPS": -0.1,
        "Basic EPS": -0.1,
        "Diluted NI Availto Com Stockholders": -3253000.0,
        "Average Dilution Earnings": NaN,
        "Net Income Common Stockholders": -3253000.0,
        "Otherunder Preferred Stock Dividend": 0.0,
        "Preferred Stock Dividends": 1898000.0,
        "Net Income": -1355000.0,
        "Minority Interests": 1304000.0,
        "Net Income Including Noncontrolling Interests": -2659000.0,
        "Net Income Continuous Operations": -2659000.0,
        "Tax Provision": 485000.0,
        "Pretax Income": -2174000.0,
        "Other Income Expense": 5639000.0,
        "Other Non Operating Income Expenses": -1084000.0,
        "Special Income Charges": 6723000.0,
        "Impairment Of Capital Assets": 1915000.0,
        "Restructuring And Mergern Acquisition": -8638000.0,
        "Net Non Operating Interest Income Expense": -10769000.0,
        "Interest Expense Non Operating": 11388000.0,
        "Interest Income Non Operating": 619000.0,
        "Operating Income": 2956000.0,
        "Operating Expense": 48501000.0,
        "Depreciation Amortization Depletion Income Statement": 2956000.0,
        "Depreciation And Amortization In Income Statement": 2956000.0,
        "Selling General And Administration": 45545000.0,
        "Gross Profit": 51457000.0,
        "Cost Of Revenue": 25426000.0,
        "Total Revenue": 76883000.0,
        "Operating Revenue": 70522000.0
    },
    "2025-06-30": {
        "Tax Effect Of Unusual Items": -2070444.0,
        "Tax Rate For Calcs": 0.188,
        "Normalized EBITDA": 28619000.0,
        "Total Unusual Items": -11013000.0,
        "Total Unusual Items Excluding Goodwill": -11013000.0,
        "Net Income From Continuing Operation Net Minority Interest": 1502000.0,
        "Reconciled Depreciation": 2973000.0,
        "Reconciled Cost Of Revenue": 23315000.0,
        "EBITDA": 17606000.0,
        "EBIT": 14633000.0,
        "Net Interest Income": -12274000.0,
        "Interest Expense": 12975000.0,
        "Interest Income": 701000.0,
        "Normalized Income": 10444556.0,
        "Net Income From Continuing And Discontinued Operation": 1502000.0,
        "Total Expenses": 50372000.0,
        "Total Operating Income As Reported": 14823000.0,
        "Diluted Average Shares": 34972000.0,
        "Basic Average Shares": 34972000.0,
        "Diluted EPS": -0.01,
        "Basic EPS": -0.01,
        "Diluted NI Availto Com Stockholders": -396000.0,
        "Average Dilution Earnings": NaN,
        "Net Income Common Stockholders": -396000.0,
        "Otherunder Preferred Stock Dividend": 0.0,
        "Preferred Stock Dividends": 1898000.0,
        "Net Income": 1502000.0,
        "Minority Interests": 156000.0,
        "Net Income Including Noncontrolling Interests": 1346000.0,
        "Net Income Continuous Operations": 1346000.0,
        "Tax Provision": 312000.0,
        "Pretax Income": 1658000.0,
        "Other Income Expense": -11904000.0,
        "Other Non Operating Income Expenses": -891000.0,
        "Special Income Charges": -11013000.0,
        "Impairment Of Capital Assets": 12928000.0,
        "Restructuring And Mergern Acquisition": -1915000.0,
        "Net Non Operating Interest Income Expense": -12274000.0,
        "Interest Expense Non Operating": 12975000.0,
        "Interest Income Non Operating": 701000.0,
        "Operating Income": 25836000.0,
        "Operating Expense": 27057000.0,
        "Depreciation Amortization Depletion Income Statement": 2973000.0,
        "Depreciation And Amortization In Income Statement": 2973000.0,
        "Selling General And Administration": 24084000.0,
        "Gross Profit": 52893000.0,
        "Cost Of Revenue": 23315000.0,
        "Total Revenue": 76208000.0,
        "Operating Revenue": 69936000.0
    },
    "2025-09-30": {
        "Tax Effect Of Unusual Items": -4334190.0,
        "Tax Rate For Calcs": 0.21,
        "Normalized EBITDA": 30755000.0,
        "Total Unusual Items": -20639000.0,
        "Total Unusual Items Excluding Goodwill": -20639000.0,
        "Net Income From Continuing Operation Net Minority Interest": -4327000.0,
        "Reconciled Depreciation": 3679000.0,
        "Reconciled Cost Of Revenue": 26276000.0,
        "EBITDA": 10116000.0,
        "EBIT": 6437000.0,
        "Net Interest Income": -11823000.0,
        "Interest Expense": 12917000.0,
        "Interest Income": 1094000.0,
        "Normalized Income": 11977810.0,
        "Net Income From Continuing And Discontinued Operation": -4327000.0,
        "Total Expenses": 54619000.0,
        "Total Operating Income As Reported": 3566000.0,
        "Diluted Average Shares": 35110000.0,
        "Basic Average Shares": 35110000.0,
        "Diluted EPS": -0.18,
        "Basic EPS": -0.18,
        "Diluted NI Availto Com Stockholders": -6225000.0,
        "Average Dilution Earnings": NaN,
        "Net Income Common Stockholders": -6225000.0,
        "Otherunder Preferred Stock Dividend": 0.0,
        "Preferred Stock Dividends": 1898000.0,
        "Net Income": -4327000.0,
        "Minority Interests": 2419000.0,
        "Net Income Including Noncontrolling Interests": -6746000.0,
        "Net Income Continuous Operations": -6746000.0,
        "Tax Provision": 266000.0,
        "Pretax Income": -6480000.0,
        "Other Income Expense": -18862000.0,
        "Other Non Operating Income Expenses": 1777000.0,
        "Special Income Charges": -20639000.0,
        "Impairment Of Capital Assets": 17568000.0,
        "Restructuring And Mergern Acquisition": 3071000.0,
        "Net Non Operating Interest Income Expense": -11823000.0,
        "Interest Expense Non Operating": 12917000.0,
        "Interest Income Non Operating": 1094000.0,
        "Operating Income": 24205000.0,
        "Operating Expense": 28343000.0,
        "Depreciation Amortization Depletion Income Statement": 3679000.0,
        "Depreciation And Amortization In Income Statement": 3679000.0,
        "Selling General And Administration": 24664000.0,
        "Gross Profit": 52548000.0,
        "Cost Of Revenue": 26276000.0,
        "Total Revenue": 78824000.0,
        "Operating Revenue": 72970000.0
    }
}