{
    "2023-06-30": {
        "Tax Effect Of Unusual Items": NaN,
        "Tax Rate For Calcs": NaN,
        "Normalized EBITDA": NaN,
        "Total Unusual Items": NaN,
        "Total Unusual Items Excluding Goodwill": NaN,
        "Net Income From Continuing Operation Net Minority Interest": NaN,
        "Reconciled Depreciation": NaN,
        "Reconciled Cost Of Revenue": NaN,
        "EBITDA": NaN,
        "EBIT": NaN,
        "Net Interest Income": NaN,
        "Interest Expense": 17000.0,
        "Normalized Income": NaN,
        "Net Income From Continuing And Discontinued Operation": NaN,
        "Total Expenses": NaN,
        "Total Operating Income As Reported": NaN,
        "Diluted Average Shares": NaN,
        "Basic Average Shares": NaN,
        "Diluted EPS": NaN,
        "Basic EPS": NaN,
        "Diluted NI Availto Com Stockholders": NaN,
        "Net Income Common Stockholders": NaN,
        "Net Income": NaN,
        "Net Income Including Noncontrolling Interests": NaN,
        "Net Income Continuous Operations": NaN,
        "Tax Provision": NaN,
        "Pretax Income": NaN,
        "Other Income Expense": NaN,
        "Other Non Operating Income Expenses": NaN,
        "Special Income Charges": NaN,
        "Restructuring And Mergern Acquisition": NaN,
        "Earnings From Equity Interest": NaN,
        "Net Non Operating Interest Income Expense": NaN,
        "Total Other Finance Cost": 17000.0,
        "Interest Expense Non Operating": 17000.0,
        "Operating Income": NaN,
        "Operating Expense": NaN,
        "Selling General And Administration": NaN,
        "General And Administrative Expense": NaN,
        "Other Gand A": NaN,
        "Gross Profit": NaN,
        "Cost Of Revenue": NaN,
        "Total Revenue": NaN,
        "Operating Revenue": NaN
    },
    "2023-03-31": {
        "Tax Effect Of Unusual Items": NaN,
        "Tax Rate For Calcs": NaN,
        "Normalized EBITDA": NaN,
        "Total Unusual Items": NaN,
        "Total Unusual Items Excluding Goodwill": NaN,
        "Net Income From Continuing Operation Net Minority Interest": NaN,
        "Reconciled Depreciation": NaN,
        "Reconciled Cost Of Revenue": NaN,
        "EBITDA": NaN,
        "EBIT": NaN,
        "Net Interest Income": NaN,
        "Interest Expense": NaN,
        "Normalized Income": NaN,
        "Net Income From Continuing And Discontinued Operation": NaN,
        "Total Expenses": NaN,
        "Total Operating Income As Reported": NaN,
        "Diluted Average Shares": NaN,
        "Basic Average Shares": NaN,
        "Diluted EPS": NaN,
        "Basic EPS": NaN,
        "Diluted NI Availto Com Stockholders": NaN,
        "Net Income Common Stockholders": NaN,
        "Net Income": NaN,
        "Net Income Including Noncontrolling Interests": NaN,
        "Net Income Continuous Operations": NaN,
        "Tax Provision": NaN,
        "Pretax Income": NaN,
        "Other Income Expense": NaN,
        "Other Non Operating Income Expenses": NaN,
        "Special Income Charges": NaN,
        "Restructuring And Mergern Acquisition": NaN,
        "Earnings From Equity Interest": NaN,
        "Net Non Operating Interest Income Expense": NaN,
        "Total Other Finance Cost": 1298000.0,
        "Interest Expense Non Operating": NaN,
        "Operating Income": NaN,
        "Operating Expense": NaN,
        "Selling General And Administration": NaN,
        "General And Administrative Expense": NaN,
        "Other Gand A": NaN,
        "Gross Profit": NaN,
        "Cost Of Revenue": NaN,
        "Total Revenue": NaN,
        "Operating Revenue": NaN
    },
    "2022-12-31": {
        "Tax Effect Of Unusual Items": NaN,
        "Tax Rate For Calcs": NaN,
        "Normalized EBITDA": NaN,
        "Total Unusual Items": NaN,
        "Total Unusual Items Excluding Goodwill": NaN,
        "Net Income From Continuing Operation Net Minority Interest": NaN,
        "Reconciled Depreciation": NaN,
        "Reconciled Cost Of Revenue": NaN,
        "EBITDA": NaN,
        "EBIT": NaN,
        "Net Interest Income": NaN,
        "Interest Expense": NaN,
        "Normalized Income": NaN,
        "Net Income From Continuing And Discontinued Operation": NaN,
        "Total Expenses": NaN,
        "Total Operating Income As Reported": NaN,
        "Diluted Average Shares": NaN,
        "Basic Average Shares": NaN,
        "Diluted EPS": NaN,
        "Basic EPS": NaN,
        "Diluted NI Availto Com Stockholders": NaN,
        "Net Income Common Stockholders": NaN,
        "Net Income": NaN,
        "Net Income Including Noncontrolling Interests": NaN,
        "Net Income Continuous Operations": NaN,
        "Tax Provision": NaN,
        "Pretax Income": NaN,
        "Other Income Expense": NaN,
        "Other Non Operating Income Expenses": NaN,
        "Special Income Charges": NaN,
        "Restructuring And Mergern Acquisition": NaN,
        "Earnings From Equity Interest": NaN,
        "Net Non Operating Interest Income Expense": NaN,
        "Total Other Finance Cost": 3468000.0,
        "Interest Expense Non Operating": NaN,
        "Operating Income": NaN,
        "Operating Expense": NaN,
        "Selling General And Administration": NaN,
        "General And Administrative Expense": NaN,
        "Other Gand A": NaN,
        "Gross Profit": NaN,
        "Cost Of Revenue": NaN,
        "Total Revenue": NaN,
        "Operating Revenue": NaN
    },
    "2022-09-30": {
        "Tax Effect Of Unusual Items": -1948400.0,
        "Tax Rate For Calcs": 0.4,
        "Normalized EBITDA": 36934000.0,
        "Total Unusual Items": -4871000.0,
        "Total Unusual Items Excluding Goodwill": -4871000.0,
        "Net Income From Continuing Operation Net Minority Interest": -17594000.0,
        "Reconciled Depreciation": 34825000.0,
        "Reconciled Cost Of Revenue": 318520000.0,
        "EBITDA": 32063000.0,
        "EBIT": -2762000.0,
        "Net Interest Income": 1502000.0,
        "Normalized Income": -14671400.0,
        "Net Income From Continuing And Discontinued Operation": -17594000.0,
        "Total Expenses": 337113000.0,
        "Total Operating Income As Reported": -7633000.0,
        "Diluted Average Shares": 108708651.0,
        "Basic Average Shares": 108708651.0,
        "Diluted EPS": -0.16,
        "Basic EPS": -0.16,
        "Diluted NI Availto Com Stockholders": -17594000.0,
        "Net Income Common Stockholders": -17594000.0,
        "Net Income": -17594000.0,
        "Net Income Including Noncontrolling Interests": -17594000.0,
        "Net Income Continuous Operations": -17594000.0,
        "Tax Provision": 15405000.0,
        "Pretax Income": -2189000.0,
        "Other Income Expense": -929000.0,
        "Other Non Operating Income Expenses": 432000.0,
        "Special Income Charges": -4871000.0,
        "Gain On Sale Of Ppe": NaN,
        "Restructuring And Mergern Acquisition": 4871000.0,
        "Earnings From Equity Interest": 3510000.0,
        "Net Non Operating Interest Income Expense": 1502000.0,
        "Total Other Finance Cost": -1502000.0,
        "Operating Income": -2762000.0,
        "Operating Expense": 18593000.0,
        "Selling General And Administration": 18593000.0,
        "General And Administrative Expense": 18593000.0,
        "Other Gand A": 18593000.0,
        "Gross Profit": 15831000.0,
        "Cost Of Revenue": 318520000.0,
        "Total Revenue": 334351000.0,
        "Operating Revenue": 334351000.0
    },
    "2022-06-30": {
        "Tax Effect Of Unusual Items": -1179200.0,
        "Tax Rate For Calcs": 0.4,
        "Normalized EBITDA": 42149000.0,
        "Total Unusual Items": -2948000.0,
        "Total Unusual Items Excluding Goodwill": -2948000.0,
        "Net Income From Continuing Operation Net Minority Interest": -4350000.0,
        "Reconciled Depreciation": 35392000.0,
        "Reconciled Cost Of Revenue": 291975000.0,
        "EBITDA": 39201000.0,
        "EBIT": 3809000.0,
        "Net Interest Income": 1712000.0,
        "Normalized Income": -2581200.0,
        "Net Income From Continuing And Discontinued Operation": -4350000.0,
        "Total Expenses": 309815000.0,
        "Total Operating Income As Reported": 861000.0,
        "Diluted Average Shares": 109582086.0,
        "Basic Average Shares": 109582086.0,
        "Diluted EPS": -0.04,
        "Basic EPS": -0.04,
        "Diluted NI Availto Com Stockholders": -4350000.0,
        "Net Income Common Stockholders": -4350000.0,
        "Net Income": -4350000.0,
        "Net Income Including Noncontrolling Interests": -4350000.0,
        "Net Income Continuous Operations": -4350000.0,
        "Tax Provision": 9596000.0,
        "Pretax Income": 5246000.0,
        "Other Income Expense": -275000.0,
        "Other Non Operating Income Expenses": 244000.0,
        "Special Income Charges": -2948000.0,
        "Gain On Sale Of Ppe": NaN,
        "Restructuring And Mergern Acquisition": 2948000.0,
        "Earnings From Equity Interest": 2429000.0,
        "Net Non Operating Interest Income Expense": 1712000.0,
        "Total Other Finance Cost": -1712000.0,
        "Operating Income": 3809000.0,
        "Operating Expense": 17840000.0,
        "Selling General And Administration": 17840000.0,
        "General And Administrative Expense": 17840000.0,
        "Other Gand A": 17840000.0,
        "Gross Profit": 21649000.0,
        "Cost Of Revenue": 291975000.0,
        "Total Revenue": 313624000.0,
        "Operating Revenue": 313624000.0
    },
    "2022-03-31": {
        "Diluted EPS": -0.1,
        "Total Revenue": 280,
        "Gross Profit": 41,
        "Operating Income": -12,
        "EBIT": 23,
        "Net Income": -11
    },
    "2021-12-31": {
        "Diluted EPS": -1.06,
        "Total Revenue": 296,
        "Gross Profit": 43,
        "Operating Income": -85,
        "EBIT": -41,
        "Net Income": -91
    },
    "2021-09-30": {
        "Diluted EPS": -0.17,
        "Total Revenue": 198,
        "Gross Profit": 34,
        "Operating Income": -12,
        "EBIT": 14,
        "Net Income": -12
    },
    "2021-06-30": {
        "Diluted EPS": -0.12,
        "Total Revenue": 176,
        "Gross Profit": 29,
        "Operating Income": -10,
        "EBIT": 16,
        "Net Income": -8
    },
    "2021-03-31": {
        "Diluted EPS": -0.29,
        "Total Revenue": 156,
        "Gross Profit": 19,
        "Operating Income": -21,
        "EBIT": 7,
        "Net Income": -20
    },
    "2020-12-31": {
        "Diluted EPS": -0.41,
        "Total Revenue": 381,
        "Gross Profit": 47,
        "Operating Income": -177,
        "EBIT": -174,
        "Net Income": -159
    },
    "2020-09-30": {
        "Diluted EPS": -0.74,
        "Total Revenue": 84,
        "Gross Profit": 14,
        "Operating Income": -24,
        "EBIT": -8,
        "Net Income": -28
    },
    "2020-06-30": {
        "Diluted EPS": -0.9,
        "Total Revenue": 86,
        "Gross Profit": 17,
        "Operating Income": -27,
        "EBIT": -10,
        "Net Income": -34
    },
    "2020-03-31": {
        "Diluted EPS": -2.28,
        "Total Revenue": 123,
        "Gross Profit": 30,
        "Operating Income": -94,
        "EBIT": -17,
        "Net Income": -86
    },
    "2019-12-31": {
        "Diluted EPS": 0.95,
        "Total Revenue": 370,
        "Gross Profit": 6,
        "Operating Income": -25,
        "EBIT": 27,
        "Net Income": 2
    },
    "2019-09-30": {
        "Diluted EPS": -0.66,
        "Total Revenue": 140,
        "Gross Profit": 39,
        "Operating Income": -15,
        "EBIT": 7,
        "Net Income": -24
    },
    "2019-06-30": {
        "Diluted EPS": -0.42,
        "Total Revenue": 156,
        "Gross Profit": 46,
        "Operating Income": -13,
        "EBIT": 11,
        "Net Income": -15
    },
    "2019-03-31": {
        "Diluted EPS": -0.78,
        "Total Revenue": 144,
        "Gross Profit": 41,
        "Operating Income": -20,
        "EBIT": 5,
        "Net Income": -28
    },
    "2018-12-31": {
        "Diluted EPS": -0.42,
        "Total Revenue": 146,
        "Gross Profit": 41,
        "Operating Income": -21,
        "EBIT": 7,
        "Net Income": -16
    },
    "2018-09-30": {
        "Diluted EPS": -0.18,
        "Total Revenue": 129,
        "Gross Profit": 36,
        "Operating Income": -14,
        "EBIT": 13,
        "Net Income": -7
    },
    "2018-06-30": {
        "Diluted EPS": -0.72,
        "Total Revenue": 132,
        "Gross Profit": 39,
        "Operating Income": -24,
        "EBIT": 5,
        "Net Income": -26
    },
    "2018-03-31": {
        "Diluted EPS": -1.14,
        "Total Revenue": 116,
        "Gross Profit": 27,
        "Operating Income": -35,
        "EBIT": -7,
        "Net Income": -42
    },
    "2017-12-31": {
        "Diluted EPS": -2.94,
        "Total Revenue": 118,
        "Gross Profit": -3,
        "Operating Income": -109,
        "EBIT": -80,
        "Net Income": -109
    },
    "2017-09-30": {
        "Diluted EPS": 0.06,
        "Total Revenue": 108,
        "Gross Profit": 36,
        "Operating Income": -35,
        "EBIT": -4,
        "Net Income": 2
    },
    "2017-06-30": {
        "Diluted EPS": -0.72,
        "Total Revenue": 118,
        "Gross Profit": 39,
        "Operating Income": -34,
        "EBIT": -3,
        "Net Income": -26
    },
    "2017-03-31": {
        "Diluted EPS": -0.72,
        "Total Revenue": 111,
        "Gross Profit": 37,
        "Operating Income": -37,
        "EBIT": -5,
        "Net Income": -27
    },
    "2016-12-31": {
        "Diluted EPS": -2.13,
        "Total Revenue": 108,
        "Gross Profit": 32,
        "Operating Income": -61,
        "EBIT": -31,
        "Net Income": -66
    },
    "2016-09-30": {
        "Diluted EPS": -1.26,
        "Total Revenue": 105,
        "Gross Profit": 32,
        "Operating Income": -49,
        "EBIT": -22,
        "Net Income": -37
    },
    "2016-06-30": {
        "Diluted EPS": -1.2,
        "Total Revenue": 121,
        "Gross Profit": 37,
        "Operating Income": -51,
        "EBIT": -22,
        "Net Income": -31
    },
    "2016-03-31": {
        "Diluted EPS": -0.03,
        "Total Revenue": 153,
        "Gross Profit": 70,
        "Operating Income": -3,
        "EBIT": 27,
        "Net Income": -1
    },
    "2015-12-31": {
        "Diluted EPS": 0.24,
        "Total Revenue": 203,
        "Gross Profit": 21,
        "Operating Income": 8,
        "EBIT": 36,
        "Net Income": 7
    },
    "2015-09-30": {
        "Diluted EPS": 0.66,
        "Total Revenue": 240,
        "Gross Profit": 133,
        "Operating Income": 39,
        "EBIT": 68,
        "Net Income": 17
    },
    "2015-06-30": {
        "Diluted EPS": 0.84,
        "Total Revenue": 254,
        "Gross Profit": 145,
        "Operating Income": 41,
        "EBIT": 69,
        "Net Income": 21
    },
    "2015-03-31": {
        "Diluted EPS": 1.26,
        "Total Revenue": 277,
        "Gross Profit": 161,
        "Operating Income": 55,
        "EBIT": 79,
        "Net Income": 34
    },
    "2014-12-31": {
        "Diluted EPS": 1.32,
        "Total Revenue": 319,
        "Gross Profit": 187,
        "Operating Income": 92,
        "EBIT": 115,
        "Net Income": 35
    },
    "2014-09-30": {
        "Diluted EPS": 1.86,
        "Total Revenue": 296,
        "Gross Profit": 175,
        "Operating Income": 86,
        "EBIT": 110,
        "Net Income": 47
    },
    "2014-06-30": {
        "Diluted EPS": 1.38,
        "Total Revenue": 273,
        "Gross Profit": 157,
        "Operating Income": 63,
        "EBIT": 85,
        "Net Income": 35
    },
    "2014-03-31": {
        "Diluted EPS": 1.62,
        "Total Revenue": 264,
        "Gross Profit": 154,
        "Operating Income": 74,
        "EBIT": 95,
        "Net Income": 42
    },
    "2013-12-31": {
        "Diluted EPS": 1.92,
        "Total Revenue": 282,
        "Gross Profit": 168,
        "Operating Income": 82,
        "EBIT": 104,
        "Net Income": 55
    },
    "2013-09-30": {
        "Diluted EPS": 1.74,
        "Total Revenue": 270,
        "Gross Profit": 159,
        "Operating Income": 75,
        "EBIT": 95,
        "Net Income": 41
    },
    "2013-06-30": {
        "Diluted EPS": 4.92,
        "Total Revenue": 293,
        "Gross Profit": 175,
        "Operating Income": 104,
        "EBIT": 123,
        "Net Income": 105
    },
    "2013-03-31": {
        "Diluted EPS": 2.52,
        "Total Revenue": 233,
        "Gross Profit": 141,
        "Operating Income": 79,
        "EBIT": 97,
        "Net Income": 54
    },
    "2012-12-31": {
        "Diluted EPS": 3.0,
        "Total Revenue": 275,
        "Gross Profit": 157,
        "Operating Income": 91,
        "EBIT": 109,
        "Net Income": 64
    },
    "2012-09-30": {
        "Diluted EPS": 3.18,
        "Total Revenue": 266,
        "Gross Profit": 159,
        "Operating Income": 96,
        "EBIT": 112,
        "Net Income": 68
    },
    "2012-06-30": {
        "Diluted EPS": 4.56,
        "Total Revenue": 263,
        "Gross Profit": 159,
        "Operating Income": 97,
        "EBIT": 113,
        "Net Income": 91
    },
    "2012-03-31": {
        "Diluted EPS": 0.0,
        "Total Revenue": 241,
        "Gross Profit": 144,
        "Operating Income": 86,
        "EBIT": 102,
        "Net Income": 82
    },
    "2011-12-31": {
        "Diluted EPS": 0.0,
        "Total Revenue": NaN,
        "Gross Profit": NaN,
        "Operating Income": NaN,
        "EBIT": NaN,
        "Net Income": NaN
    },
    "2010-12-31": {
        "Diluted EPS": 0.0,
        "Total Revenue": NaN,
        "Gross Profit": NaN,
        "Operating Income": NaN,
        "EBIT": NaN,
        "Net Income": NaN
    },
    "2023-09-30": {
        "Tax Effect Of Unusual Items": NaN,
        "Tax Rate For Calcs": NaN,
        "Normalized EBITDA": NaN,
        "Total Unusual Items": NaN,
        "Total Unusual Items Excluding Goodwill": NaN,
        "Net Income From Continuing Operation Net Minority Interest": NaN,
        "Reconciled Depreciation": NaN,
        "Reconciled Cost Of Revenue": NaN,
        "EBITDA": NaN,
        "EBIT": NaN,
        "Net Interest Income": NaN,
        "Interest Expense": NaN,
        "Normalized Income": NaN,
        "Net Income From Continuing And Discontinued Operation": NaN,
        "Total Expenses": NaN,
        "Total Operating Income As Reported": NaN,
        "Diluted Average Shares": NaN,
        "Basic Average Shares": NaN,
        "Diluted EPS": NaN,
        "Basic EPS": NaN,
        "Diluted NI Availto Com Stockholders": NaN,
        "Net Income Common Stockholders": NaN,
        "Net Income": NaN,
        "Net Income Including Noncontrolling Interests": NaN,
        "Net Income Continuous Operations": NaN,
        "Tax Provision": NaN,
        "Pretax Income": NaN,
        "Other Income Expense": NaN,
        "Other Non Operating Income Expenses": NaN,
        "Special Income Charges": NaN,
        "Restructuring And Mergern Acquisition": NaN,
        "Earnings From Equity Interest": NaN,
        "Net Non Operating Interest Income Expense": NaN,
        "Total Other Finance Cost": 373000.0,
        "Interest Expense Non Operating": NaN,
        "Operating Income": NaN,
        "Operating Expense": NaN,
        "Selling General And Administration": NaN,
        "General And Administrative Expense": NaN,
        "Other Gand A": NaN,
        "Gross Profit": NaN,
        "Cost Of Revenue": NaN,
        "Total Revenue": NaN,
        "Operating Revenue": NaN
    },
    "2023-12-31": {
        "Tax Effect Of Unusual Items": -3009930.0,
        "Tax Rate For Calcs": 0.21,
        "Normalized EBITDA": 74797000.0,
        "Total Unusual Items": -14333000.0,
        "Total Unusual Items Excluding Goodwill": -14333000.0,
        "Net Income From Continuing Operation Net Minority Interest": -12418000.0,
        "Reconciled Depreciation": 62874000.0,
        "Reconciled Cost Of Revenue": 379749000.0,
        "EBITDA": 60464000.0,
        "EBIT": -2410000.0,
        "Net Interest Income": -2255000.0,
        "Interest Expense": NaN,
        "Normalized Income": -1094930.0,
        "Net Income From Continuing And Discontinued Operation": -12418000.0,
        "Total Expenses": 399095000.0,
        "Total Operating Income As Reported": -6678000.0,
        "Diluted Average Shares": 110325863.0,
        "Basic Average Shares": 110325863.0,
        "Diluted EPS": -0.11,
        "Basic EPS": -0.11,
        "Diluted NI Availto Com Stockholders": -12418000.0,
        "Net Income Common Stockholders": -12418000.0,
        "Net Income": -12418000.0,
        "Net Income Including Noncontrolling Interests": -12418000.0,
        "Net Income Continuous Operations": -12418000.0,
        "Tax Provision": 13376000.0,
        "Pretax Income": 958000.0,
        "Other Income Expense": -4442000.0,
        "Other Non Operating Income Expenses": 4774000.0,
        "Special Income Charges": -14333000.0,
        "Restructuring And Mergern Acquisition": 14333000.0,
        "Earnings From Equity Interest": 5117000.0,
        "Net Non Operating Interest Income Expense": -2255000.0,
        "Total Other Finance Cost": NaN,
        "Interest Expense Non Operating": NaN,
        "Operating Income": 7655000.0,
        "Operating Expense": 19346000.0,
        "Selling General And Administration": 19346000.0,
        "General And Administrative Expense": 19346000.0,
        "Other Gand A": 19346000.0,
        "Gross Profit": 27001000.0,
        "Cost Of Revenue": 379749000.0,
        "Total Revenue": 406750000.0,
        "Operating Revenue": 406750000.0
    },
    "2024-03-31": {
        "Tax Effect Of Unusual Items": NaN,
        "Tax Rate For Calcs": NaN,
        "Normalized EBITDA": NaN,
        "Total Unusual Items": NaN,
        "Total Unusual Items Excluding Goodwill": NaN,
        "Net Income From Continuing Operation Net Minority Interest": NaN,
        "Reconciled Depreciation": NaN,
        "Reconciled Cost Of Revenue": NaN,
        "EBITDA": NaN,
        "EBIT": NaN,
        "Net Interest Income": NaN,
        "Interest Expense": NaN,
        "Normalized Income": NaN,
        "Net Income From Continuing And Discontinued Operation": NaN,
        "Total Expenses": NaN,
        "Total Operating Income As Reported": NaN,
        "Diluted Average Shares": NaN,
        "Basic Average Shares": NaN,
        "Diluted EPS": NaN,
        "Basic EPS": NaN,
        "Diluted NI Availto Com Stockholders": NaN,
        "Net Income Common Stockholders": NaN,
        "Net Income": NaN,
        "Net Income Including Noncontrolling Interests": NaN,
        "Net Income Continuous Operations": NaN,
        "Tax Provision": NaN,
        "Pretax Income": NaN,
        "Other Income Expense": NaN,
        "Other Non Operating Income Expenses": NaN,
        "Special Income Charges": NaN,
        "Restructuring And Mergern Acquisition": NaN,
        "Earnings From Equity Interest": NaN,
        "Net Non Operating Interest Income Expense": NaN,
        "Total Other Finance Cost": 3152000.0,
        "Interest Expense Non Operating": NaN,
        "Operating Income": NaN,
        "Operating Expense": NaN,
        "Selling General And Administration": NaN,
        "General And Administrative Expense": NaN,
        "Other Gand A": NaN,
        "Gross Profit": NaN,
        "Cost Of Revenue": NaN,
        "Total Revenue": NaN,
        "Operating Revenue": NaN
    },
    "2024-06-30": {
        "Tax Effect Of Unusual Items": -1796130.0,
        "Tax Rate For Calcs": 0.21,
        "Normalized EBITDA": 82087000.0,
        "Total Unusual Items": -8553000.0,
        "Total Unusual Items Excluding Goodwill": -8553000.0,
        "Net Income From Continuing Operation Net Minority Interest": 15286000.0,
        "Reconciled Depreciation": 40647000.0,
        "Reconciled Cost Of Revenue": 407167000.0,
        "EBITDA": 73534000.0,
        "EBIT": 32887000.0,
        "Net Interest Income": -3666000.0,
        "Interest Expense": 3666000.0,
        "Normalized Income": 22042870.0,
        "Net Income From Continuing And Discontinued Operation": 15286000.0,
        "Total Expenses": 433392000.0,
        "Total Operating Income As Reported": 27697000.0,
        "Diluted Average Shares": 114923702.0,
        "Basic Average Shares": 113979860.0,
        "Diluted EPS": 0.13,
        "Basic EPS": 0.13,
        "Diluted NI Availto Com Stockholders": 15286000.0,
        "Net Income Common Stockholders": 15286000.0,
        "Net Income": 15286000.0,
        "Net Income Including Noncontrolling Interests": 15286000.0,
        "Net Income Continuous Operations": 15286000.0,
        "Tax Provision": 13935000.0,
        "Pretax Income": 29221000.0,
        "Other Income Expense": -3363000.0,
        "Other Non Operating Income Expenses": 334000.0,
        "Special Income Charges": -8553000.0,
        "Restructuring And Mergern Acquisition": 8553000.0,
        "Earnings From Equity Interest": 4856000.0,
        "Net Non Operating Interest Income Expense": -3666000.0,
        "Total Other Finance Cost": NaN,
        "Interest Expense Non Operating": 3666000.0,
        "Operating Income": 36250000.0,
        "Operating Expense": 26225000.0,
        "Selling General And Administration": 26225000.0,
        "General And Administrative Expense": 26225000.0,
        "Other Gand A": 26225000.0,
        "Gross Profit": 62475000.0,
        "Cost Of Revenue": 407167000.0,
        "Total Revenue": 469642000.0,
        "Operating Revenue": 469642000.0
    },
    "2024-09-30": {
        "Tax Effect Of Unusual Items": -1805728.718428,
        "Tax Rate For Calcs": 0.39102,
        "Normalized EBITDA": 75744000.0,
        "Total Unusual Items": -4618000.0,
        "Total Unusual Items Excluding Goodwill": -4618000.0,
        "Net Income From Continuing Operation Net Minority Interest": 16275000.0,
        "Reconciled Depreciation": 40391000.0,
        "Reconciled Cost Of Revenue": 371626000.0,
        "EBITDA": 71126000.0,
        "EBIT": 30735000.0,
        "Net Interest Income": -3895000.0,
        "Interest Expense": NaN,
        "Normalized Income": 19087271.281572,
        "Net Income From Continuing And Discontinued Operation": 16275000.0,
        "Total Expenses": 392093000.0,
        "Total Operating Income As Reported": 26117000.0,
        "Diluted Average Shares": 118293677.0,
        "Basic Average Shares": 117467994.0,
        "Diluted EPS": 0.14,
        "Basic EPS": 0.14,
        "Diluted NI Availto Com Stockholders": 16275000.0,
        "Net Income Common Stockholders": 16275000.0,
        "Net Income": 16275000.0,
        "Net Income Including Noncontrolling Interests": 16275000.0,
        "Net Income Continuous Operations": 16275000.0,
        "Tax Provision": 10450000.0,
        "Pretax Income": 26725000.0,
        "Other Income Expense": -115000.0,
        "Other Non Operating Income Expenses": 262000.0,
        "Special Income Charges": -4618000.0,
        "Restructuring And Mergern Acquisition": 4618000.0,
        "Earnings From Equity Interest": 4241000.0,
        "Net Non Operating Interest Income Expense": -3895000.0,
        "Total Other Finance Cost": 3895000.0,
        "Interest Expense Non Operating": NaN,
        "Operating Income": 30735000.0,
        "Operating Expense": 20467000.0,
        "Selling General And Administration": 20467000.0,
        "General And Administrative Expense": 20467000.0,
        "Other Gand A": 20467000.0,
        "Gross Profit": 51202000.0,
        "Cost Of Revenue": 371626000.0,
        "Total Revenue": 422828000.0,
        "Operating Revenue": 422828000.0
    },
    "2024-12-31": {
        "Tax Effect Of Unusual Items": -3757058.224567,
        "Tax Rate For Calcs": 0.289271,
        "Normalized EBITDA": 83127000.0,
        "Total Unusual Items": -12988000.0,
        "Total Unusual Items Excluding Goodwill": -12988000.0,
        "Net Income From Continuing Operation Net Minority Interest": 23034000.0,
        "Reconciled Depreciation": 42284000.0,
        "Reconciled Cost Of Revenue": 369407000.0,
        "EBITDA": 70139000.0,
        "EBIT": 27855000.0,
        "Net Interest Income": -1804000.0,
        "Interest Expense": NaN,
        "Normalized Income": 32264941.775433,
        "Net Income From Continuing And Discontinued Operation": 23034000.0,
        "Total Expenses": 391923000.0,
        "Total Operating Income As Reported": 31932000.0,
        "Diluted Average Shares": 118129232.0,
        "Basic Average Shares": 117277836.0,
        "Diluted EPS": 0.19,
        "Basic EPS": 0.2,
        "Diluted NI Availto Com Stockholders": 23034000.0,
        "Net Income Common Stockholders": 23034000.0,
        "Net Income": 23034000.0,
        "Net Income Including Noncontrolling Interests": 23034000.0,
        "Net Income Continuous Operations": 23034000.0,
        "Tax Provision": 9375000.0,
        "Pretax Income": 32409000.0,
        "Other Income Expense": -10707000.0,
        "Other Non Operating Income Expenses": -1186000.0,
        "Special Income Charges": -12988000.0,
        "Restructuring And Mergern Acquisition": 12988000.0,
        "Earnings From Equity Interest": 3467000.0,
        "Net Non Operating Interest Income Expense": -1804000.0,
        "Total Other Finance Cost": NaN,
        "Interest Expense Non Operating": NaN,
        "Operating Income": 44920000.0,
        "Operating Expense": 22516000.0,
        "Selling General And Administration": 22516000.0,
        "General And Administrative Expense": 22516000.0,
        "Other Gand A": 22516000.0,
        "Gross Profit": 67436000.0,
        "Cost Of Revenue": 369407000.0,
        "Total Revenue": 436843000.0,
        "Operating Revenue": 436843000.0
    },
    "2025-03-31": {
        "Tax Effect Of Unusual Items": -1642620.0,
        "Tax Rate For Calcs": 0.21,
        "Normalized EBITDA": 71388000.0,
        "Total Unusual Items": -7822000.0,
        "Total Unusual Items Excluding Goodwill": -7822000.0,
        "Net Income From Continuing Operation Net Minority Interest": 13948000.0,
        "Reconciled Depreciation": 45421000.0,
        "Reconciled Cost Of Revenue": 350913000.0,
        "EBITDA": 63566000.0,
        "EBIT": 18145000.0,
        "Net Interest Income": -3451000.0,
        "Interest Expense": NaN,
        "Normalized Income": 20127380.0,
        "Net Income From Continuing And Discontinued Operation": 13948000.0,
        "Total Expenses": 372727000.0,
        "Total Operating Income As Reported": 10323000.0,
        "Diluted Average Shares": 116929082.0,
        "Basic Average Shares": 116217794.0,
        "Diluted EPS": 0.12,
        "Basic EPS": 0.12,
        "Diluted NI Availto Com Stockholders": 13948000.0,
        "Net Income Common Stockholders": 13948000.0,
        "Net Income": 13948000.0,
        "Net Income Including Noncontrolling Interests": 13948000.0,
        "Net Income Continuous Operations": 13948000.0,
        "Tax Provision": -1716000.0,
        "Pretax Income": 12232000.0,
        "Other Income Expense": -2462000.0,
        "Other Non Operating Income Expenses": 1654000.0,
        "Special Income Charges": -7822000.0,
        "Restructuring And Mergern Acquisition": 7822000.0,
        "Earnings From Equity Interest": 3706000.0,
        "Net Non Operating Interest Income Expense": -3451000.0,
        "Total Other Finance Cost": 3451000.0,
        "Interest Expense Non Operating": NaN,
        "Operating Income": 18145000.0,
        "Operating Expense": 21814000.0,
        "Selling General And Administration": 21814000.0,
        "General And Administrative Expense": 21814000.0,
        "Other Gand A": 21814000.0,
        "Gross Profit": 39959000.0,
        "Cost Of Revenue": 350913000.0,
        "Total Revenue": 390872000.0,
        "Operating Revenue": 390872000.0
    },
    "2025-06-30": {
        "Tax Effect Of Unusual Items": -1885380.0,
        "Tax Rate For Calcs": 0.21,
        "Normalized EBITDA": 91935000.0,
        "Total Unusual Items": -8978000.0,
        "Total Unusual Items Excluding Goodwill": -8978000.0,
        "Net Income From Continuing Operation Net Minority Interest": 18003000.0,
        "Reconciled Depreciation": 46716000.0,
        "Reconciled Cost Of Revenue": 366697000.0,
        "EBITDA": 82957000.0,
        "EBIT": 36241000.0,
        "Net Interest Income": -4279000.0,
        "Interest Expense": 4279000.0,
        "Normalized Income": 25095620.0,
        "Net Income From Continuing And Discontinued Operation": 18003000.0,
        "Total Expenses": 381196000.0,
        "Total Operating Income As Reported": 32566000.0,
        "Diluted Average Shares": 115508918.0,
        "Basic Average Shares": 115444915.0,
        "Diluted EPS": 0.16,
        "Basic EPS": 0.16,
        "Diluted NI Availto Com Stockholders": 18003000.0,
        "Net Income Common Stockholders": 18003000.0,
        "Net Income": 18003000.0,
        "Net Income Including Noncontrolling Interests": 18003000.0,
        "Net Income Continuous Operations": 18003000.0,
        "Tax Provision": 13959000.0,
        "Pretax Income": 31962000.0,
        "Other Income Expense": -5303000.0,
        "Other Non Operating Income Expenses": 280000.0,
        "Special Income Charges": -8978000.0,
        "Restructuring And Mergern Acquisition": 8978000.0,
        "Earnings From Equity Interest": 3395000.0,
        "Net Non Operating Interest Income Expense": -4279000.0,
        "Total Other Finance Cost": NaN,
        "Interest Expense Non Operating": 4279000.0,
        "Operating Income": 41544000.0,
        "Operating Expense": 14499000.0,
        "Selling General And Administration": 14499000.0,
        "General And Administrative Expense": 14499000.0,
        "Other Gand A": 14499000.0,
        "Gross Profit": 56043000.0,
        "Cost Of Revenue": 366697000.0,
        "Total Revenue": 422740000.0,
        "Operating Revenue": 422740000.0
    }
}