{
    "2023-03-31": {
        "Tax Effect Of Unusual Items": NaN,
        "Tax Rate For Calcs": NaN,
        "Normalized EBITDA": NaN,
        "Total Unusual Items": NaN,
        "Total Unusual Items Excluding Goodwill": NaN,
        "Net Income From Continuing Operation Net Minority Interest": NaN,
        "Reconciled Depreciation": NaN,
        "Reconciled Cost Of Revenue": NaN,
        "EBITDA": NaN,
        "EBIT": NaN,
        "Net Interest Income": NaN,
        "Interest Expense": NaN,
        "Normalized Income": NaN,
        "Net Income From Continuing And Discontinued Operation": NaN,
        "Total Expenses": NaN,
        "Total Operating Income As Reported": NaN,
        "Diluted Average Shares": NaN,
        "Basic Average Shares": NaN,
        "Diluted EPS": NaN,
        "Basic EPS": NaN,
        "Diluted NI Availto Com Stockholders": NaN,
        "Net Income Common Stockholders": NaN,
        "Net Income": NaN,
        "Minority Interests": NaN,
        "Net Income Including Noncontrolling Interests": NaN,
        "Net Income Continuous Operations": NaN,
        "Tax Provision": NaN,
        "Pretax Income": NaN,
        "Other Income Expense": NaN,
        "Other Non Operating Income Expenses": -1000000.0,
        "Special Income Charges": NaN,
        "Impairment Of Capital Assets": NaN,
        "Restructuring And Mergern Acquisition": NaN,
        "Earnings From Equity Interest": NaN,
        "Gain On Sale Of Security": NaN,
        "Net Non Operating Interest Income Expense": NaN,
        "Interest Expense Non Operating": NaN,
        "Operating Income": NaN,
        "Operating Expense": NaN,
        "Research And Development": NaN,
        "Selling General And Administration": NaN,
        "General And Administrative Expense": NaN,
        "Other Gand A": NaN,
        "Salaries And Wages": NaN,
        "Gross Profit": NaN,
        "Cost Of Revenue": NaN,
        "Total Revenue": NaN,
        "Operating Revenue": NaN
    },
    "2022-12-31": {
        "Tax Effect Of Unusual Items": NaN,
        "Tax Rate For Calcs": NaN,
        "Normalized EBITDA": NaN,
        "Total Unusual Items": NaN,
        "Total Unusual Items Excluding Goodwill": NaN,
        "Net Income From Continuing Operation Net Minority Interest": NaN,
        "Reconciled Depreciation": NaN,
        "Reconciled Cost Of Revenue": NaN,
        "EBITDA": NaN,
        "EBIT": NaN,
        "Net Interest Income": NaN,
        "Interest Expense": NaN,
        "Normalized Income": NaN,
        "Net Income From Continuing And Discontinued Operation": NaN,
        "Total Expenses": NaN,
        "Total Operating Income As Reported": NaN,
        "Diluted Average Shares": NaN,
        "Basic Average Shares": NaN,
        "Diluted EPS": NaN,
        "Basic EPS": NaN,
        "Diluted NI Availto Com Stockholders": NaN,
        "Net Income Common Stockholders": NaN,
        "Net Income": NaN,
        "Minority Interests": NaN,
        "Net Income Including Noncontrolling Interests": NaN,
        "Net Income Continuous Operations": NaN,
        "Tax Provision": NaN,
        "Pretax Income": NaN,
        "Other Income Expense": NaN,
        "Other Non Operating Income Expenses": -40000000.0,
        "Special Income Charges": NaN,
        "Impairment Of Capital Assets": NaN,
        "Restructuring And Mergern Acquisition": NaN,
        "Earnings From Equity Interest": NaN,
        "Gain On Sale Of Security": NaN,
        "Net Non Operating Interest Income Expense": NaN,
        "Interest Expense Non Operating": NaN,
        "Operating Income": NaN,
        "Operating Expense": NaN,
        "Research And Development": NaN,
        "Selling General And Administration": NaN,
        "General And Administrative Expense": NaN,
        "Other Gand A": NaN,
        "Salaries And Wages": NaN,
        "Gross Profit": NaN,
        "Cost Of Revenue": NaN,
        "Total Revenue": NaN,
        "Operating Revenue": NaN
    },
    "2022-09-30": {
        "Tax Effect Of Unusual Items": NaN,
        "Tax Rate For Calcs": NaN,
        "Normalized EBITDA": NaN,
        "Total Unusual Items": NaN,
        "Total Unusual Items Excluding Goodwill": NaN,
        "Net Income From Continuing Operation Net Minority Interest": NaN,
        "Reconciled Depreciation": NaN,
        "Reconciled Cost Of Revenue": NaN,
        "EBITDA": NaN,
        "EBIT": NaN,
        "Net Interest Income": NaN,
        "Interest Expense": NaN,
        "Normalized Income": NaN,
        "Net Income From Continuing And Discontinued Operation": NaN,
        "Total Expenses": NaN,
        "Total Operating Income As Reported": NaN,
        "Diluted Average Shares": NaN,
        "Basic Average Shares": NaN,
        "Diluted EPS": NaN,
        "Basic EPS": NaN,
        "Diluted NI Availto Com Stockholders": NaN,
        "Net Income Common Stockholders": NaN,
        "Net Income": NaN,
        "Minority Interests": NaN,
        "Net Income Including Noncontrolling Interests": NaN,
        "Net Income Continuous Operations": NaN,
        "Tax Provision": NaN,
        "Pretax Income": NaN,
        "Other Income Expense": NaN,
        "Other Non Operating Income Expenses": -2000000.0,
        "Special Income Charges": NaN,
        "Impairment Of Capital Assets": NaN,
        "Restructuring And Mergern Acquisition": NaN,
        "Earnings From Equity Interest": -4000000.0,
        "Gain On Sale Of Security": NaN,
        "Net Non Operating Interest Income Expense": NaN,
        "Interest Expense Non Operating": NaN,
        "Operating Income": NaN,
        "Operating Expense": NaN,
        "Research And Development": NaN,
        "Selling General And Administration": NaN,
        "General And Administrative Expense": NaN,
        "Other Gand A": NaN,
        "Salaries And Wages": NaN,
        "Gross Profit": NaN,
        "Cost Of Revenue": NaN,
        "Total Revenue": NaN,
        "Operating Revenue": NaN
    },
    "2022-06-30": {
        "Tax Effect Of Unusual Items": -1544000.0,
        "Tax Rate For Calcs": 0.193,
        "Normalized EBITDA": 197000000.0,
        "Total Unusual Items": -8000000.0,
        "Total Unusual Items Excluding Goodwill": -8000000.0,
        "Net Income From Continuing Operation Net Minority Interest": 73000000.0,
        "Reconciled Depreciation": 83000000.0,
        "Reconciled Cost Of Revenue": 442000000.0,
        "EBITDA": 189000000.0,
        "EBIT": 106000000.0,
        "Net Interest Income": -15000000.0,
        "Interest Expense": 15000000.0,
        "Normalized Income": 79456000.0,
        "Net Income From Continuing And Discontinued Operation": 73000000.0,
        "Total Expenses": 897000000.0,
        "Total Operating Income As Reported": 119000000.0,
        "Diluted Average Shares": 215300000.0,
        "Basic Average Shares": 214900000.0,
        "Diluted EPS": 0.34,
        "Basic EPS": 0.34,
        "Diluted NI Availto Com Stockholders": 73000000.0,
        "Net Income Common Stockholders": 73000000.0,
        "Net Income": 73000000.0,
        "Minority Interests": 0.0,
        "Net Income Including Noncontrolling Interests": 73000000.0,
        "Net Income Continuous Operations": 73000000.0,
        "Tax Provision": 18000000.0,
        "Pretax Income": 91000000.0,
        "Other Income Expense": -20000000.0,
        "Other Non Operating Income Expenses": -2000000.0,
        "Special Income Charges": -7000000.0,
        "Gain On Sale Of Business": 0.0,
        "Write Off": NaN,
        "Impairment Of Capital Assets": NaN,
        "Restructuring And Mergern Acquisition": 7000000.0,
        "Earnings From Equity Interest": -10000000.0,
        "Gain On Sale Of Security": -1000000.0,
        "Net Non Operating Interest Income Expense": -15000000.0,
        "Interest Expense Non Operating": 15000000.0,
        "Operating Income": 126000000.0,
        "Operating Expense": 455000000.0,
        "Research And Development": 45000000.0,
        "Selling General And Administration": 410000000.0,
        "Gross Profit": 581000000.0,
        "Cost Of Revenue": 442000000.0,
        "Total Revenue": 1023000000.0,
        "Operating Revenue": 1023000000.0
    },
    "2023-06-30": {
        "Tax Effect Of Unusual Items": NaN,
        "Tax Rate For Calcs": NaN,
        "Normalized EBITDA": NaN,
        "Total Unusual Items": NaN,
        "Total Unusual Items Excluding Goodwill": NaN,
        "Net Income From Continuing Operation Net Minority Interest": NaN,
        "Reconciled Depreciation": NaN,
        "Reconciled Cost Of Revenue": NaN,
        "EBITDA": NaN,
        "EBIT": NaN,
        "Net Interest Income": NaN,
        "Interest Expense": NaN,
        "Normalized Income": NaN,
        "Net Income From Continuing And Discontinued Operation": NaN,
        "Total Expenses": NaN,
        "Total Operating Income As Reported": NaN,
        "Diluted Average Shares": NaN,
        "Basic Average Shares": NaN,
        "Diluted EPS": NaN,
        "Basic EPS": NaN,
        "Diluted NI Availto Com Stockholders": NaN,
        "Net Income Common Stockholders": NaN,
        "Net Income": NaN,
        "Minority Interests": NaN,
        "Net Income Including Noncontrolling Interests": NaN,
        "Net Income Continuous Operations": NaN,
        "Tax Provision": NaN,
        "Pretax Income": NaN,
        "Other Income Expense": NaN,
        "Other Non Operating Income Expenses": -2000000.0,
        "Special Income Charges": NaN,
        "Impairment Of Capital Assets": NaN,
        "Restructuring And Mergern Acquisition": NaN,
        "Earnings From Equity Interest": -3000000.0,
        "Gain On Sale Of Security": NaN,
        "Net Non Operating Interest Income Expense": NaN,
        "Interest Expense Non Operating": NaN,
        "Operating Income": NaN,
        "Operating Expense": NaN,
        "Research And Development": NaN,
        "Selling General And Administration": NaN,
        "General And Administrative Expense": 418000000.0,
        "Other Gand A": 416000000.0,
        "Salaries And Wages": 2000000.0,
        "Gross Profit": NaN,
        "Cost Of Revenue": NaN,
        "Total Revenue": NaN,
        "Operating Revenue": NaN
    },
    "2022-03-31": {
        "Diluted EPS": 0.32,
        "Total Revenue": 969,
        "Gross Profit": 521,
        "Operating Income": 97,
        "EBIT": 181,
        "Net Income": 69
    },
    "2021-12-31": {
        "Diluted EPS": 0.55,
        "Total Revenue": NaN,
        "Gross Profit": 604,
        "Operating Income": 172,
        "EBIT": 257,
        "Net Income": 119
    },
    "2021-09-30": {
        "Diluted EPS": 0.38,
        "Total Revenue": NaN,
        "Gross Profit": 569,
        "Operating Income": 132,
        "EBIT": 217,
        "Net Income": 84
    },
    "2021-06-30": {
        "Diluted EPS": 0.43,
        "Total Revenue": NaN,
        "Gross Profit": 595,
        "Operating Income": 154,
        "EBIT": 242,
        "Net Income": 96
    },
    "2021-03-31": {
        "Diluted EPS": 0.51,
        "Total Revenue": NaN,
        "Gross Profit": 579,
        "Operating Income": 150,
        "EBIT": 238,
        "Net Income": 112
    },
    "2020-12-31": {
        "Diluted EPS": 0.52,
        "Total Revenue": NaN,
        "Gross Profit": 580,
        "Operating Income": 154,
        "EBIT": 241,
        "Net Income": 115
    },
    "2020-09-30": {
        "Diluted EPS": 0.22,
        "Total Revenue": 883,
        "Gross Profit": 432,
        "Operating Income": 72,
        "EBIT": 160,
        "Net Income": 47
    },
    "2020-06-30": {
        "Diluted EPS": -0.44,
        "Total Revenue": 491,
        "Gross Profit": 176,
        "Operating Income": -104,
        "EBIT": -25,
        "Net Income": -95
    },
    "2020-03-31": {
        "Diluted EPS": -0.63,
        "Total Revenue": 874,
        "Gross Profit": 468,
        "Operating Income": -125,
        "EBIT": 112,
        "Net Income": -140
    },
    "2019-12-31": {
        "Diluted EPS": 0.43,
        "Total Revenue": NaN,
        "Gross Profit": 610,
        "Operating Income": 129,
        "EBIT": 205,
        "Net Income": 95
    },
    "2019-09-30": {
        "Diluted EPS": 0.38,
        "Total Revenue": 962,
        "Gross Profit": 514,
        "Operating Income": 110,
        "EBIT": 189,
        "Net Income": 85
    },
    "2019-06-30": {
        "Diluted EPS": 0.16,
        "Total Revenue": NaN,
        "Gross Profit": 541,
        "Operating Income": 68,
        "EBIT": 151,
        "Net Income": 36
    },
    "2019-03-31": {
        "Diluted EPS": 0.17,
        "Total Revenue": 946,
        "Gross Profit": 500,
        "Operating Income": 47,
        "EBIT": 131,
        "Net Income": 39
    },
    "2018-12-31": {
        "Diluted EPS": -0.01,
        "Total Revenue": NaN,
        "Gross Profit": 525,
        "Operating Income": 82,
        "EBIT": 161,
        "Net Income": 2
    },
    "2018-09-30": {
        "Diluted EPS": 0.13,
        "Total Revenue": 928,
        "Gross Profit": 476,
        "Operating Income": 46,
        "EBIT": 130,
        "Net Income": 28
    },
    "2018-06-30": {
        "Diluted EPS": -4.98,
        "Total Revenue": NaN,
        "Gross Profit": 553,
        "Operating Income": NaN,
        "EBIT": 18,
        "Net Income": NaN
    },
    "2018-03-31": {
        "Diluted EPS": 0.35,
        "Total Revenue": 956,
        "Gross Profit": 514,
        "Operating Income": 69,
        "EBIT": 153,
        "Net Income": 81
    },
    "2017-12-31": {
        "Diluted EPS": -2.83,
        "Total Revenue": NaN,
        "Gross Profit": 593,
        "Operating Income": -706,
        "EBIT": -66,
        "Net Income": -650
    },
    "2017-09-30": {
        "Diluted EPS": 0.39,
        "Total Revenue": NaN,
        "Gross Profit": 559,
        "Operating Income": 108,
        "EBIT": 189,
        "Net Income": 91
    },
    "2017-06-30": {
        "Diluted EPS": -4.58,
        "Total Revenue": 993,
        "Gross Profit": 544,
        "Operating Income": NaN,
        "EBIT": 123,
        "Net Income": NaN
    },
    "2017-03-31": {
        "Diluted EPS": 0.26,
        "Total Revenue": 901,
        "Gross Profit": 492,
        "Operating Income": 84,
        "EBIT": 161,
        "Net Income": 60
    },
    "2016-12-31": {
        "Diluted EPS": 0.41,
        "Total Revenue": 997,
        "Gross Profit": 542,
        "Operating Income": 134,
        "EBIT": 210,
        "Net Income": 107
    },
    "2016-09-30": {
        "Diluted EPS": 0.39,
        "Total Revenue": 954,
        "Gross Profit": 514,
        "Operating Income": 127,
        "EBIT": 204,
        "Net Income": 93
    },
    "2016-06-30": {
        "Diluted EPS": 0.44,
        "Total Revenue": NaN,
        "Gross Profit": 527,
        "Operating Income": 121,
        "EBIT": 198,
        "Net Income": 105
    },
    "2016-03-31": {
        "Diluted EPS": 0.7,
        "Total Revenue": 773,
        "Gross Profit": 419,
        "Operating Income": 73,
        "EBIT": 119,
        "Net Income": 125
    },
    "2015-12-31": {
        "Diluted EPS": 0.41,
        "Total Revenue": 671,
        "Gross Profit": 375,
        "Operating Income": 93,
        "EBIT": 130,
        "Net Income": 59
    },
    "2015-09-30": {
        "Diluted EPS": 0.59,
        "Total Revenue": 649,
        "Gross Profit": 370,
        "Operating Income": 99,
        "EBIT": 134,
        "Net Income": 85
    },
    "2015-06-30": {
        "Diluted EPS": 0.31,
        "Total Revenue": 698,
        "Gross Profit": 400,
        "Operating Income": 86,
        "EBIT": 117,
        "Net Income": 44
    },
    "2015-03-31": {
        "Diluted EPS": 0.45,
        "Total Revenue": 656,
        "Gross Profit": 373,
        "Operating Income": 98,
        "EBIT": 129,
        "Net Income": 64
    },
    "2014-12-31": {
        "Diluted EPS": 0.6,
        "Total Revenue": 719,
        "Gross Profit": 393,
        "Operating Income": 103,
        "EBIT": 134,
        "Net Income": 85
    },
    "2014-09-30": {
        "Diluted EPS": 0.52,
        "Total Revenue": 708,
        "Gross Profit": 388,
        "Operating Income": 110,
        "EBIT": 143,
        "Net Income": 75
    },
    "2014-06-30": {
        "Diluted EPS": 0.62,
        "Total Revenue": 765,
        "Gross Profit": 424,
        "Operating Income": 127,
        "EBIT": 161,
        "Net Income": 90
    },
    "2014-03-31": {
        "Diluted EPS": 0.5,
        "Total Revenue": 730,
        "Gross Profit": 394,
        "Operating Income": 106,
        "EBIT": 141,
        "Net Income": 73
    },
    "2013-12-31": {
        "Diluted EPS": 0.52,
        "Total Revenue": 754,
        "Gross Profit": 398,
        "Operating Income": 97,
        "EBIT": 130,
        "Net Income": 74
    },
    "2013-09-30": {
        "Diluted EPS": 0.55,
        "Total Revenue": 704,
        "Gross Profit": 376,
        "Operating Income": 105,
        "EBIT": 137,
        "Net Income": 80
    },
    "2013-06-30": {
        "Diluted EPS": 0.6,
        "Total Revenue": 761,
        "Gross Profit": 415,
        "Operating Income": 123,
        "EBIT": 157,
        "Net Income": 87
    },
    "2013-03-31": {
        "Diluted EPS": 0.49,
        "Total Revenue": 732,
        "Gross Profit": 388,
        "Operating Income": 94,
        "EBIT": 128,
        "Net Income": 72
    },
    "2012-12-31": {
        "Diluted EPS": 0.88,
        "Total Revenue": 753,
        "Gross Profit": 392,
        "Operating Income": 97,
        "EBIT": 131,
        "Net Income": 127
    },
    "2012-09-30": {
        "Diluted EPS": 0.37,
        "Total Revenue": 696,
        "Gross Profit": 364,
        "Operating Income": 89,
        "EBIT": 120,
        "Net Income": 53
    },
    "2012-06-30": {
        "Diluted EPS": 0.56,
        "Total Revenue": 763,
        "Gross Profit": 407,
        "Operating Income": 109,
        "EBIT": 143,
        "Net Income": 81
    },
    "2012-03-31": {
        "Diluted EPS": 0.37,
        "Total Revenue": 716,
        "Gross Profit": 393,
        "Operating Income": 87,
        "EBIT": 124,
        "Net Income": 53
    },
    "2011-12-31": {
        "Diluted EPS": 0.28,
        "Total Revenue": 738,
        "Gross Profit": 361,
        "Operating Income": 65,
        "EBIT": 95,
        "Net Income": 41
    },
    "2011-09-30": {
        "Diluted EPS": 0.42,
        "Total Revenue": 620,
        "Gross Profit": 298,
        "Operating Income": 40,
        "EBIT": 67,
        "Net Income": 61
    },
    "2011-06-30": {
        "Diluted EPS": 0.52,
        "Total Revenue": 609,
        "Gross Profit": 315,
        "Operating Income": 97,
        "EBIT": 117,
        "Net Income": 74
    },
    "2011-03-31": {
        "Diluted EPS": 0.48,
        "Total Revenue": 571,
        "Gross Profit": 300,
        "Operating Income": 99,
        "EBIT": 116,
        "Net Income": 69
    },
    "2010-12-31": {
        "Diluted EPS": 0.48,
        "Total Revenue": 568,
        "Gross Profit": 288,
        "Operating Income": 96,
        "EBIT": 112,
        "Net Income": 68
    },
    "2010-09-30": {
        "Diluted EPS": 0.44,
        "Total Revenue": 542,
        "Gross Profit": 273,
        "Operating Income": 90,
        "EBIT": 106,
        "Net Income": 64
    },
    "2010-06-30": {
        "Diluted EPS": 0.49,
        "Total Revenue": 565,
        "Gross Profit": 288,
        "Operating Income": 105,
        "EBIT": 121,
        "Net Income": 72
    },
    "2010-03-31": {
        "Diluted EPS": 0.41,
        "Total Revenue": 546,
        "Gross Profit": 282,
        "Operating Income": 89,
        "EBIT": 107,
        "Net Income": 62
    },
    "2009-12-31": {
        "Diluted EPS": 0.5,
        "Total Revenue": 568,
        "Gross Profit": 283,
        "Operating Income": 103,
        "EBIT": 119,
        "Net Income": 75
    },
    "2009-09-30": {
        "Diluted EPS": 0.45,
        "Total Revenue": 531,
        "Gross Profit": 272,
        "Operating Income": 93,
        "EBIT": 109,
        "Net Income": 67
    },
    "2009-06-30": {
        "Diluted EPS": 0.47,
        "Total Revenue": 553,
        "Gross Profit": 286,
        "Operating Income": 99,
        "EBIT": 115,
        "Net Income": 70
    },
    "2009-03-31": {
        "Diluted EPS": 0.41,
        "Total Revenue": 507,
        "Gross Profit": 266,
        "Operating Income": 86,
        "EBIT": 103,
        "Net Income": 62
    },
    "2023-09-30": {
        "Tax Effect Of Unusual Items": NaN,
        "Tax Rate For Calcs": NaN,
        "Normalized EBITDA": NaN,
        "Total Unusual Items": NaN,
        "Total Unusual Items Excluding Goodwill": NaN,
        "Net Income From Continuing Operation Net Minority Interest": NaN,
        "Reconciled Depreciation": NaN,
        "Reconciled Cost Of Revenue": NaN,
        "EBITDA": NaN,
        "EBIT": NaN,
        "Net Interest Income": NaN,
        "Interest Expense": NaN,
        "Normalized Income": NaN,
        "Net Income From Continuing And Discontinued Operation": NaN,
        "Total Expenses": NaN,
        "Total Operating Income As Reported": NaN,
        "Diluted Average Shares": NaN,
        "Basic Average Shares": NaN,
        "Diluted EPS": NaN,
        "Basic EPS": NaN,
        "Diluted NI Availto Com Stockholders": NaN,
        "Net Income Common Stockholders": NaN,
        "Net Income": NaN,
        "Minority Interests": NaN,
        "Net Income Including Noncontrolling Interests": NaN,
        "Net Income Continuous Operations": NaN,
        "Tax Provision": NaN,
        "Pretax Income": NaN,
        "Other Income Expense": NaN,
        "Other Non Operating Income Expenses": 1000000.0,
        "Special Income Charges": NaN,
        "Impairment Of Capital Assets": NaN,
        "Restructuring And Mergern Acquisition": NaN,
        "Earnings From Equity Interest": -1000000.0,
        "Gain On Sale Of Security": NaN,
        "Net Non Operating Interest Income Expense": NaN,
        "Interest Expense Non Operating": NaN,
        "Operating Income": NaN,
        "Operating Expense": NaN,
        "Research And Development": NaN,
        "Selling General And Administration": NaN,
        "General And Administrative Expense": 373000000.0,
        "Other Gand A": 372000000.0,
        "Salaries And Wages": 1000000.0,
        "Gross Profit": NaN,
        "Cost Of Revenue": NaN,
        "Total Revenue": NaN,
        "Operating Revenue": NaN
    },
    "2023-12-31": {
        "Tax Effect Of Unusual Items": NaN,
        "Tax Rate For Calcs": NaN,
        "Normalized EBITDA": NaN,
        "Total Unusual Items": NaN,
        "Total Unusual Items Excluding Goodwill": NaN,
        "Net Income From Continuing Operation Net Minority Interest": NaN,
        "Reconciled Depreciation": NaN,
        "Reconciled Cost Of Revenue": NaN,
        "EBITDA": NaN,
        "EBIT": NaN,
        "Net Interest Income": NaN,
        "Interest Expense": NaN,
        "Normalized Income": NaN,
        "Net Income From Continuing And Discontinued Operation": NaN,
        "Total Expenses": NaN,
        "Total Operating Income As Reported": NaN,
        "Diluted Average Shares": NaN,
        "Basic Average Shares": NaN,
        "Diluted EPS": NaN,
        "Basic EPS": NaN,
        "Diluted NI Availto Com Stockholders": NaN,
        "Net Income Common Stockholders": NaN,
        "Net Income": NaN,
        "Minority Interests": NaN,
        "Net Income Including Noncontrolling Interests": NaN,
        "Net Income Continuous Operations": NaN,
        "Tax Provision": NaN,
        "Pretax Income": NaN,
        "Other Income Expense": NaN,
        "Other Non Operating Income Expenses": 4000000.0,
        "Special Income Charges": NaN,
        "Impairment Of Capital Assets": NaN,
        "Restructuring And Mergern Acquisition": NaN,
        "Earnings From Equity Interest": 0.0,
        "Gain On Sale Of Security": NaN,
        "Net Non Operating Interest Income Expense": NaN,
        "Interest Expense Non Operating": NaN,
        "Operating Income": NaN,
        "Operating Expense": NaN,
        "Research And Development": NaN,
        "Selling General And Administration": NaN,
        "General And Administrative Expense": NaN,
        "Other Gand A": NaN,
        "Salaries And Wages": NaN,
        "Gross Profit": NaN,
        "Cost Of Revenue": NaN,
        "Total Revenue": NaN,
        "Operating Revenue": NaN
    },
    "2024-03-31": {
        "Tax Effect Of Unusual Items": 420000.0,
        "Tax Rate For Calcs": 0.21,
        "Normalized EBITDA": 133000000.0,
        "Total Unusual Items": 2000000.0,
        "Total Unusual Items Excluding Goodwill": 2000000.0,
        "Net Income From Continuing Operation Net Minority Interest": 18000000.0,
        "Reconciled Depreciation": 86000000.0,
        "Reconciled Cost Of Revenue": 447000000.0,
        "EBITDA": 135000000.0,
        "EBIT": 49000000.0,
        "Net Interest Income": -18000000.0,
        "Interest Expense": 18000000.0,
        "Normalized Income": 16420000.0,
        "Net Income From Continuing And Discontinued Operation": 18000000.0,
        "Total Expenses": 906000000.0,
        "Total Operating Income As Reported": 42000000.0,
        "Diluted Average Shares": 208500000.0,
        "Basic Average Shares": 207400000.0,
        "Diluted EPS": 0.09,
        "Basic EPS": 0.09,
        "Diluted NI Availto Com Stockholders": 18000000.0,
        "Net Income Common Stockholders": 18000000.0,
        "Net Income": 18000000.0,
        "Minority Interests": 1000000.0,
        "Net Income Including Noncontrolling Interests": 17000000.0,
        "Net Income Continuous Operations": 17000000.0,
        "Tax Provision": 14000000.0,
        "Pretax Income": 31000000.0,
        "Other Income Expense": 2000000.0,
        "Other Non Operating Income Expenses": NaN,
        "Special Income Charges": -7000000.0,
        "Impairment Of Capital Assets": 6000000.0,
        "Restructuring And Mergern Acquisition": 1000000.0,
        "Earnings From Equity Interest": NaN,
        "Gain On Sale Of Security": 9000000.0,
        "Net Non Operating Interest Income Expense": -18000000.0,
        "Interest Expense Non Operating": 18000000.0,
        "Operating Income": 47000000.0,
        "Operating Expense": 459000000.0,
        "Research And Development": 42000000.0,
        "Selling General And Administration": 417000000.0,
        "General And Administrative Expense": 417000000.0,
        "Other Gand A": 415000000.0,
        "Salaries And Wages": 2000000.0,
        "Gross Profit": 506000000.0,
        "Cost Of Revenue": 447000000.0,
        "Total Revenue": 953000000.0,
        "Operating Revenue": 953000000.0
    },
    "2024-06-30": {
        "Tax Effect Of Unusual Items": -3570000.0,
        "Tax Rate For Calcs": 0.21,
        "Normalized EBITDA": 154000000.0,
        "Total Unusual Items": -17000000.0,
        "Total Unusual Items Excluding Goodwill": -17000000.0,
        "Net Income From Continuing Operation Net Minority Interest": -4000000.0,
        "Reconciled Depreciation": 86000000.0,
        "Reconciled Cost Of Revenue": 473000000.0,
        "EBITDA": 137000000.0,
        "EBIT": 51000000.0,
        "Net Interest Income": -17000000.0,
        "Interest Expense": 17000000.0,
        "Normalized Income": 9430000.0,
        "Net Income From Continuing And Discontinued Operation": -4000000.0,
        "Total Expenses": 915000000.0,
        "Total Operating Income As Reported": 50000000.0,
        "Diluted Average Shares": 205600000.0,
        "Basic Average Shares": 205600000.0,
        "Diluted EPS": -0.02,
        "Basic EPS": -0.02,
        "Diluted NI Availto Com Stockholders": -4000000.0,
        "Net Income Common Stockholders": -4000000.0,
        "Net Income": -4000000.0,
        "Minority Interests": 0.0,
        "Net Income Including Noncontrolling Interests": -4000000.0,
        "Net Income Continuous Operations": -4000000.0,
        "Tax Provision": 38000000.0,
        "Pretax Income": 34000000.0,
        "Other Income Expense": -18000000.0,
        "Other Non Operating Income Expenses": -1000000.0,
        "Special Income Charges": -21000000.0,
        "Impairment Of Capital Assets": 0.0,
        "Restructuring And Mergern Acquisition": 21000000.0,
        "Earnings From Equity Interest": 0.0,
        "Gain On Sale Of Security": 4000000.0,
        "Net Non Operating Interest Income Expense": -17000000.0,
        "Interest Expense Non Operating": 17000000.0,
        "Operating Income": 69000000.0,
        "Operating Expense": 442000000.0,
        "Research And Development": 41000000.0,
        "Selling General And Administration": 401000000.0,
        "General And Administrative Expense": 401000000.0,
        "Other Gand A": 399000000.0,
        "Salaries And Wages": 2000000.0,
        "Gross Profit": 511000000.0,
        "Cost Of Revenue": 473000000.0,
        "Total Revenue": 984000000.0,
        "Operating Revenue": 984000000.0
    },
    "2024-09-30": {
        "Tax Effect Of Unusual Items": -110040000.0,
        "Tax Rate For Calcs": 0.21,
        "Normalized EBITDA": 153000000.0,
        "Total Unusual Items": -524000000.0,
        "Total Unusual Items Excluding Goodwill": -524000000.0,
        "Net Income From Continuing Operation Net Minority Interest": -494000000.0,
        "Reconciled Depreciation": 89000000.0,
        "Reconciled Cost Of Revenue": 456000000.0,
        "EBITDA": -371000000.0,
        "EBIT": -460000000.0,
        "Net Interest Income": -18000000.0,
        "Interest Expense": 18000000.0,
        "Normalized Income": -80040000.0,
        "Net Income From Continuing And Discontinued Operation": -494000000.0,
        "Total Expenses": 887000000.0,
        "Total Operating Income As Reported": -462000000.0,
        "Diluted Average Shares": 201000000.0,
        "Basic Average Shares": 201000000.0,
        "Diluted EPS": -2.46,
        "Basic EPS": -2.46,
        "Diluted NI Availto Com Stockholders": -494000000.0,
        "Net Income Common Stockholders": -494000000.0,
        "Net Income": -494000000.0,
        "Minority Interests": 1000000.0,
        "Net Income Including Noncontrolling Interests": -495000000.0,
        "Net Income Continuous Operations": -495000000.0,
        "Tax Provision": 17000000.0,
        "Pretax Income": -478000000.0,
        "Other Income Expense": -524000000.0,
        "Other Non Operating Income Expenses": NaN,
        "Special Income Charges": -527000000.0,
        "Impairment Of Capital Assets": 504000000.0,
        "Restructuring And Mergern Acquisition": 23000000.0,
        "Earnings From Equity Interest": 0.0,
        "Gain On Sale Of Security": 3000000.0,
        "Net Non Operating Interest Income Expense": -18000000.0,
        "Interest Expense Non Operating": 18000000.0,
        "Operating Income": 64000000.0,
        "Operating Expense": 431000000.0,
        "Research And Development": 40000000.0,
        "Selling General And Administration": 391000000.0,
        "General And Administrative Expense": 391000000.0,
        "Other Gand A": 390000000.0,
        "Salaries And Wages": 1000000.0,
        "Gross Profit": 495000000.0,
        "Cost Of Revenue": 456000000.0,
        "Total Revenue": 951000000.0,
        "Operating Revenue": 951000000.0
    },
    "2024-12-31": {
        "Tax Effect Of Unusual Items": -92275334.608031,
        "Tax Rate For Calcs": 0.181644,
        "Normalized EBITDA": 89000000.0,
        "Total Unusual Items": -508000000.0,
        "Total Unusual Items Excluding Goodwill": -508000000.0,
        "Net Income From Continuing Operation Net Minority Interest": -430000000.0,
        "Reconciled Depreciation": 88000000.0,
        "Reconciled Cost Of Revenue": 459000000.0,
        "EBITDA": -419000000.0,
        "EBIT": -507000000.0,
        "Net Interest Income": -16000000.0,
        "Interest Expense": 16000000.0,
        "Normalized Income": -14275334.608031,
        "Net Income From Continuing And Discontinued Operation": -430000000.0,
        "Total Expenses": 896000000.0,
        "Total Operating Income As Reported": -509000000.0,
        "Diluted Average Shares": 198800000.0,
        "Basic Average Shares": 198800000.0,
        "Diluted EPS": -2.16,
        "Basic EPS": -2.16,
        "Diluted NI Availto Com Stockholders": -430000000.0,
        "Net Income Common Stockholders": -430000000.0,
        "Net Income": -430000000.0,
        "Minority Interests": -2000000.0,
        "Net Income Including Noncontrolling Interests": -428000000.0,
        "Net Income Continuous Operations": -428000000.0,
        "Tax Provision": -95000000.0,
        "Pretax Income": -523000000.0,
        "Other Income Expense": -516000000.0,
        "Other Non Operating Income Expenses": -8000000.0,
        "Special Income Charges": -512000000.0,
        "Impairment Of Capital Assets": 504000000.0,
        "Restructuring And Mergern Acquisition": 8000000.0,
        "Earnings From Equity Interest": NaN,
        "Gain On Sale Of Security": 4000000.0,
        "Net Non Operating Interest Income Expense": -16000000.0,
        "Interest Expense Non Operating": 16000000.0,
        "Operating Income": 9000000.0,
        "Operating Expense": 437000000.0,
        "Research And Development": 42000000.0,
        "Selling General And Administration": 395000000.0,
        "General And Administrative Expense": NaN,
        "Other Gand A": NaN,
        "Salaries And Wages": NaN,
        "Gross Profit": 446000000.0,
        "Cost Of Revenue": 459000000.0,
        "Total Revenue": 905000000.0,
        "Operating Revenue": 905000000.0
    },
    "2025-03-31": {
        "Tax Effect Of Unusual Items": -1470000.0,
        "Tax Rate For Calcs": 0.21,
        "Normalized EBITDA": 149000000.0,
        "Total Unusual Items": -7000000.0,
        "Total Unusual Items Excluding Goodwill": -7000000.0,
        "Net Income From Continuing Operation Net Minority Interest": 20000000.0,
        "Reconciled Depreciation": 79000000.0,
        "Reconciled Cost Of Revenue": 413000000.0,
        "EBITDA": 142000000.0,
        "EBIT": 63000000.0,
        "Net Interest Income": -19000000.0,
        "Interest Expense": 19000000.0,
        "Normalized Income": 25530000.0,
        "Net Income From Continuing And Discontinued Operation": 20000000.0,
        "Total Expenses": 809000000.0,
        "Total Operating Income As Reported": 63000000.0,
        "Diluted Average Shares": 199800000.0,
        "Basic Average Shares": 199100000.0,
        "Diluted EPS": 0.1,
        "Basic EPS": 0.1,
        "Diluted NI Availto Com Stockholders": 20000000.0,
        "Net Income Common Stockholders": 20000000.0,
        "Net Income": 20000000.0,
        "Minority Interests": 1000000.0,
        "Net Income Including Noncontrolling Interests": 19000000.0,
        "Net Income Continuous Operations": 19000000.0,
        "Tax Provision": 25000000.0,
        "Pretax Income": 44000000.0,
        "Other Income Expense": -7000000.0,
        "Other Non Operating Income Expenses": NaN,
        "Special Income Charges": -9000000.0,
        "Impairment Of Capital Assets": 0.0,
        "Restructuring And Mergern Acquisition": 9000000.0,
        "Earnings From Equity Interest": NaN,
        "Gain On Sale Of Security": 2000000.0,
        "Net Non Operating Interest Income Expense": -19000000.0,
        "Interest Expense Non Operating": 19000000.0,
        "Operating Income": 70000000.0,
        "Operating Expense": 396000000.0,
        "Research And Development": 36000000.0,
        "Selling General And Administration": 360000000.0,
        "General And Administrative Expense": 360000000.0,
        "Other Gand A": 358000000.0,
        "Salaries And Wages": 2000000.0,
        "Gross Profit": 466000000.0,
        "Cost Of Revenue": 413000000.0,
        "Total Revenue": 879000000.0,
        "Operating Revenue": 879000000.0
    }
}