{
    "2023-03-31": {
        "Tax Effect Of Unusual Items": NaN,
        "Tax Rate For Calcs": NaN,
        "Net Income From Continuing Operation Net Minority Interest": NaN,
        "Net Interest Income": NaN,
        "Interest Expense": 271942000.0,
        "Interest Income": NaN,
        "Normalized Income": NaN,
        "Net Income From Continuing And Discontinued Operation": NaN,
        "Diluted Average Shares": NaN,
        "Basic Average Shares": NaN,
        "Diluted EPS": NaN,
        "Basic EPS": NaN,
        "Diluted NI Availto Com Stockholders": NaN,
        "Net Income Common Stockholders": NaN,
        "Net Income": NaN,
        "Minority Interests": NaN,
        "Net Income Including Noncontrolling Interests": NaN,
        "Net Income Continuous Operations": NaN,
        "Earnings From Equity Interest Net Of Tax": NaN,
        "Tax Provision": NaN,
        "Pretax Income": NaN,
        "Other Non Operating Income Expenses": NaN,
        "Gain On Sale Of Security": NaN,
        "Selling General And Administration": NaN,
        "Selling And Marketing Expense": 2038000.0,
        "General And Administrative Expense": NaN,
        "Other Gand A": NaN,
        "Total Revenue": NaN,
        "Operating Revenue": NaN
    },
    "2022-12-31": {
        "Tax Effect Of Unusual Items": NaN,
        "Tax Rate For Calcs": NaN,
        "Net Income From Continuing Operation Net Minority Interest": NaN,
        "Net Interest Income": NaN,
        "Interest Expense": NaN,
        "Interest Income": NaN,
        "Normalized Income": NaN,
        "Net Income From Continuing And Discontinued Operation": NaN,
        "Diluted Average Shares": NaN,
        "Basic Average Shares": NaN,
        "Diluted EPS": NaN,
        "Basic EPS": NaN,
        "Diluted NI Availto Com Stockholders": NaN,
        "Net Income Common Stockholders": NaN,
        "Net Income": NaN,
        "Minority Interests": NaN,
        "Net Income Including Noncontrolling Interests": NaN,
        "Net Income Continuous Operations": NaN,
        "Earnings From Equity Interest Net Of Tax": NaN,
        "Tax Provision": NaN,
        "Pretax Income": NaN,
        "Other Non Operating Income Expenses": NaN,
        "Gain On Sale Of Security": NaN,
        "Selling General And Administration": NaN,
        "Selling And Marketing Expense": 2496209.0,
        "General And Administrative Expense": NaN,
        "Other Gand A": NaN,
        "Total Revenue": NaN,
        "Operating Revenue": NaN
    },
    "2022-09-30": {
        "Tax Effect Of Unusual Items": NaN,
        "Tax Rate For Calcs": NaN,
        "Net Income From Continuing Operation Net Minority Interest": NaN,
        "Net Interest Income": NaN,
        "Interest Income": NaN,
        "Normalized Income": NaN,
        "Net Income From Continuing And Discontinued Operation": NaN,
        "Diluted Average Shares": 54830172.0,
        "Basic Average Shares": 53623702.0,
        "Diluted EPS": 3.84,
        "Basic EPS": 3.96,
        "Diluted NI Availto Com Stockholders": NaN,
        "Net Income Common Stockholders": NaN,
        "Net Income": NaN,
        "Minority Interests": NaN,
        "Net Income Including Noncontrolling Interests": NaN,
        "Net Income Continuous Operations": NaN,
        "Earnings From Equity Interest Net Of Tax": NaN,
        "Tax Provision": NaN,
        "Pretax Income": NaN,
        "Other Non Operating Income Expenses": NaN,
        "Gain On Sale Of Security": NaN,
        "Selling General And Administration": NaN,
        "Selling And Marketing Expense": NaN,
        "General And Administrative Expense": NaN,
        "Other Gand A": NaN,
        "Total Revenue": NaN,
        "Operating Revenue": NaN
    },
    "2022-06-30": {
        "Tax Effect Of Unusual Items": 0.0,
        "Tax Rate For Calcs": 0.191835,
        "Net Income From Continuing Operation Net Minority Interest": 185700000.0,
        "Net Interest Income": 236447000.0,
        "Interest Income": 236447000.0,
        "Normalized Income": 185700000.0,
        "Net Income From Continuing And Discontinued Operation": 185700000.0,
        "Diluted Average Shares": 56586098.0,
        "Basic Average Shares": 55327835.0,
        "Diluted EPS": 3.3,
        "Basic EPS": 3.36,
        "Diluted NI Availto Com Stockholders": 185700000.0,
        "Net Income Common Stockholders": 185700000.0,
        "Net Income": 185700000.0,
        "Minority Interests": 0.0,
        "Net Income Including Noncontrolling Interests": 185700000.0,
        "Net Income Continuous Operations": 185700000.0,
        "Earnings From Equity Interest Net Of Tax": 7738000.0,
        "Tax Provision": 42243000.0,
        "Pretax Income": 220205000.0,
        "Other Non Operating Income Expenses": 5911000.0,
        "Gain On Sale Of Security": 31882000.0,
        "Selling General And Administration": 45711000.0,
        "Selling And Marketing Expense": 4567000.0,
        "General And Administrative Expense": 41144000.0,
        "Other Gand A": 41144000.0,
        "Total Revenue": 311747000.0,
        "Operating Revenue": 311747000.0
    },
    "2022-03-31": {
        "Diluted EPS": 0.39,
        "Total Revenue": 140,
        "Gross Profit": 67,
        "Operating Income": 50,
        "EBIT": 50,
        "Net Income": 22
    },
    "2021-12-31": {
        "Diluted EPS": 0.37,
        "Total Revenue": 137,
        "Gross Profit": 72,
        "Operating Income": 51,
        "EBIT": 51,
        "Net Income": 22
    },
    "2021-09-30": {
        "Diluted EPS": 0.76,
        "Total Revenue": 150,
        "Gross Profit": 75,
        "Operating Income": 64,
        "EBIT": 64,
        "Net Income": 43
    },
    "2021-06-30": {
        "Diluted EPS": 0.61,
        "Total Revenue": 144,
        "Gross Profit": 64,
        "Operating Income": 52,
        "EBIT": 52,
        "Net Income": 35
    },
    "2021-03-31": {
        "Diluted EPS": 0.54,
        "Total Revenue": 138,
        "Gross Profit": 51,
        "Operating Income": 38,
        "EBIT": 38,
        "Net Income": 29
    },
    "2020-12-31": {
        "Diluted EPS": -2.0,
        "Total Revenue": 124,
        "Gross Profit": 20,
        "Operating Income": -138,
        "EBIT": -138,
        "Net Income": -108
    },
    "2020-09-30": {
        "Diluted EPS": -0.31,
        "Total Revenue": 82,
        "Gross Profit": 0,
        "Operating Income": -15,
        "EBIT": -15,
        "Net Income": -17
    },
    "2020-06-30": {
        "Diluted EPS": -0.9,
        "Total Revenue": 55,
        "Gross Profit": -15,
        "Operating Income": -48,
        "EBIT": -48,
        "Net Income": -49
    },
    "2020-03-31": {
        "Diluted EPS": -0.51,
        "Total Revenue": 75,
        "Gross Profit": 15,
        "Operating Income": -18,
        "EBIT": -18,
        "Net Income": -28
    },
    "2019-12-31": {
        "Diluted EPS": 0.36,
        "Total Revenue": 89,
        "Gross Profit": 29,
        "Operating Income": 4,
        "EBIT": 4,
        "Net Income": 17
    },
    "2019-09-30": {
        "Diluted EPS": 0.33,
        "Total Revenue": 121,
        "Gross Profit": 57,
        "Operating Income": 33,
        "EBIT": 33,
        "Net Income": 18
    },
    "2019-06-30": {
        "Diluted EPS": 0.81,
        "Total Revenue": 118,
        "Gross Profit": 57,
        "Operating Income": 38,
        "EBIT": 38,
        "Net Income": 44
    },
    "2019-03-31": {
        "Diluted EPS": 0.6,
        "Total Revenue": 116,
        "Gross Profit": 66,
        "Operating Income": 42,
        "EBIT": 42,
        "Net Income": 32
    },
    "2018-09-30": {
        "Diluted EPS": 0.54,
        "Total Revenue": 121,
        "Gross Profit": 79,
        "Operating Income": 40,
        "EBIT": 40,
        "Net Income": 29
    },
    "2018-06-30": {
        "Diluted EPS": 0.0,
        "Total Revenue": NaN,
        "Gross Profit": NaN,
        "Operating Income": NaN,
        "Net Income": NaN
    },
    "2017-12-31": {
        "Diluted EPS": 0.0,
        "Total Revenue": NaN,
        "Gross Profit": NaN,
        "Operating Income": NaN,
        "EBIT": NaN,
        "Net Income": NaN
    },
    "2023-06-30": {
        "Tax Effect Of Unusual Items": NaN,
        "Tax Rate For Calcs": NaN,
        "Net Income From Continuing Operation Net Minority Interest": NaN,
        "Net Interest Income": NaN,
        "Interest Expense": 332119000.0,
        "Interest Income": NaN,
        "Normalized Income": NaN,
        "Net Income From Continuing And Discontinued Operation": NaN,
        "Diluted Average Shares": NaN,
        "Basic Average Shares": NaN,
        "Diluted EPS": NaN,
        "Basic EPS": NaN,
        "Diluted NI Availto Com Stockholders": NaN,
        "Net Income Common Stockholders": NaN,
        "Net Income": NaN,
        "Minority Interests": NaN,
        "Net Income Including Noncontrolling Interests": NaN,
        "Net Income Continuous Operations": NaN,
        "Earnings From Equity Interest Net Of Tax": NaN,
        "Tax Provision": NaN,
        "Pretax Income": NaN,
        "Other Non Operating Income Expenses": NaN,
        "Gain On Sale Of Security": NaN,
        "Selling General And Administration": NaN,
        "Selling And Marketing Expense": 3431000.0,
        "General And Administrative Expense": NaN,
        "Other Gand A": NaN,
        "Total Revenue": NaN,
        "Operating Revenue": NaN
    },
    "2023-09-30": {
        "Tax Effect Of Unusual Items": NaN,
        "Tax Rate For Calcs": NaN,
        "Net Income From Continuing Operation Net Minority Interest": NaN,
        "Net Interest Income": NaN,
        "Interest Expense": NaN,
        "Interest Income": NaN,
        "Normalized Income": NaN,
        "Net Income From Continuing And Discontinued Operation": NaN,
        "Diluted Average Shares": NaN,
        "Basic Average Shares": NaN,
        "Diluted EPS": NaN,
        "Basic EPS": NaN,
        "Diluted NI Availto Com Stockholders": NaN,
        "Net Income Common Stockholders": NaN,
        "Net Income": NaN,
        "Minority Interests": NaN,
        "Net Income Including Noncontrolling Interests": NaN,
        "Net Income Continuous Operations": NaN,
        "Earnings From Equity Interest Net Of Tax": NaN,
        "Tax Provision": NaN,
        "Pretax Income": NaN,
        "Other Non Operating Income Expenses": NaN,
        "Gain On Sale Of Security": NaN,
        "Selling General And Administration": NaN,
        "Selling And Marketing Expense": 419887000.0,
        "General And Administrative Expense": NaN,
        "Other Gand A": NaN,
        "Total Revenue": NaN,
        "Operating Revenue": NaN
    },
    "2023-12-31": {
        "Tax Effect Of Unusual Items": NaN,
        "Tax Rate For Calcs": NaN,
        "Net Income From Continuing Operation Net Minority Interest": NaN,
        "Net Interest Income": NaN,
        "Interest Expense": NaN,
        "Interest Income": NaN,
        "Normalized Income": NaN,
        "Net Income From Continuing And Discontinued Operation": NaN,
        "Diluted Average Shares": NaN,
        "Basic Average Shares": NaN,
        "Diluted EPS": NaN,
        "Basic EPS": NaN,
        "Diluted NI Availto Com Stockholders": NaN,
        "Net Income Common Stockholders": NaN,
        "Net Income": NaN,
        "Minority Interests": NaN,
        "Net Income Including Noncontrolling Interests": NaN,
        "Net Income Continuous Operations": NaN,
        "Earnings From Equity Interest Net Of Tax": NaN,
        "Tax Provision": NaN,
        "Pretax Income": NaN,
        "Other Non Operating Income Expenses": NaN,
        "Gain On Sale Of Security": NaN,
        "Selling General And Administration": NaN,
        "Selling And Marketing Expense": 3710815.0,
        "General And Administrative Expense": NaN,
        "Other Gand A": NaN,
        "Total Revenue": NaN,
        "Operating Revenue": NaN
    },
    "2024-03-31": {
        "Tax Effect Of Unusual Items": 0.0,
        "Tax Rate For Calcs": 0.169248,
        "Net Income From Continuing Operation Net Minority Interest": 363139000.0,
        "Net Interest Income": 81963000.0,
        "Interest Expense": 248374000.0,
        "Interest Income": 330337000.0,
        "Normalized Income": 363139000.0,
        "Net Income From Continuing And Discontinued Operation": 363139000.0,
        "Diluted Average Shares": 49482402.0,
        "Basic Average Shares": 48964787.0,
        "Diluted EPS": 7.32,
        "Basic EPS": 7.44,
        "Diluted NI Availto Com Stockholders": 363139000.0,
        "Net Income Common Stockholders": 363139000.0,
        "Net Income": 363139000.0,
        "Minority Interests": 0.0,
        "Net Income Including Noncontrolling Interests": 363139000.0,
        "Net Income Continuous Operations": 363139000.0,
        "Earnings From Equity Interest Net Of Tax": 43965000.0,
        "Tax Provision": 65025000.0,
        "Pretax Income": 384199000.0,
        "Other Non Operating Income Expenses": 4046000.0,
        "Gain On Sale Of Security": 8327000.0,
        "Selling General And Administration": 38474000.0,
        "Selling And Marketing Expense": NaN,
        "General And Administrative Expense": 38474000.0,
        "Other Gand A": 38474000.0,
        "Total Revenue": 536665000.0,
        "Operating Revenue": 536665000.0
    },
    "2024-06-30": {
        "Tax Effect Of Unusual Items": 0.0,
        "Tax Rate For Calcs": 0.199509,
        "Net Income From Continuing Operation Net Minority Interest": 415303000.0,
        "Net Interest Income": 25558000.0,
        "Interest Expense": 323636000.0,
        "Interest Income": 349194000.0,
        "Normalized Income": 415303000.0,
        "Net Income From Continuing And Discontinued Operation": 415303000.0,
        "Diluted Average Shares": 50076429.0,
        "Basic Average Shares": 48985708.0,
        "Diluted EPS": 8.28,
        "Basic EPS": 8.46,
        "Diluted NI Availto Com Stockholders": 415303000.0,
        "Net Income Common Stockholders": 415303000.0,
        "Net Income": 415303000.0,
        "Minority Interests": 0.0,
        "Net Income Including Noncontrolling Interests": 415303000.0,
        "Net Income Continuous Operations": 415303000.0,
        "Earnings From Equity Interest Net Of Tax": 55929000.0,
        "Tax Provision": 89568000.0,
        "Pretax Income": 448942000.0,
        "Other Non Operating Income Expenses": -657000.0,
        "Gain On Sale Of Security": -3829000.0,
        "Selling General And Administration": 39073000.0,
        "Selling And Marketing Expense": NaN,
        "General And Administrative Expense": 39073000.0,
        "Other Gand A": 39073000.0,
        "Total Revenue": 620427000.0,
        "Operating Revenue": 620427000.0
    },
    "2024-09-30": {
        "Tax Effect Of Unusual Items": 0.0,
        "Tax Rate For Calcs": 0.211906,
        "Net Income From Continuing Operation Net Minority Interest": 375840000.0,
        "Net Interest Income": -169782000.0,
        "Interest Expense": 506758000.0,
        "Interest Income": 336976000.0,
        "Normalized Income": 375840000.0,
        "Net Income From Continuing And Discontinued Operation": 375840000.0,
        "Diluted Average Shares": 48723274.0,
        "Basic Average Shares": 47642867.0,
        "Diluted EPS": 7.74,
        "Basic EPS": 7.86,
        "Diluted NI Availto Com Stockholders": 375840000.0,
        "Net Income Common Stockholders": 375840000.0,
        "Net Income": 375840000.0,
        "Minority Interests": 0.0,
        "Net Income Including Noncontrolling Interests": 375840000.0,
        "Net Income Continuous Operations": 375840000.0,
        "Earnings From Equity Interest Net Of Tax": 2702000.0,
        "Tax Provision": 100331000.0,
        "Pretax Income": 473469000.0,
        "Other Non Operating Income Expenses": 6048000.0,
        "Gain On Sale Of Security": -47635000.0,
        "Selling General And Administration": 49499000.0,
        "Selling And Marketing Expense": 506758000.0,
        "General And Administrative Expense": 49499000.0,
        "Other Gand A": 49499000.0,
        "Total Revenue": 576651000.0,
        "Operating Revenue": 576651000.0
    },
    "2024-12-31": {
        "Tax Effect Of Unusual Items": 0.0,
        "Tax Rate For Calcs": 0.307272,
        "Net Income From Continuing Operation Net Minority Interest": 385625765.0,
        "Net Interest Income": -148766895.0,
        "Interest Expense": 503704287.0,
        "Interest Income": 354937392.0,
        "Normalized Income": 385625765.0,
        "Net Income From Continuing And Discontinued Operation": 385625765.0,
        "Diluted Average Shares": 48090363.0,
        "Basic Average Shares": 46970610.0,
        "Diluted EPS": 8.04,
        "Basic EPS": 8.22,
        "Diluted NI Availto Com Stockholders": 385625765.0,
        "Net Income Common Stockholders": 385625765.0,
        "Net Income": 385625765.0,
        "Minority Interests": 0.0,
        "Net Income Including Noncontrolling Interests": 385625765.0,
        "Net Income Continuous Operations": 385625765.0,
        "Earnings From Equity Interest Net Of Tax": 45705383.0,
        "Tax Provision": 150777714.0,
        "Pretax Income": 490698096.0,
        "Other Non Operating Income Expenses": 4083019.0,
        "Gain On Sale Of Security": -35870444.0,
        "Selling General And Administration": 48885509.0,
        "Selling And Marketing Expense": NaN,
        "General And Administrative Expense": 48885509.0,
        "Other Gand A": 48885509.0,
        "Total Revenue": 728327547.0,
        "Operating Revenue": 728327547.0
    },
    "2025-03-31": {
        "Tax Effect Of Unusual Items": 0.0,
        "Tax Rate For Calcs": 0.209597,
        "Net Income From Continuing Operation Net Minority Interest": 458127000.0,
        "Net Interest Income": -401586000.0,
        "Interest Expense": 709007000.0,
        "Interest Income": 307421000.0,
        "Normalized Income": 458127000.0,
        "Net Income From Continuing And Discontinued Operation": 458127000.0,
        "Diluted Average Shares": 43477339.0,
        "Basic Average Shares": 42048800.0,
        "Diluted EPS": 10.56,
        "Basic EPS": 10.92,
        "Diluted NI Availto Com Stockholders": 458127000.0,
        "Net Income Common Stockholders": 458127000.0,
        "Net Income": 458127000.0,
        "Minority Interests": 0.0,
        "Net Income Including Noncontrolling Interests": 458127000.0,
        "Net Income Continuous Operations": 458127000.0,
        "Earnings From Equity Interest Net Of Tax": 18694000.0,
        "Tax Provision": 116528000.0,
        "Pretax Income": 555961000.0,
        "Other Non Operating Income Expenses": 1935000.0,
        "Gain On Sale Of Security": 1739000.0,
        "Selling General And Administration": 51744000.0,
        "Selling And Marketing Expense": NaN,
        "General And Administrative Expense": 51744000.0,
        "Other Gand A": 51744000.0,
        "Total Revenue": 741311000.0,
        "Operating Revenue": 741311000.0
    },
    "2025-06-30": {
        "Tax Effect Of Unusual Items": 0.0,
        "Tax Rate For Calcs": 0.166363,
        "Net Income From Continuing Operation Net Minority Interest": 528016000.0,
        "Net Interest Income": -432342000.0,
        "Interest Expense": 756264000.0,
        "Interest Income": 323922000.0,
        "Normalized Income": 528016000.0,
        "Net Income From Continuing And Discontinued Operation": 528016000.0,
        "Diluted Average Shares": 43991393.0,
        "Basic Average Shares": 41927750.0,
        "Diluted EPS": 12.0,
        "Basic EPS": 12.6,
        "Diluted NI Availto Com Stockholders": 528016000.0,
        "Net Income Common Stockholders": 528016000.0,
        "Net Income": 528016000.0,
        "Minority Interests": 0.0,
        "Net Income Including Noncontrolling Interests": 528016000.0,
        "Net Income Continuous Operations": 528016000.0,
        "Earnings From Equity Interest Net Of Tax": -27173000.0,
        "Tax Provision": 110795000.0,
        "Pretax Income": 665984000.0,
        "Other Non Operating Income Expenses": 221000.0,
        "Gain On Sale Of Security": -5804000.0,
        "Selling General And Administration": 49539000.0,
        "Selling And Marketing Expense": NaN,
        "General And Administrative Expense": 49539000.0,
        "Other Gand A": 49539000.0,
        "Total Revenue": 1003166000.0,
        "Operating Revenue": 1003166000.0
    }
}