{
    "2023-03-31": {
        "Tax Effect Of Unusual Items": NaN,
        "Tax Rate For Calcs": NaN,
        "Normalized EBITDA": NaN,
        "Total Unusual Items": NaN,
        "Total Unusual Items Excluding Goodwill": NaN,
        "Net Income From Continuing Operation Net Minority Interest": NaN,
        "Reconciled Depreciation": NaN,
        "Reconciled Cost Of Revenue": NaN,
        "EBITDA": NaN,
        "EBIT": NaN,
        "Net Interest Income": NaN,
        "Interest Expense": NaN,
        "Normalized Income": NaN,
        "Net Income From Continuing And Discontinued Operation": NaN,
        "Total Expenses": NaN,
        "Total Operating Income As Reported": NaN,
        "Diluted Average Shares": 181300000.0,
        "Basic Average Shares": 180400000.0,
        "Diluted EPS": 0.54,
        "Basic EPS": 0.55,
        "Diluted NI Availto Com Stockholders": NaN,
        "Net Income Common Stockholders": NaN,
        "Net Income": NaN,
        "Net Income Including Noncontrolling Interests": NaN,
        "Net Income Continuous Operations": NaN,
        "Tax Provision": NaN,
        "Pretax Income": NaN,
        "Other Income Expense": NaN,
        "Other Non Operating Income Expenses": NaN,
        "Special Income Charges": NaN,
        "Gain On Sale Of Business": NaN,
        "Write Off": NaN,
        "Restructuring And Mergern Acquisition": NaN,
        "Net Non Operating Interest Income Expense": NaN,
        "Interest Expense Non Operating": NaN,
        "Operating Income": NaN,
        "Operating Expense": NaN,
        "Research And Development": NaN,
        "Selling General And Administration": NaN,
        "General And Administrative Expense": NaN,
        "Other Gand A": NaN,
        "Salaries And Wages": NaN,
        "Gross Profit": NaN,
        "Cost Of Revenue": NaN,
        "Total Revenue": NaN,
        "Operating Revenue": NaN
    },
    "2022-12-31": {
        "Tax Effect Of Unusual Items": NaN,
        "Tax Rate For Calcs": NaN,
        "Normalized EBITDA": NaN,
        "Total Unusual Items": NaN,
        "Total Unusual Items Excluding Goodwill": NaN,
        "Net Income From Continuing Operation Net Minority Interest": NaN,
        "Reconciled Depreciation": NaN,
        "Reconciled Cost Of Revenue": NaN,
        "EBITDA": NaN,
        "EBIT": NaN,
        "Net Interest Income": NaN,
        "Interest Expense": NaN,
        "Normalized Income": NaN,
        "Net Income From Continuing And Discontinued Operation": NaN,
        "Total Expenses": NaN,
        "Total Operating Income As Reported": NaN,
        "Diluted Average Shares": NaN,
        "Basic Average Shares": NaN,
        "Diluted EPS": NaN,
        "Basic EPS": NaN,
        "Diluted NI Availto Com Stockholders": NaN,
        "Net Income Common Stockholders": NaN,
        "Net Income": NaN,
        "Net Income Including Noncontrolling Interests": NaN,
        "Net Income Continuous Operations": NaN,
        "Tax Provision": NaN,
        "Pretax Income": NaN,
        "Other Income Expense": NaN,
        "Other Non Operating Income Expenses": NaN,
        "Special Income Charges": NaN,
        "Gain On Sale Of Business": NaN,
        "Write Off": NaN,
        "Restructuring And Mergern Acquisition": NaN,
        "Net Non Operating Interest Income Expense": NaN,
        "Interest Expense Non Operating": NaN,
        "Operating Income": NaN,
        "Operating Expense": NaN,
        "Research And Development": NaN,
        "Selling General And Administration": NaN,
        "General And Administrative Expense": NaN,
        "Other Gand A": NaN,
        "Salaries And Wages": 0.0,
        "Gross Profit": NaN,
        "Cost Of Revenue": NaN,
        "Total Revenue": NaN,
        "Operating Revenue": NaN
    },
    "2022-09-30": {
        "Tax Effect Of Unusual Items": NaN,
        "Tax Rate For Calcs": NaN,
        "Normalized EBITDA": NaN,
        "Total Unusual Items": NaN,
        "Total Unusual Items Excluding Goodwill": NaN,
        "Net Income From Continuing Operation Net Minority Interest": NaN,
        "Reconciled Depreciation": NaN,
        "Reconciled Cost Of Revenue": NaN,
        "EBITDA": NaN,
        "EBIT": NaN,
        "Net Interest Income": NaN,
        "Interest Expense": NaN,
        "Normalized Income": NaN,
        "Net Income From Continuing And Discontinued Operation": NaN,
        "Total Expenses": NaN,
        "Total Operating Income As Reported": NaN,
        "Diluted Average Shares": 180939000.0,
        "Basic Average Shares": 180217000.0,
        "Diluted EPS": 0.07,
        "Basic EPS": 0.07,
        "Diluted NI Availto Com Stockholders": NaN,
        "Net Income Common Stockholders": NaN,
        "Net Income": NaN,
        "Net Income Including Noncontrolling Interests": NaN,
        "Net Income Continuous Operations": NaN,
        "Tax Provision": NaN,
        "Pretax Income": NaN,
        "Other Income Expense": NaN,
        "Other Non Operating Income Expenses": NaN,
        "Special Income Charges": NaN,
        "Gain On Sale Of Business": NaN,
        "Write Off": NaN,
        "Restructuring And Mergern Acquisition": NaN,
        "Net Non Operating Interest Income Expense": NaN,
        "Interest Expense Non Operating": NaN,
        "Operating Income": NaN,
        "Operating Expense": NaN,
        "Research And Development": NaN,
        "Selling General And Administration": NaN,
        "General And Administrative Expense": NaN,
        "Other Gand A": NaN,
        "Salaries And Wages": 140000000.0,
        "Gross Profit": NaN,
        "Cost Of Revenue": NaN,
        "Total Revenue": NaN,
        "Operating Revenue": NaN
    },
    "2022-06-30": {
        "Tax Effect Of Unusual Items": -1225000.0,
        "Tax Rate For Calcs": 0.175,
        "Normalized EBITDA": 215000000.0,
        "Total Unusual Items": -7000000.0,
        "Total Unusual Items Excluding Goodwill": -7000000.0,
        "Net Income From Continuing Operation Net Minority Interest": 112000000.0,
        "Reconciled Depreciation": 60000000.0,
        "Reconciled Cost Of Revenue": 844000000.0,
        "EBITDA": 208000000.0,
        "EBIT": 148000000.0,
        "Net Interest Income": -12000000.0,
        "Interest Expense": 12000000.0,
        "Normalized Income": 117775000.0,
        "Net Income From Continuing And Discontinued Operation": 112000000.0,
        "Total Expenses": 1211000000.0,
        "Total Operating Income As Reported": 146000000.0,
        "Diluted Average Shares": 180600000.0,
        "Basic Average Shares": 180200000.0,
        "Diluted EPS": 0.62,
        "Basic EPS": 0.62,
        "Diluted NI Availto Com Stockholders": 112000000.0,
        "Net Income Common Stockholders": 112000000.0,
        "Net Income": 112000000.0,
        "Net Income Including Noncontrolling Interests": 112000000.0,
        "Net Income Continuous Operations": 112000000.0,
        "Tax Provision": 24000000.0,
        "Pretax Income": 136000000.0,
        "Other Income Expense": -5000000.0,
        "Other Non Operating Income Expenses": 2000000.0,
        "Special Income Charges": -7000000.0,
        "Gain On Sale Of Business": 0.0,
        "Write Off": 1000000.0,
        "Restructuring And Mergern Acquisition": 6000000.0,
        "Net Non Operating Interest Income Expense": -12000000.0,
        "Interest Expense Non Operating": 12000000.0,
        "Operating Income": 153000000.0,
        "Operating Expense": 367000000.0,
        "Research And Development": 53000000.0,
        "Selling General And Administration": 314000000.0,
        "Gross Profit": 520000000.0,
        "Cost Of Revenue": 844000000.0,
        "Total Revenue": 1364000000.0,
        "Operating Revenue": 1364000000.0
    },
    "2023-06-30": {
        "Tax Effect Of Unusual Items": NaN,
        "Tax Rate For Calcs": NaN,
        "Normalized EBITDA": NaN,
        "Total Unusual Items": NaN,
        "Total Unusual Items Excluding Goodwill": NaN,
        "Net Income From Continuing Operation Net Minority Interest": NaN,
        "Reconciled Depreciation": NaN,
        "Reconciled Cost Of Revenue": NaN,
        "EBITDA": NaN,
        "EBIT": NaN,
        "Net Interest Income": NaN,
        "Interest Expense": NaN,
        "Normalized Income": NaN,
        "Net Income From Continuing And Discontinued Operation": NaN,
        "Total Expenses": NaN,
        "Total Operating Income As Reported": NaN,
        "Diluted Average Shares": 206700000.0,
        "Basic Average Shares": 205500000.0,
        "Diluted EPS": 0.45,
        "Basic EPS": 0.45,
        "Diluted NI Availto Com Stockholders": NaN,
        "Net Income Common Stockholders": NaN,
        "Net Income": NaN,
        "Net Income Including Noncontrolling Interests": NaN,
        "Net Income Continuous Operations": NaN,
        "Tax Provision": NaN,
        "Pretax Income": NaN,
        "Other Income Expense": NaN,
        "Other Non Operating Income Expenses": NaN,
        "Special Income Charges": NaN,
        "Gain On Sale Of Business": NaN,
        "Write Off": NaN,
        "Restructuring And Mergern Acquisition": NaN,
        "Net Non Operating Interest Income Expense": NaN,
        "Interest Expense Non Operating": NaN,
        "Operating Income": NaN,
        "Operating Expense": NaN,
        "Research And Development": NaN,
        "Selling General And Administration": NaN,
        "General And Administrative Expense": 446000000.0,
        "Other Gand A": 446000000.0,
        "Salaries And Wages": NaN,
        "Gross Profit": NaN,
        "Cost Of Revenue": NaN,
        "Total Revenue": NaN,
        "Operating Revenue": NaN
    },
    "2022-03-31": {
        "Diluted EPS": 0.45,
        "Total Revenue": NaN,
        "Gross Profit": 467,
        "Operating Income": 111,
        "EBIT": 169,
        "Net Income": 82
    },
    "2021-12-31": {
        "Diluted EPS": 0.62,
        "Total Revenue": NaN,
        "Gross Profit": 493,
        "Operating Income": 140,
        "EBIT": 199,
        "Net Income": 113
    },
    "2021-09-30": {
        "Diluted EPS": 0.63,
        "Total Revenue": NaN,
        "Gross Profit": 472,
        "Operating Income": 152,
        "EBIT": 214,
        "Net Income": 114
    },
    "2021-06-30": {
        "Diluted EPS": 0.62,
        "Total Revenue": NaN,
        "Gross Profit": 520,
        "Operating Income": 160,
        "EBIT": 222,
        "Net Income": 113
    },
    "2021-03-31": {
        "Diluted EPS": 0.48,
        "Total Revenue": NaN,
        "Gross Profit": 490,
        "Operating Income": 133,
        "EBIT": 195,
        "Net Income": 87
    },
    "2020-12-31": {
        "Diluted EPS": 0.82,
        "Total Revenue": NaN,
        "Gross Profit": 526,
        "Operating Income": 179,
        "EBIT": 241,
        "Net Income": 148
    },
    "2020-09-30": {
        "Diluted EPS": 0.2,
        "Total Revenue": NaN,
        "Gross Profit": 461,
        "Operating Income": 73,
        "EBIT": 194,
        "Net Income": 37
    },
    "2020-06-30": {
        "Diluted EPS": 0.17,
        "Total Revenue": NaN,
        "Gross Profit": 434,
        "Operating Income": 54,
        "EBIT": 116,
        "Net Income": 31
    },
    "2020-03-31": {
        "Diluted EPS": 0.21,
        "Total Revenue": NaN,
        "Gross Profit": 409,
        "Operating Income": 61,
        "EBIT": 125,
        "Net Income": 38
    },
    "2019-12-31": {
        "Diluted EPS": 0.65,
        "Total Revenue": NaN,
        "Gross Profit": 537,
        "Operating Income": 195,
        "EBIT": 260,
        "Net Income": 118
    },
    "2019-09-30": {
        "Diluted EPS": 0.36,
        "Total Revenue": NaN,
        "Gross Profit": 509,
        "Operating Income": 11,
        "EBIT": 224,
        "Net Income": 65
    },
    "2019-06-30": {
        "Diluted EPS": 0.77,
        "Total Revenue": NaN,
        "Gross Profit": 526,
        "Operating Income": 171,
        "EBIT": 234,
        "Net Income": 139
    },
    "2019-03-31": {
        "Diluted EPS": 0.43,
        "Total Revenue": NaN,
        "Gross Profit": 474,
        "Operating Income": 109,
        "EBIT": 173,
        "Net Income": 79
    },
    "2018-12-31": {
        "Diluted EPS": 1.24,
        "Total Revenue": NaN,
        "Gross Profit": 542,
        "Operating Income": 194,
        "EBIT": 260,
        "Net Income": 225
    },
    "2018-09-30": {
        "Diluted EPS": 0.72,
        "Total Revenue": NaN,
        "Gross Profit": 505,
        "Operating Income": 176,
        "EBIT": 239,
        "Net Income": 130
    },
    "2018-06-30": {
        "Diluted EPS": 0.64,
        "Total Revenue": NaN,
        "Gross Profit": 519,
        "Operating Income": 171,
        "EBIT": 236,
        "Net Income": 115
    },
    "2018-03-31": {
        "Diluted EPS": 0.43,
        "Total Revenue": NaN,
        "Gross Profit": 460,
        "Operating Income": 113,
        "EBIT": 180,
        "Net Income": 79
    },
    "2017-12-31": {
        "Diluted EPS": 0.39,
        "Total Revenue": NaN,
        "Gross Profit": 507,
        "Operating Income": 177,
        "EBIT": 237,
        "Net Income": 71
    },
    "2017-09-30": {
        "Diluted EPS": 0.58,
        "Total Revenue": NaN,
        "Gross Profit": 471,
        "Operating Income": 152,
        "EBIT": 210,
        "Net Income": 105
    },
    "2017-06-30": {
        "Diluted EPS": 0.55,
        "Total Revenue": NaN,
        "Gross Profit": 457,
        "Operating Income": 137,
        "EBIT": 194,
        "Net Income": 99
    },
    "2017-03-31": {
        "Diluted EPS": 0.31,
        "Total Revenue": NaN,
        "Gross Profit": 412,
        "Operating Income": 86,
        "EBIT": 145,
        "Net Income": 56
    },
    "2016-12-31": {
        "Diluted EPS": 0.28,
        "Total Revenue": NaN,
        "Gross Profit": 407,
        "Operating Income": 111,
        "EBIT": 165,
        "Net Income": 50
    },
    "2016-09-30": {
        "Diluted EPS": 0.41,
        "Total Revenue": 897,
        "Gross Profit": 357,
        "Operating Income": 109,
        "EBIT": 141,
        "Net Income": 73
    },
    "2016-06-30": {
        "Diluted EPS": 0.39,
        "Total Revenue": 932,
        "Gross Profit": 369,
        "Operating Income": 109,
        "EBIT": 142,
        "Net Income": 71
    },
    "2016-03-31": {
        "Diluted EPS": 0.37,
        "Total Revenue": 847,
        "Gross Profit": 329,
        "Operating Income": 79,
        "EBIT": 111,
        "Net Income": 66
    },
    "2015-12-31": {
        "Diluted EPS": 0.63,
        "Total Revenue": 994,
        "Gross Profit": 390,
        "Operating Income": 142,
        "EBIT": 173,
        "Net Income": 114
    },
    "2015-09-30": {
        "Diluted EPS": 0.48,
        "Total Revenue": 902,
        "Gross Profit": 351,
        "Operating Income": 120,
        "EBIT": 153,
        "Net Income": 88
    },
    "2015-06-30": {
        "Diluted EPS": 0.41,
        "Total Revenue": 920,
        "Gross Profit": 348,
        "Operating Income": 104,
        "EBIT": 138,
        "Net Income": 74
    },
    "2015-03-31": {
        "Diluted EPS": 0.35,
        "Total Revenue": 837,
        "Gross Profit": 315,
        "Operating Income": 83,
        "EBIT": 118,
        "Net Income": 64
    },
    "2014-12-31": {
        "Diluted EPS": 0.51,
        "Total Revenue": NaN,
        "Gross Profit": 407,
        "Operating Income": 141,
        "EBIT": 176,
        "Net Income": 96
    },
    "2014-09-30": {
        "Diluted EPS": 0.58,
        "Total Revenue": 963,
        "Gross Profit": 376,
        "Operating Income": 130,
        "EBIT": 165,
        "Net Income": 106
    },
    "2014-06-30": {
        "Diluted EPS": 0.47,
        "Total Revenue": NaN,
        "Gross Profit": 388,
        "Operating Income": 116,
        "EBIT": 152,
        "Net Income": 86
    },
    "2014-03-31": {
        "Diluted EPS": 0.27,
        "Total Revenue": 906,
        "Gross Profit": 342,
        "Operating Income": 76,
        "EBIT": 112,
        "Net Income": 49
    },
    "2013-12-31": {
        "Diluted EPS": 0.36,
        "Total Revenue": NaN,
        "Gross Profit": 410,
        "Operating Income": 129,
        "EBIT": 169,
        "Net Income": 68
    },
    "2013-09-30": {
        "Diluted EPS": 0.39,
        "Total Revenue": 965,
        "Gross Profit": 384,
        "Operating Income": 98,
        "EBIT": 134,
        "Net Income": 73
    },
    "2013-06-30": {
        "Diluted EPS": 0.25,
        "Total Revenue": 960,
        "Gross Profit": 371,
        "Operating Income": 70,
        "EBIT": 107,
        "Net Income": 46
    },
    "2013-03-31": {
        "Diluted EPS": 0.22,
        "Total Revenue": 879,
        "Gross Profit": 334,
        "Operating Income": 66,
        "EBIT": 103,
        "Net Income": 41
    },
    "2012-12-31": {
        "Diluted EPS": 0.39,
        "Total Revenue": 969,
        "Gross Profit": 382,
        "Operating Income": 104,
        "EBIT": 143,
        "Net Income": 73
    },
    "2012-09-30": {
        "Diluted EPS": 0.38,
        "Total Revenue": 931,
        "Gross Profit": 374,
        "Operating Income": 111,
        "EBIT": 147,
        "Net Income": 72
    },
    "2012-06-30": {
        "Diluted EPS": 0.48,
        "Total Revenue": 966,
        "Gross Profit": 383,
        "Operating Income": 129,
        "EBIT": 162,
        "Net Income": 89
    },
    "2012-03-31": {
        "Diluted EPS": 0.34,
        "Total Revenue": 925,
        "Gross Profit": 363,
        "Operating Income": 99,
        "EBIT": 133,
        "Net Income": 63
    },
    "2011-12-31": {
        "Diluted EPS": 0.27,
        "Total Revenue": NaN,
        "Gross Profit": 380,
        "Operating Income": 100,
        "EBIT": 133,
        "Net Income": 52
    },
    "2011-09-30": {
        "Diluted EPS": 0.42,
        "Total Revenue": 939,
        "Gross Profit": 365,
        "Operating Income": 79,
        "EBIT": 115,
        "Net Income": 77
    },
    "2011-06-30": {
        "Diluted EPS": 0.39,
        "Total Revenue": 971,
        "Gross Profit": 379,
        "Operating Income": 116,
        "EBIT": 151,
        "Net Income": 72
    },
    "2011-03-31": {
        "Diluted EPS": 0.42,
        "Total Revenue": 890,
        "Gross Profit": 337,
        "Operating Income": 100,
        "EBIT": 133,
        "Net Income": 78
    },
    "2010-12-31": {
        "Diluted EPS": 0.53,
        "Total Revenue": 935,
        "Gross Profit": 935,
        "Operating Income": 935,
        "EBIT": 960,
        "Net Income": 97
    },
    "2010-09-30": {
        "Diluted EPS": 0.0,
        "Total Revenue": 806,
        "Gross Profit": 309,
        "Operating Income": 107,
        "EBIT": 107,
        "Net Income": 91
    },
    "2010-06-30": {
        "Diluted EPS": 0.46,
        "Total Revenue": 789,
        "Gross Profit": 789,
        "Operating Income": 789,
        "EBIT": 789,
        "Net Income": 85
    },
    "2010-03-31": {
        "Diluted EPS": 0.3,
        "Total Revenue": 700,
        "Gross Profit": 700,
        "Operating Income": 700,
        "EBIT": 700,
        "Net Income": 56
    },
    "2009-12-31": {
        "Diluted EPS": 0.0,
        "Total Revenue": NaN,
        "Gross Profit": NaN,
        "Operating Income": NaN,
        "EBIT": NaN,
        "Net Income": NaN
    },
    "2023-09-30": {
        "Tax Effect Of Unusual Items": NaN,
        "Tax Rate For Calcs": NaN,
        "Normalized EBITDA": NaN,
        "Total Unusual Items": NaN,
        "Total Unusual Items Excluding Goodwill": NaN,
        "Net Income From Continuing Operation Net Minority Interest": NaN,
        "Reconciled Depreciation": NaN,
        "Reconciled Cost Of Revenue": NaN,
        "EBITDA": NaN,
        "EBIT": NaN,
        "Net Interest Income": NaN,
        "Interest Expense": NaN,
        "Normalized Income": NaN,
        "Net Income From Continuing And Discontinued Operation": NaN,
        "Total Expenses": NaN,
        "Total Operating Income As Reported": NaN,
        "Diluted Average Shares": 242200000.0,
        "Basic Average Shares": 240900000.0,
        "Diluted EPS": 0.63,
        "Basic EPS": 0.63,
        "Diluted NI Availto Com Stockholders": NaN,
        "Net Income Common Stockholders": NaN,
        "Net Income": NaN,
        "Minority Interests": NaN,
        "Net Income Including Noncontrolling Interests": NaN,
        "Net Income Continuous Operations": NaN,
        "Tax Provision": NaN,
        "Pretax Income": NaN,
        "Other Income Expense": NaN,
        "Other Non Operating Income Expenses": NaN,
        "Special Income Charges": NaN,
        "Gain On Sale Of Business": NaN,
        "Write Off": NaN,
        "Restructuring And Mergern Acquisition": NaN,
        "Net Non Operating Interest Income Expense": NaN,
        "Interest Expense Non Operating": NaN,
        "Operating Income": NaN,
        "Operating Expense": NaN,
        "Research And Development": NaN,
        "Selling General And Administration": NaN,
        "General And Administrative Expense": 491000000.0,
        "Other Gand A": 491000000.0,
        "Salaries And Wages": 0.0,
        "Gross Profit": NaN,
        "Cost Of Revenue": NaN,
        "Total Revenue": NaN,
        "Operating Revenue": NaN
    },
    "2023-12-31": {
        "Tax Effect Of Unusual Items": NaN,
        "Tax Rate For Calcs": NaN,
        "Normalized EBITDA": NaN,
        "Total Unusual Items": NaN,
        "Total Unusual Items Excluding Goodwill": NaN,
        "Net Income From Continuing Operation Net Minority Interest": NaN,
        "Reconciled Depreciation": NaN,
        "Reconciled Cost Of Revenue": NaN,
        "EBITDA": NaN,
        "EBIT": NaN,
        "Net Interest Income": NaN,
        "Interest Expense": NaN,
        "Normalized Income": NaN,
        "Net Income From Continuing And Discontinued Operation": NaN,
        "Total Expenses": NaN,
        "Total Operating Income As Reported": NaN,
        "Diluted Average Shares": NaN,
        "Basic Average Shares": NaN,
        "Diluted EPS": NaN,
        "Basic EPS": NaN,
        "Diluted NI Availto Com Stockholders": NaN,
        "Net Income Common Stockholders": NaN,
        "Net Income": NaN,
        "Minority Interests": NaN,
        "Net Income Including Noncontrolling Interests": NaN,
        "Net Income Continuous Operations": NaN,
        "Tax Provision": NaN,
        "Pretax Income": NaN,
        "Other Income Expense": NaN,
        "Other Non Operating Income Expenses": NaN,
        "Special Income Charges": NaN,
        "Gain On Sale Of Business": NaN,
        "Write Off": NaN,
        "Restructuring And Mergern Acquisition": NaN,
        "Net Non Operating Interest Income Expense": NaN,
        "Interest Expense Non Operating": NaN,
        "Operating Income": NaN,
        "Operating Expense": NaN,
        "Research And Development": NaN,
        "Selling General And Administration": NaN,
        "General And Administrative Expense": 466000000.0,
        "Other Gand A": 466000000.0,
        "Salaries And Wages": 0.0,
        "Gross Profit": NaN,
        "Cost Of Revenue": NaN,
        "Total Revenue": NaN,
        "Operating Revenue": NaN
    },
    "2024-03-31": {
        "Tax Effect Of Unusual Items": -3270000.0,
        "Tax Rate For Calcs": 0.218,
        "Normalized EBITDA": 359000000.0,
        "Total Unusual Items": -15000000.0,
        "Total Unusual Items Excluding Goodwill": -15000000.0,
        "Net Income From Continuing Operation Net Minority Interest": 153000000.0,
        "Reconciled Depreciation": 134000000.0,
        "Reconciled Cost Of Revenue": 1281000000.0,
        "EBITDA": 344000000.0,
        "EBIT": 210000000.0,
        "Net Interest Income": -14000000.0,
        "Interest Expense": 14000000.0,
        "Normalized Income": 164730000.0,
        "Net Income From Continuing And Discontinued Operation": 153000000.0,
        "Total Expenses": 1814000000.0,
        "Total Operating Income As Reported": 209000000.0,
        "Diluted Average Shares": 243000000.0,
        "Basic Average Shares": 241900000.0,
        "Diluted EPS": 0.63,
        "Basic EPS": 0.63,
        "Diluted NI Availto Com Stockholders": 153000000.0,
        "Net Income Common Stockholders": 153000000.0,
        "Net Income": 153000000.0,
        "Minority Interests": 0.0,
        "Net Income Including Noncontrolling Interests": 153000000.0,
        "Net Income Continuous Operations": 153000000.0,
        "Tax Provision": 43000000.0,
        "Pretax Income": 196000000.0,
        "Other Income Expense": -9000000.0,
        "Other Non Operating Income Expenses": 6000000.0,
        "Special Income Charges": -15000000.0,
        "Gain On Sale Of Business": -5000000.0,
        "Write Off": 1000000.0,
        "Restructuring And Mergern Acquisition": 9000000.0,
        "Net Non Operating Interest Income Expense": -14000000.0,
        "Interest Expense Non Operating": 14000000.0,
        "Operating Income": 219000000.0,
        "Operating Expense": 533000000.0,
        "Research And Development": 59000000.0,
        "Selling General And Administration": 474000000.0,
        "General And Administrative Expense": 474000000.0,
        "Other Gand A": 474000000.0,
        "Salaries And Wages": NaN,
        "Gross Profit": 752000000.0,
        "Cost Of Revenue": 1281000000.0,
        "Total Revenue": 2033000000.0,
        "Operating Revenue": 2033000000.0
    },
    "2024-06-30": {
        "Tax Effect Of Unusual Items": -4708000.0,
        "Tax Rate For Calcs": 0.214,
        "Normalized EBITDA": 425000000.0,
        "Total Unusual Items": -22000000.0,
        "Total Unusual Items Excluding Goodwill": -22000000.0,
        "Net Income From Continuing Operation Net Minority Interest": 194000000.0,
        "Reconciled Depreciation": 145000000.0,
        "Reconciled Cost Of Revenue": 1350000000.0,
        "EBITDA": 403000000.0,
        "EBIT": 258000000.0,
        "Net Interest Income": -11000000.0,
        "Interest Expense": 11000000.0,
        "Normalized Income": 211292000.0,
        "Net Income From Continuing And Discontinued Operation": 194000000.0,
        "Total Expenses": 1893000000.0,
        "Total Operating Income As Reported": 253000000.0,
        "Diluted Average Shares": 243500000.0,
        "Basic Average Shares": 242600000.0,
        "Diluted EPS": 0.8,
        "Basic EPS": 0.8,
        "Diluted NI Availto Com Stockholders": 194000000.0,
        "Net Income Common Stockholders": 194000000.0,
        "Net Income": 194000000.0,
        "Minority Interests": NaN,
        "Net Income Including Noncontrolling Interests": 194000000.0,
        "Net Income Continuous Operations": 194000000.0,
        "Tax Provision": 53000000.0,
        "Pretax Income": 247000000.0,
        "Other Income Expense": -18000000.0,
        "Other Non Operating Income Expenses": 4000000.0,
        "Special Income Charges": -22000000.0,
        "Gain On Sale Of Business": 1000000.0,
        "Write Off": 0.0,
        "Restructuring And Mergern Acquisition": 23000000.0,
        "Net Non Operating Interest Income Expense": -11000000.0,
        "Interest Expense Non Operating": 11000000.0,
        "Operating Income": 276000000.0,
        "Operating Expense": 543000000.0,
        "Research And Development": 58000000.0,
        "Selling General And Administration": 485000000.0,
        "General And Administrative Expense": 485000000.0,
        "Other Gand A": 485000000.0,
        "Salaries And Wages": NaN,
        "Gross Profit": 819000000.0,
        "Cost Of Revenue": 1350000000.0,
        "Total Revenue": 2169000000.0,
        "Operating Revenue": 2169000000.0
    },
    "2024-09-30": {
        "Tax Effect Of Unusual Items": -1158000.0,
        "Tax Rate For Calcs": 0.193,
        "Normalized EBITDA": 426000000.0,
        "Total Unusual Items": -6000000.0,
        "Total Unusual Items Excluding Goodwill": -6000000.0,
        "Net Income From Continuing Operation Net Minority Interest": 217000000.0,
        "Reconciled Depreciation": 141000000.0,
        "Reconciled Cost Of Revenue": 1320000000.0,
        "EBITDA": 420000000.0,
        "EBIT": 279000000.0,
        "Net Interest Income": -10000000.0,
        "Interest Expense": 10000000.0,
        "Normalized Income": 221842000.0,
        "Net Income From Continuing And Discontinued Operation": 217000000.0,
        "Total Expenses": 1820000000.0,
        "Total Operating Income As Reported": 280000000.0,
        "Diluted Average Shares": 243800000.0,
        "Basic Average Shares": 242900000.0,
        "Diluted EPS": 0.89,
        "Basic EPS": 0.89,
        "Diluted NI Availto Com Stockholders": 217000000.0,
        "Net Income Common Stockholders": 217000000.0,
        "Net Income": 217000000.0,
        "Minority Interests": NaN,
        "Net Income Including Noncontrolling Interests": 217000000.0,
        "Net Income Continuous Operations": 217000000.0,
        "Tax Provision": 52000000.0,
        "Pretax Income": 269000000.0,
        "Other Income Expense": -5000000.0,
        "Other Non Operating Income Expenses": 1000000.0,
        "Special Income Charges": -6000000.0,
        "Gain On Sale Of Business": -2000000.0,
        "Write Off": 3000000.0,
        "Restructuring And Mergern Acquisition": 1000000.0,
        "Net Non Operating Interest Income Expense": -10000000.0,
        "Interest Expense Non Operating": 10000000.0,
        "Operating Income": 284000000.0,
        "Operating Expense": 500000000.0,
        "Research And Development": 55000000.0,
        "Selling General And Administration": 445000000.0,
        "General And Administrative Expense": NaN,
        "Other Gand A": NaN,
        "Salaries And Wages": NaN,
        "Gross Profit": 784000000.0,
        "Cost Of Revenue": 1320000000.0,
        "Total Revenue": 2104000000.0,
        "Operating Revenue": 2104000000.0
    },
    "2024-12-31": {
        "Tax Effect Of Unusual Items": -8493333.333333,
        "Tax Rate For Calcs": 0.130667,
        "Normalized EBITDA": 591000000.0,
        "Total Unusual Items": -65000000.0,
        "Total Unusual Items Excluding Goodwill": -65000000.0,
        "Net Income From Continuing Operation Net Minority Interest": 326000000.0,
        "Reconciled Depreciation": 142000000.0,
        "Reconciled Cost Of Revenue": 1399000000.0,
        "EBITDA": 526000000.0,
        "EBIT": 384000000.0,
        "Net Interest Income": 19000000.0,
        "Interest Expense": 9000000.0,
        "Normalized Income": 382506666.666667,
        "Net Income From Continuing And Discontinued Operation": 326000000.0,
        "Total Expenses": 1964000000.0,
        "Total Operating Income As Reported": 267000000.0,
        "Diluted Average Shares": NaN,
        "Basic Average Shares": NaN,
        "Diluted EPS": NaN,
        "Basic EPS": NaN,
        "Diluted NI Availto Com Stockholders": 326000000.0,
        "Net Income Common Stockholders": 326000000.0,
        "Net Income": 326000000.0,
        "Minority Interests": NaN,
        "Net Income Including Noncontrolling Interests": 326000000.0,
        "Net Income Continuous Operations": 326000000.0,
        "Tax Provision": 49000000.0,
        "Pretax Income": 375000000.0,
        "Other Income Expense": 64000000.0,
        "Other Non Operating Income Expenses": -19000000.0,
        "Special Income Charges": -65000000.0,
        "Gain On Sale Of Business": -40000000.0,
        "Write Off": -13000000.0,
        "Restructuring And Mergern Acquisition": 38000000.0,
        "Net Non Operating Interest Income Expense": 19000000.0,
        "Interest Expense Non Operating": 9000000.0,
        "Operating Income": 292000000.0,
        "Operating Expense": 565000000.0,
        "Research And Development": 58000000.0,
        "Selling General And Administration": 507000000.0,
        "General And Administrative Expense": NaN,
        "Other Gand A": NaN,
        "Salaries And Wages": NaN,
        "Gross Profit": 857000000.0,
        "Cost Of Revenue": 1399000000.0,
        "Total Revenue": 2256000000.0,
        "Operating Revenue": 2256000000.0
    },
    "2025-03-31": {
        "Tax Effect Of Unusual Items": -7161000.0,
        "Tax Rate For Calcs": 0.231,
        "Normalized EBITDA": 401000000.0,
        "Total Unusual Items": -31000000.0,
        "Total Unusual Items Excluding Goodwill": -31000000.0,
        "Net Income From Continuing Operation Net Minority Interest": 169000000.0,
        "Reconciled Depreciation": 145000000.0,
        "Reconciled Cost Of Revenue": 1301000000.0,
        "EBITDA": 370000000.0,
        "EBIT": 225000000.0,
        "Net Interest Income": -8000000.0,
        "Interest Expense": 8000000.0,
        "Normalized Income": 192839000.0,
        "Net Income From Continuing And Discontinued Operation": 169000000.0,
        "Total Expenses": 1817000000.0,
        "Total Operating Income As Reported": 231000000.0,
        "Diluted Average Shares": 243800000.0,
        "Basic Average Shares": 243100000.0,
        "Diluted EPS": 0.69,
        "Basic EPS": 0.69,
        "Diluted NI Availto Com Stockholders": 169000000.0,
        "Net Income Common Stockholders": 169000000.0,
        "Net Income": 169000000.0,
        "Minority Interests": 2000000.0,
        "Net Income Including Noncontrolling Interests": 167000000.0,
        "Net Income Continuous Operations": 167000000.0,
        "Tax Provision": 50000000.0,
        "Pretax Income": 217000000.0,
        "Other Income Expense": -27000000.0,
        "Other Non Operating Income Expenses": 4000000.0,
        "Special Income Charges": -31000000.0,
        "Gain On Sale Of Business": -10000000.0,
        "Write Off": 4000000.0,
        "Restructuring And Mergern Acquisition": 17000000.0,
        "Net Non Operating Interest Income Expense": -8000000.0,
        "Interest Expense Non Operating": 8000000.0,
        "Operating Income": 252000000.0,
        "Operating Expense": 516000000.0,
        "Research And Development": 56000000.0,
        "Selling General And Administration": 460000000.0,
        "General And Administrative Expense": 460000000.0,
        "Other Gand A": 460000000.0,
        "Salaries And Wages": NaN,
        "Gross Profit": 768000000.0,
        "Cost Of Revenue": 1301000000.0,
        "Total Revenue": 2069000000.0,
        "Operating Revenue": 2069000000.0
    }
}