{
    "2023-03-31": {
        "Tax Effect Of Unusual Items": NaN,
        "Tax Rate For Calcs": NaN,
        "Normalized EBITDA": NaN,
        "Total Unusual Items": NaN,
        "Total Unusual Items Excluding Goodwill": NaN,
        "Net Income From Continuing Operation Net Minority Interest": NaN,
        "Reconciled Cost Of Revenue": NaN,
        "EBITDA": NaN,
        "EBIT": NaN,
        "Net Interest Income": NaN,
        "Interest Income": NaN,
        "Normalized Income": NaN,
        "Net Income From Continuing And Discontinued Operation": NaN,
        "Total Expenses": NaN,
        "Total Operating Income As Reported": NaN,
        "Diluted Average Shares": NaN,
        "Basic Average Shares": NaN,
        "Diluted EPS": NaN,
        "Basic EPS": NaN,
        "Diluted NI Availto Com Stockholders": NaN,
        "Net Income Common Stockholders": NaN,
        "Net Income": NaN,
        "Minority Interests": NaN,
        "Net Income Including Noncontrolling Interests": NaN,
        "Net Income Continuous Operations": NaN,
        "Tax Provision": NaN,
        "Pretax Income": NaN,
        "Other Income Expense": NaN,
        "Special Income Charges": 0.0,
        "Write Off": 0.0,
        "Gain On Sale Of Security": NaN,
        "Net Non Operating Interest Income Expense": NaN,
        "Interest Income Non Operating": NaN,
        "Operating Income": NaN,
        "Operating Expense": NaN,
        "Other Operating Expenses": NaN,
        "Research And Development": NaN,
        "Selling General And Administration": NaN,
        "Selling And Marketing Expense": NaN,
        "General And Administrative Expense": NaN,
        "Other Gand A": NaN,
        "Salaries And Wages": NaN,
        "Gross Profit": NaN,
        "Cost Of Revenue": NaN,
        "Total Revenue": NaN,
        "Operating Revenue": NaN
    },
    "2022-12-31": {
        "Tax Effect Of Unusual Items": NaN,
        "Tax Rate For Calcs": NaN,
        "Normalized EBITDA": NaN,
        "Total Unusual Items": NaN,
        "Total Unusual Items Excluding Goodwill": NaN,
        "Net Income From Continuing Operation Net Minority Interest": NaN,
        "Reconciled Cost Of Revenue": NaN,
        "EBITDA": NaN,
        "EBIT": NaN,
        "Net Interest Income": NaN,
        "Interest Income": NaN,
        "Normalized Income": NaN,
        "Net Income From Continuing And Discontinued Operation": NaN,
        "Total Expenses": NaN,
        "Total Operating Income As Reported": NaN,
        "Diluted Average Shares": NaN,
        "Basic Average Shares": NaN,
        "Diluted EPS": NaN,
        "Basic EPS": NaN,
        "Diluted NI Availto Com Stockholders": NaN,
        "Net Income Common Stockholders": NaN,
        "Net Income": NaN,
        "Minority Interests": NaN,
        "Net Income Including Noncontrolling Interests": NaN,
        "Net Income Continuous Operations": NaN,
        "Tax Provision": NaN,
        "Pretax Income": NaN,
        "Other Income Expense": NaN,
        "Special Income Charges": -705428.0,
        "Write Off": 705428.0,
        "Gain On Sale Of Security": NaN,
        "Net Non Operating Interest Income Expense": NaN,
        "Interest Income Non Operating": NaN,
        "Operating Income": NaN,
        "Operating Expense": NaN,
        "Other Operating Expenses": NaN,
        "Research And Development": NaN,
        "Selling General And Administration": NaN,
        "Selling And Marketing Expense": NaN,
        "General And Administrative Expense": NaN,
        "Other Gand A": NaN,
        "Salaries And Wages": NaN,
        "Gross Profit": NaN,
        "Cost Of Revenue": NaN,
        "Total Revenue": NaN,
        "Operating Revenue": NaN
    },
    "2022-09-30": {
        "Tax Effect Of Unusual Items": NaN,
        "Tax Rate For Calcs": NaN,
        "Normalized EBITDA": NaN,
        "Total Unusual Items": NaN,
        "Total Unusual Items Excluding Goodwill": NaN,
        "Net Income From Continuing Operation Net Minority Interest": NaN,
        "Reconciled Cost Of Revenue": NaN,
        "EBITDA": NaN,
        "EBIT": NaN,
        "Net Interest Income": NaN,
        "Interest Income": NaN,
        "Normalized Income": NaN,
        "Net Income From Continuing And Discontinued Operation": NaN,
        "Total Expenses": NaN,
        "Total Operating Income As Reported": NaN,
        "Diluted Average Shares": NaN,
        "Basic Average Shares": NaN,
        "Diluted EPS": NaN,
        "Basic EPS": NaN,
        "Diluted NI Availto Com Stockholders": NaN,
        "Net Income Common Stockholders": NaN,
        "Net Income": NaN,
        "Minority Interests": NaN,
        "Net Income Including Noncontrolling Interests": NaN,
        "Net Income Continuous Operations": NaN,
        "Tax Provision": NaN,
        "Pretax Income": NaN,
        "Other Income Expense": NaN,
        "Special Income Charges": 0.0,
        "Write Off": 0.0,
        "Gain On Sale Of Security": NaN,
        "Net Non Operating Interest Income Expense": NaN,
        "Interest Income Non Operating": NaN,
        "Operating Income": NaN,
        "Operating Expense": NaN,
        "Other Operating Expenses": NaN,
        "Research And Development": NaN,
        "Selling General And Administration": NaN,
        "Selling And Marketing Expense": NaN,
        "General And Administrative Expense": NaN,
        "Other Gand A": NaN,
        "Salaries And Wages": NaN,
        "Gross Profit": NaN,
        "Cost Of Revenue": NaN,
        "Total Revenue": NaN,
        "Operating Revenue": NaN
    },
    "2022-06-30": {
        "Tax Effect Of Unusual Items": 652.48853,
        "Tax Rate For Calcs": 0.036918,
        "Normalized EBITDA": 20921847.0,
        "Total Unusual Items": 17674.0,
        "Total Unusual Items Excluding Goodwill": 17674.0,
        "Net Income From Continuing Operation Net Minority Interest": 20589849.0,
        "Reconciled Cost Of Revenue": 29272347.0,
        "EBITDA": 20939521.0,
        "EBIT": 20939521.0,
        "Net Interest Income": 176432.0,
        "Interest Income": 176432.0,
        "Normalized Income": 20572827.48853,
        "Net Income From Continuing And Discontinued Operation": 20589849.0,
        "Total Expenses": 55151278.0,
        "Total Operating Income As Reported": 20937674.0,
        "Diluted Average Shares": 175146529.0,
        "Basic Average Shares": 151384789.0,
        "Diluted EPS": 0.12,
        "Basic EPS": 0.14,
        "Diluted NI Availto Com Stockholders": 20589849.0,
        "Net Income Common Stockholders": 20589849.0,
        "Net Income": 20589849.0,
        "Minority Interests": 236433.0,
        "Net Income Including Noncontrolling Interests": 20353416.0,
        "Net Income Continuous Operations": 20353416.0,
        "Tax Provision": 780211.0,
        "Pretax Income": 21133627.0,
        "Other Income Expense": 17674.0,
        "Special Income Charges": NaN,
        "Write Off": NaN,
        "Gain On Sale Of Security": 17674.0,
        "Net Non Operating Interest Income Expense": 176432.0,
        "Interest Income Non Operating": 176432.0,
        "Operating Income": 20939521.0,
        "Operating Expense": 25878931.0,
        "Other Operating Expenses": -1847.0,
        "Research And Development": 7726715.0,
        "Selling General And Administration": 18154063.0,
        "Selling And Marketing Expense": 11208074.0,
        "General And Administrative Expense": 6945989.0,
        "Other Gand A": 6945989.0,
        "Salaries And Wages": NaN,
        "Gross Profit": 46818452.0,
        "Cost Of Revenue": 29272347.0,
        "Total Revenue": 76090799.0,
        "Operating Revenue": 76090799.0
    },
    "2022-03-31": {
        "Diluted EPS": 0.1,
        "Total Revenue": 72,
        "Gross Profit": 45,
        "Operating Income": 18,
        "EBIT": 18,
        "Net Income": 18
    },
    "2021-12-31": {
        "Diluted EPS": 0.11,
        "Total Revenue": 68,
        "Gross Profit": 44,
        "Operating Income": 18,
        "EBIT": 18,
        "Net Income": 19
    },
    "2021-09-30": {
        "Diluted EPS": 0.14,
        "Total Revenue": 71,
        "Gross Profit": 48,
        "Operating Income": 26,
        "EBIT": 26,
        "Net Income": 25
    },
    "2021-06-30": {
        "Diluted EPS": 0.1,
        "Total Revenue": 67,
        "Gross Profit": 43,
        "Operating Income": 19,
        "EBIT": 19,
        "Net Income": 18
    },
    "2021-03-31": {
        "Diluted EPS": 0.11,
        "Total Revenue": 68,
        "Gross Profit": 44,
        "Operating Income": 20,
        "EBIT": 20,
        "Net Income": 20
    },
    "2020-12-31": {
        "Diluted EPS": 0.06,
        "Total Revenue": 48,
        "Gross Profit": 30,
        "Operating Income": 9,
        "EBIT": 10,
        "Net Income": 9
    },
    "2020-09-30": {
        "Diluted EPS": -0.43,
        "Total Revenue": 34,
        "Gross Profit": 8,
        "Operating Income": -31,
        "EBIT": -31,
        "Net Income": -32
    },
    "2020-06-30": {
        "Diluted EPS": 0.12,
        "Total Revenue": 32,
        "Gross Profit": 21,
        "Operating Income": 16,
        "EBIT": 16,
        "Net Income": 12
    },
    "2020-03-31": {
        "Diluted EPS": 0.07,
        "Total Revenue": 21,
        "Gross Profit": 14,
        "Operating Income": 9,
        "EBIT": 9,
        "Net Income": 9
    },
    "2019-12-31": {
        "Diluted EPS": 0.0,
        "Total Revenue": NaN,
        "Gross Profit": NaN,
        "Operating Income": NaN,
        "EBIT": NaN,
        "Net Income": NaN
    },
    "2023-06-30": {
        "Tax Effect Of Unusual Items": NaN,
        "Tax Rate For Calcs": NaN,
        "Normalized EBITDA": NaN,
        "Total Unusual Items": NaN,
        "Total Unusual Items Excluding Goodwill": NaN,
        "Net Income From Continuing Operation Net Minority Interest": NaN,
        "Reconciled Cost Of Revenue": NaN,
        "EBITDA": NaN,
        "EBIT": NaN,
        "Net Interest Income": NaN,
        "Interest Income": NaN,
        "Normalized Income": NaN,
        "Net Income From Continuing And Discontinued Operation": NaN,
        "Total Expenses": NaN,
        "Total Operating Income As Reported": NaN,
        "Diluted Average Shares": NaN,
        "Basic Average Shares": NaN,
        "Diluted EPS": NaN,
        "Basic EPS": NaN,
        "Diluted NI Availto Com Stockholders": NaN,
        "Net Income Common Stockholders": NaN,
        "Net Income": NaN,
        "Minority Interests": NaN,
        "Net Income Including Noncontrolling Interests": NaN,
        "Net Income Continuous Operations": NaN,
        "Tax Provision": NaN,
        "Pretax Income": NaN,
        "Other Income Expense": NaN,
        "Special Income Charges": NaN,
        "Write Off": NaN,
        "Gain On Sale Of Security": NaN,
        "Net Non Operating Interest Income Expense": NaN,
        "Interest Income Non Operating": NaN,
        "Operating Income": NaN,
        "Operating Expense": NaN,
        "Other Operating Expenses": NaN,
        "Research And Development": NaN,
        "Selling General And Administration": NaN,
        "Selling And Marketing Expense": NaN,
        "General And Administrative Expense": NaN,
        "Other Gand A": NaN,
        "Salaries And Wages": 4257352.0,
        "Gross Profit": NaN,
        "Cost Of Revenue": NaN,
        "Total Revenue": NaN,
        "Operating Revenue": NaN
    },
    "2023-09-30": {
        "Tax Effect Of Unusual Items": NaN,
        "Tax Rate For Calcs": NaN,
        "Normalized EBITDA": NaN,
        "Total Unusual Items": NaN,
        "Total Unusual Items Excluding Goodwill": NaN,
        "Net Income From Continuing Operation Net Minority Interest": NaN,
        "Reconciled Cost Of Revenue": NaN,
        "EBITDA": NaN,
        "EBIT": NaN,
        "Net Interest Income": NaN,
        "Interest Income": NaN,
        "Normalized Income": NaN,
        "Net Income From Continuing And Discontinued Operation": NaN,
        "Total Expenses": NaN,
        "Total Operating Income As Reported": NaN,
        "Diluted Average Shares": NaN,
        "Basic Average Shares": NaN,
        "Diluted EPS": NaN,
        "Basic EPS": NaN,
        "Diluted NI Availto Com Stockholders": NaN,
        "Net Income Common Stockholders": NaN,
        "Net Income": NaN,
        "Minority Interests": NaN,
        "Net Income Including Noncontrolling Interests": NaN,
        "Net Income Continuous Operations": NaN,
        "Tax Provision": NaN,
        "Pretax Income": NaN,
        "Other Income Expense": NaN,
        "Special Income Charges": -2509480.0,
        "Write Off": 2509480.0,
        "Gain On Sale Of Security": NaN,
        "Net Non Operating Interest Income Expense": NaN,
        "Interest Income Non Operating": NaN,
        "Operating Income": NaN,
        "Operating Expense": NaN,
        "Other Operating Expenses": NaN,
        "Research And Development": NaN,
        "Selling General And Administration": NaN,
        "Selling And Marketing Expense": NaN,
        "General And Administrative Expense": NaN,
        "Other Gand A": NaN,
        "Gross Profit": NaN,
        "Cost Of Revenue": NaN,
        "Total Revenue": NaN,
        "Operating Revenue": NaN
    },
    "2023-12-31": {
        "Tax Effect Of Unusual Items": NaN,
        "Tax Rate For Calcs": NaN,
        "Normalized EBITDA": NaN,
        "Total Unusual Items": NaN,
        "Total Unusual Items Excluding Goodwill": NaN,
        "Net Income From Continuing Operation Net Minority Interest": NaN,
        "Reconciled Cost Of Revenue": NaN,
        "EBITDA": NaN,
        "EBIT": NaN,
        "Net Interest Income": NaN,
        "Interest Income": NaN,
        "Normalized Income": NaN,
        "Net Income From Continuing And Discontinued Operation": NaN,
        "Total Expenses": NaN,
        "Total Operating Income As Reported": NaN,
        "Diluted Average Shares": NaN,
        "Basic Average Shares": NaN,
        "Diluted EPS": NaN,
        "Basic EPS": NaN,
        "Diluted NI Availto Com Stockholders": NaN,
        "Net Income Common Stockholders": NaN,
        "Net Income": NaN,
        "Minority Interests": NaN,
        "Net Income Including Noncontrolling Interests": NaN,
        "Net Income Continuous Operations": NaN,
        "Tax Provision": NaN,
        "Pretax Income": NaN,
        "Other Income Expense": NaN,
        "Special Income Charges": 0.0,
        "Write Off": 0.0,
        "Gain On Sale Of Security": NaN,
        "Net Non Operating Interest Income Expense": NaN,
        "Interest Income Non Operating": NaN,
        "Operating Income": NaN,
        "Operating Expense": NaN,
        "Other Operating Expenses": NaN,
        "Research And Development": NaN,
        "Selling General And Administration": NaN,
        "Selling And Marketing Expense": NaN,
        "General And Administrative Expense": NaN,
        "Other Gand A": NaN,
        "Gross Profit": NaN,
        "Cost Of Revenue": NaN,
        "Total Revenue": NaN,
        "Operating Revenue": NaN
    },
    "2024-03-31": {
        "Tax Effect Of Unusual Items": -129784.276455,
        "Tax Rate For Calcs": 0.100754,
        "Normalized EBITDA": 30502694.0,
        "Total Unusual Items": -1288127.0,
        "Total Unusual Items Excluding Goodwill": -1288127.0,
        "Net Income From Continuing Operation Net Minority Interest": 31594103.0,
        "Reconciled Cost Of Revenue": 28571261.0,
        "EBITDA": 29214567.0,
        "EBIT": 29214567.0,
        "Net Interest Income": 6644884.0,
        "Interest Income": 6644884.0,
        "Normalized Income": 32752445.723545,
        "Net Income From Continuing And Discontinued Operation": 31594103.0,
        "Total Expenses": 49514011.0,
        "Total Operating Income As Reported": 29147235.0,
        "Diluted Average Shares": 183260168.0,
        "Basic Average Shares": 160379455.0,
        "Diluted EPS": 0.17,
        "Basic EPS": 0.2,
        "Diluted NI Availto Com Stockholders": 31594103.0,
        "Net Income Common Stockholders": 31594103.0,
        "Net Income": 31594103.0,
        "Minority Interests": 505987.0,
        "Net Income Including Noncontrolling Interests": 31088116.0,
        "Net Income Continuous Operations": 31088116.0,
        "Tax Provision": 3483208.0,
        "Pretax Income": 34571324.0,
        "Other Income Expense": -1288127.0,
        "Special Income Charges": NaN,
        "Write Off": NaN,
        "Gain On Sale Of Security": -1288127.0,
        "Net Non Operating Interest Income Expense": 6644884.0,
        "Interest Income Non Operating": 6644884.0,
        "Operating Income": 29214567.0,
        "Operating Expense": 20942750.0,
        "Other Operating Expenses": -67332.0,
        "Research And Development": 6262254.0,
        "Selling General And Administration": 14747828.0,
        "Selling And Marketing Expense": 8099936.0,
        "General And Administrative Expense": 6647892.0,
        "Other Gand A": 6647892.0,
        "Gross Profit": 50157317.0,
        "Cost Of Revenue": 28571261.0,
        "Total Revenue": 78728578.0,
        "Operating Revenue": 78728578.0
    },
    "2024-06-30": {
        "Tax Effect Of Unusual Items": 9394.662793,
        "Tax Rate For Calcs": 0.155972,
        "Normalized EBITDA": 29926567.0,
        "Total Unusual Items": 60233.0,
        "Total Unusual Items Excluding Goodwill": 60233.0,
        "Net Income From Continuing Operation Net Minority Interest": 31643854.0,
        "Reconciled Cost Of Revenue": 29025673.0,
        "EBITDA": 29986800.0,
        "EBIT": 29986800.0,
        "Net Interest Income": 7097975.0,
        "Interest Income": 7097975.0,
        "Normalized Income": 31593015.662793,
        "Net Income From Continuing And Discontinued Operation": 31643854.0,
        "Total Expenses": 51210682.0,
        "Total Operating Income As Reported": 29621769.0,
        "Diluted Average Shares": 183535654.0,
        "Basic Average Shares": 160721827.0,
        "Diluted EPS": 0.17,
        "Basic EPS": 0.2,
        "Diluted NI Availto Com Stockholders": 31643854.0,
        "Net Income Common Stockholders": 31643854.0,
        "Net Income": 31643854.0,
        "Minority Interests": 292428.0,
        "Net Income Including Noncontrolling Interests": 31351426.0,
        "Net Income Continuous Operations": 31351426.0,
        "Tax Provision": 5793582.0,
        "Pretax Income": 37145008.0,
        "Other Income Expense": 60233.0,
        "Special Income Charges": NaN,
        "Write Off": NaN,
        "Gain On Sale Of Security": 60233.0,
        "Net Non Operating Interest Income Expense": 7097975.0,
        "Interest Income Non Operating": 7097975.0,
        "Operating Income": 29986800.0,
        "Operating Expense": 22185009.0,
        "Other Operating Expenses": -365031.0,
        "Research And Development": 6481616.0,
        "Selling General And Administration": 16068424.0,
        "Selling And Marketing Expense": 8491520.0,
        "General And Administrative Expense": 7576904.0,
        "Other Gand A": 7576904.0,
        "Gross Profit": 52171809.0,
        "Cost Of Revenue": 29025673.0,
        "Total Revenue": 81197482.0,
        "Operating Revenue": 81197482.0
    },
    "2024-09-30": {
        "Tax Effect Of Unusual Items": 4249.5637,
        "Tax Rate For Calcs": 0.031807,
        "Normalized EBITDA": 32371664.0,
        "Total Unusual Items": 133606.0,
        "Total Unusual Items Excluding Goodwill": 133606.0,
        "Net Income From Continuing Operation Net Minority Interest": 39854799.0,
        "Reconciled Cost Of Revenue": 31830126.0,
        "EBITDA": 32505270.0,
        "EBIT": 32505270.0,
        "Net Interest Income": 7829223.0,
        "Interest Income": 7829223.0,
        "Normalized Income": 39725442.5637,
        "Net Income From Continuing And Discontinued Operation": 39854799.0,
        "Total Expenses": 56416761.0,
        "Total Operating Income As Reported": 32497667.0,
        "Diluted Average Shares": 183354110.0,
        "Basic Average Shares": 160944036.0,
        "Diluted EPS": 0.22,
        "Basic EPS": 0.25,
        "Diluted NI Availto Com Stockholders": 39854799.0,
        "Net Income Common Stockholders": 39854799.0,
        "Net Income": 39854799.0,
        "Minority Interests": 673856.0,
        "Net Income Including Noncontrolling Interests": 39180943.0,
        "Net Income Continuous Operations": 39180943.0,
        "Tax Provision": 1287156.0,
        "Pretax Income": 40468099.0,
        "Other Income Expense": 133606.0,
        "Special Income Charges": 0.0,
        "Write Off": 0.0,
        "Gain On Sale Of Security": 133606.0,
        "Net Non Operating Interest Income Expense": 7829223.0,
        "Interest Income Non Operating": 7829223.0,
        "Operating Income": 32505270.0,
        "Operating Expense": 24586635.0,
        "Other Operating Expenses": -7603.0,
        "Research And Development": 7108024.0,
        "Selling General And Administration": 17486214.0,
        "Selling And Marketing Expense": 7352820.0,
        "General And Administrative Expense": 10133394.0,
        "Other Gand A": 10133394.0,
        "Gross Profit": 57091905.0,
        "Cost Of Revenue": 31830126.0,
        "Total Revenue": 88922031.0,
        "Operating Revenue": 88922031.0
    },
    "2024-12-31": {
        "Tax Effect Of Unusual Items": -160006.744239,
        "Tax Rate For Calcs": 0.093481,
        "Normalized EBITDA": 32206793.0,
        "Total Unusual Items": -1711657.0,
        "Total Unusual Items Excluding Goodwill": -1711657.0,
        "Net Income From Continuing Operation Net Minority Interest": 32591485.0,
        "Reconciled Cost Of Revenue": 31044004.0,
        "EBITDA": 30495136.0,
        "EBIT": 30495136.0,
        "Net Interest Income": 7101823.0,
        "Interest Income": 7101823.0,
        "Normalized Income": 34143135.255761,
        "Net Income From Continuing And Discontinued Operation": 32591485.0,
        "Total Expenses": 60332618.0,
        "Total Operating Income As Reported": 30134942.0,
        "Diluted Average Shares": 182474460.0,
        "Basic Average Shares": 159672548.0,
        "Diluted EPS": 0.18,
        "Basic EPS": 0.2,
        "Diluted NI Availto Com Stockholders": 32591485.0,
        "Net Income Common Stockholders": 32591485.0,
        "Net Income": 32591485.0,
        "Minority Interests": 60763.0,
        "Net Income Including Noncontrolling Interests": 32530722.0,
        "Net Income Continuous Operations": 32530722.0,
        "Tax Provision": 3354580.0,
        "Pretax Income": 35885302.0,
        "Other Income Expense": -1711657.0,
        "Special Income Charges": 0.0,
        "Write Off": 0.0,
        "Gain On Sale Of Security": -1711657.0,
        "Net Non Operating Interest Income Expense": 7101823.0,
        "Interest Income Non Operating": 7101823.0,
        "Operating Income": 30495136.0,
        "Operating Expense": 29288614.0,
        "Other Operating Expenses": -360194.0,
        "Research And Development": 9178864.0,
        "Selling General And Administration": 20469944.0,
        "Selling And Marketing Expense": 7403643.0,
        "General And Administrative Expense": 13066301.0,
        "Other Gand A": 13066301.0,
        "Gross Profit": 59783750.0,
        "Cost Of Revenue": 31044004.0,
        "Total Revenue": 90827754.0,
        "Operating Revenue": 90827754.0
    },
    "2025-03-31": {
        "Tax Effect Of Unusual Items": -672.698658,
        "Tax Rate For Calcs": 0.038001,
        "Normalized EBITDA": 31290766.0,
        "Total Unusual Items": -17702.0,
        "Total Unusual Items Excluding Goodwill": -17702.0,
        "Net Income From Continuing Operation Net Minority Interest": 37091400.0,
        "Reconciled Cost Of Revenue": 29200423.0,
        "EBITDA": 31273064.0,
        "EBIT": 31273064.0,
        "Net Interest Income": 6561180.0,
        "Interest Income": 6561180.0,
        "Normalized Income": 37108429.301342,
        "Net Income From Continuing And Discontinued Operation": 37091400.0,
        "Total Expenses": 52603703.0,
        "Total Operating Income As Reported": 31209631.0,
        "Diluted Average Shares": 182187686.0,
        "Basic Average Shares": 159186659.0,
        "Diluted EPS": 0.2,
        "Basic EPS": 0.23,
        "Diluted NI Availto Com Stockholders": 37091400.0,
        "Net Income Common Stockholders": 37091400.0,
        "Net Income": 37091400.0,
        "Minority Interests": 711935.0,
        "Net Income Including Noncontrolling Interests": 36379465.0,
        "Net Income Continuous Operations": 36379465.0,
        "Tax Provision": 1437077.0,
        "Pretax Income": 37816542.0,
        "Other Income Expense": -17702.0,
        "Special Income Charges": NaN,
        "Write Off": NaN,
        "Gain On Sale Of Security": -17702.0,
        "Net Non Operating Interest Income Expense": 6561180.0,
        "Interest Income Non Operating": 6561180.0,
        "Operating Income": 31273064.0,
        "Operating Expense": 23403280.0,
        "Other Operating Expenses": -63433.0,
        "Research And Development": 7828137.0,
        "Selling General And Administration": 15638576.0,
        "Selling And Marketing Expense": 6943268.0,
        "General And Administrative Expense": 8695308.0,
        "Other Gand A": 8695308.0,
        "Gross Profit": 54676344.0,
        "Cost Of Revenue": 29200423.0,
        "Total Revenue": 83876767.0,
        "Operating Revenue": 83876767.0
    },
    "2025-06-30": {
        "Tax Effect Of Unusual Items": 876.018056,
        "Tax Rate For Calcs": 0.040262,
        "Normalized EBITDA": 31198732.0,
        "Total Unusual Items": 21758.0,
        "Total Unusual Items Excluding Goodwill": 21758.0,
        "Net Income From Continuing Operation Net Minority Interest": 36772212.0,
        "Reconciled Cost Of Revenue": 27944596.0,
        "EBITDA": 31220490.0,
        "EBIT": 31220490.0,
        "Net Interest Income": 6791492.0,
        "Interest Income": 6791492.0,
        "Normalized Income": 36751330.018056,
        "Net Income From Continuing And Discontinued Operation": 36772212.0,
        "Total Expenses": 53343596.0,
        "Total Operating Income As Reported": 30617375.0,
        "Diluted Average Shares": 180765359.0,
        "Basic Average Shares": 155958658.0,
        "Diluted EPS": 0.2,
        "Basic EPS": 0.24,
        "Diluted NI Availto Com Stockholders": 36772212.0,
        "Net Income Common Stockholders": 36772212.0,
        "Net Income": 36772212.0,
        "Minority Interests": 269782.0,
        "Net Income Including Noncontrolling Interests": 36502430.0,
        "Net Income Continuous Operations": 36502430.0,
        "Tax Provision": 1531310.0,
        "Pretax Income": 38033740.0,
        "Other Income Expense": 21758.0,
        "Special Income Charges": NaN,
        "Write Off": NaN,
        "Gain On Sale Of Security": 21758.0,
        "Net Non Operating Interest Income Expense": 6791492.0,
        "Interest Income Non Operating": 6791492.0,
        "Operating Income": 31220490.0,
        "Operating Expense": 25399000.0,
        "Other Operating Expenses": -603115.0,
        "Research And Development": 8338195.0,
        "Selling General And Administration": 17663920.0,
        "Selling And Marketing Expense": 8661573.0,
        "General And Administrative Expense": 9002347.0,
        "Other Gand A": 9002347.0,
        "Gross Profit": 56619490.0,
        "Cost Of Revenue": 27944596.0,
        "Total Revenue": 84564086.0,
        "Operating Revenue": 84564086.0
    }
}