{
    "2023-03-31": {
        "Tax Effect Of Unusual Items": NaN,
        "Tax Rate For Calcs": NaN,
        "Normalized EBITDA": NaN,
        "Net Income From Continuing Operation Net Minority Interest": NaN,
        "Reconciled Depreciation": NaN,
        "Reconciled Cost Of Revenue": NaN,
        "EBITDA": NaN,
        "EBIT": NaN,
        "Net Interest Income": NaN,
        "Interest Expense": 594000.0,
        "Normalized Income": NaN,
        "Net Income From Continuing And Discontinued Operation": NaN,
        "Total Expenses": NaN,
        "Total Operating Income As Reported": NaN,
        "Diluted Average Shares": NaN,
        "Basic Average Shares": NaN,
        "Diluted EPS": NaN,
        "Basic EPS": NaN,
        "Diluted NI Availto Com Stockholders": NaN,
        "Net Income Common Stockholders": NaN,
        "Net Income": NaN,
        "Net Income Including Noncontrolling Interests": NaN,
        "Net Income Continuous Operations": NaN,
        "Tax Provision": NaN,
        "Pretax Income": NaN,
        "Other Income Expense": NaN,
        "Other Non Operating Income Expenses": NaN,
        "Net Non Operating Interest Income Expense": NaN,
        "Total Other Finance Cost": NaN,
        "Interest Expense Non Operating": 594000.0,
        "Operating Income": NaN,
        "Operating Expense": NaN,
        "Selling General And Administration": NaN,
        "Gross Profit": NaN,
        "Cost Of Revenue": NaN,
        "Total Revenue": NaN,
        "Operating Revenue": NaN
    },
    "2022-12-31": {
        "Tax Effect Of Unusual Items": NaN,
        "Tax Rate For Calcs": NaN,
        "Normalized EBITDA": NaN,
        "Net Income From Continuing Operation Net Minority Interest": NaN,
        "Reconciled Depreciation": NaN,
        "Reconciled Cost Of Revenue": NaN,
        "EBITDA": NaN,
        "EBIT": NaN,
        "Net Interest Income": NaN,
        "Interest Expense": 1245000.0,
        "Normalized Income": NaN,
        "Net Income From Continuing And Discontinued Operation": NaN,
        "Total Expenses": NaN,
        "Total Operating Income As Reported": NaN,
        "Diluted Average Shares": NaN,
        "Basic Average Shares": NaN,
        "Diluted EPS": NaN,
        "Basic EPS": NaN,
        "Diluted NI Availto Com Stockholders": NaN,
        "Net Income Common Stockholders": NaN,
        "Net Income": NaN,
        "Net Income Including Noncontrolling Interests": NaN,
        "Net Income Continuous Operations": NaN,
        "Tax Provision": NaN,
        "Pretax Income": NaN,
        "Other Income Expense": NaN,
        "Other Non Operating Income Expenses": NaN,
        "Net Non Operating Interest Income Expense": NaN,
        "Total Other Finance Cost": NaN,
        "Interest Expense Non Operating": 1245000.0,
        "Operating Income": NaN,
        "Operating Expense": NaN,
        "Selling General And Administration": NaN,
        "Gross Profit": NaN,
        "Cost Of Revenue": NaN,
        "Total Revenue": NaN,
        "Operating Revenue": NaN
    },
    "2022-09-30": {
        "Tax Effect Of Unusual Items": NaN,
        "Tax Rate For Calcs": NaN,
        "Normalized EBITDA": NaN,
        "Net Income From Continuing Operation Net Minority Interest": NaN,
        "Reconciled Depreciation": NaN,
        "Reconciled Cost Of Revenue": NaN,
        "EBITDA": NaN,
        "EBIT": NaN,
        "Net Interest Income": NaN,
        "Interest Expense": 1495000.0,
        "Normalized Income": NaN,
        "Net Income From Continuing And Discontinued Operation": NaN,
        "Total Expenses": NaN,
        "Total Operating Income As Reported": NaN,
        "Diluted Average Shares": NaN,
        "Basic Average Shares": NaN,
        "Diluted EPS": NaN,
        "Basic EPS": NaN,
        "Diluted NI Availto Com Stockholders": NaN,
        "Net Income Common Stockholders": NaN,
        "Net Income": NaN,
        "Net Income Including Noncontrolling Interests": NaN,
        "Net Income Continuous Operations": NaN,
        "Tax Provision": NaN,
        "Pretax Income": NaN,
        "Other Income Expense": NaN,
        "Other Non Operating Income Expenses": NaN,
        "Net Non Operating Interest Income Expense": NaN,
        "Total Other Finance Cost": NaN,
        "Interest Expense Non Operating": 1495000.0,
        "Operating Income": NaN,
        "Operating Expense": NaN,
        "Selling General And Administration": NaN,
        "Gross Profit": NaN,
        "Cost Of Revenue": NaN,
        "Total Revenue": NaN,
        "Operating Revenue": NaN
    },
    "2022-06-30": {
        "Tax Effect Of Unusual Items": 0.0,
        "Tax Rate For Calcs": 0.248705,
        "Normalized EBITDA": 62523000.0,
        "Net Income From Continuing Operation Net Minority Interest": 46252000.0,
        "Reconciled Depreciation": 9839000.0,
        "Reconciled Cost Of Revenue": 200943000.0,
        "EBITDA": 62523000.0,
        "EBIT": 62523000.0,
        "Net Interest Income": -960000.0,
        "Interest Expense": 960000.0,
        "Normalized Income": 46252000.0,
        "Net Income From Continuing And Discontinued Operation": 46252000.0,
        "Total Expenses": 351696000.0,
        "Total Operating Income As Reported": 68346000.0,
        "Diluted Average Shares": 86860000.0,
        "Basic Average Shares": 86165000.0,
        "Diluted EPS": 0.53,
        "Basic EPS": 0.54,
        "Diluted NI Availto Com Stockholders": 46252000.0,
        "Net Income Common Stockholders": 46252000.0,
        "Net Income": 46252000.0,
        "Net Income Including Noncontrolling Interests": 46252000.0,
        "Net Income Continuous Operations": 46252000.0,
        "Tax Provision": 15311000.0,
        "Pretax Income": 61563000.0,
        "Other Income Expense": -5823000.0,
        "Other Non Operating Income Expenses": -5823000.0,
        "Net Non Operating Interest Income Expense": -960000.0,
        "Interest Expense Non Operating": 960000.0,
        "Operating Income": 68346000.0,
        "Operating Expense": 150753000.0,
        "Selling General And Administration": 150753000.0,
        "Gross Profit": 219099000.0,
        "Cost Of Revenue": 200943000.0,
        "Total Revenue": 420042000.0,
        "Operating Revenue": 420042000.0
    },
    "2022-03-31": {
        "Diluted EPS": 0.29,
        "Total Revenue": 294,
        "Gross Profit": 155,
        "Operating Income": 33,
        "EBIT": 42,
        "Net Income": 26
    },
    "2021-12-31": {
        "Diluted EPS": 0.82,
        "Total Revenue": 443,
        "Gross Profit": 255,
        "Operating Income": 94,
        "EBIT": 103,
        "Net Income": 73
    },
    "2021-09-30": {
        "Diluted EPS": 0.6,
        "Total Revenue": 363,
        "Gross Profit": 207,
        "Operating Income": 69,
        "EBIT": 77,
        "Net Income": 53
    },
    "2021-06-30": {
        "Diluted EPS": 0.63,
        "Total Revenue": 358,
        "Gross Profit": 209,
        "Operating Income": 72,
        "EBIT": 80,
        "Net Income": 56
    },
    "2021-03-31": {
        "Diluted EPS": 0.35,
        "Total Revenue": 248,
        "Gross Profit": 145,
        "Operating Income": 40,
        "EBIT": 48,
        "Net Income": 31
    },
    "2020-12-31": {
        "Diluted EPS": 0.71,
        "Total Revenue": 376,
        "Gross Profit": 225,
        "Operating Income": 81,
        "EBIT": 89,
        "Net Income": 62
    },
    "2020-09-30": {
        "Diluted EPS": 0.58,
        "Total Revenue": 295,
        "Gross Profit": 174,
        "Operating Income": 70,
        "EBIT": 78,
        "Net Income": 51
    },
    "2020-06-30": {
        "Diluted EPS": 0.38,
        "Total Revenue": 247,
        "Gross Profit": 138,
        "Operating Income": 47,
        "EBIT": 54,
        "Net Income": 33
    },
    "2020-03-31": {
        "Diluted EPS": 0.1,
        "Total Revenue": 174,
        "Gross Profit": 92,
        "Operating Income": 16,
        "EBIT": 24,
        "Net Income": 8
    },
    "2019-12-31": {
        "Diluted EPS": 0.04,
        "Total Revenue": 298,
        "Gross Profit": 162,
        "Operating Income": 12,
        "EBIT": 20,
        "Net Income": 5
    },
    "2019-09-30": {
        "Diluted EPS": 0.25,
        "Total Revenue": 229,
        "Gross Profit": 120,
        "Operating Income": 34,
        "EBIT": 42,
        "Net Income": 21
    },
    "2019-06-30": {
        "Diluted EPS": 0.26,
        "Total Revenue": 232,
        "Gross Profit": 116,
        "Operating Income": 35,
        "EBIT": 43,
        "Net Income": 22
    },
    "2019-03-31": {
        "Diluted EPS": 0.03,
        "Total Revenue": 155,
        "Gross Profit": 77,
        "Operating Income": 9,
        "EBIT": 16,
        "Net Income": 2
    },
    "2018-12-31": {
        "Diluted EPS": 0.29,
        "Total Revenue": 241,
        "Gross Profit": 128,
        "Operating Income": 38,
        "EBIT": 45,
        "Net Income": 25
    },
    "2018-09-30": {
        "Diluted EPS": 0.21,
        "Total Revenue": 196,
        "Gross Profit": 98,
        "Operating Income": 28,
        "EBIT": 36,
        "Net Income": 17
    },
    "2018-06-30": {
        "Diluted EPS": 0.23,
        "Total Revenue": 206,
        "Gross Profit": 101,
        "Operating Income": 33,
        "EBIT": 40,
        "Net Income": 19
    },
    "2018-03-31": {
        "Diluted EPS": -0.04,
        "Total Revenue": 135,
        "Gross Profit": 57,
        "Operating Income": 3,
        "EBIT": 10,
        "Net Income": -3
    },
    "2017-12-31": {
        "Diluted EPS": 0.0,
        "Total Revenue": NaN,
        "Gross Profit": NaN,
        "Operating Income": NaN,
        "EBIT": NaN,
        "Net Income": NaN
    },
    "2017-09-30": {
        "Diluted EPS": 0.14,
        "Total Revenue": 183,
        "Gross Profit": 82,
        "Operating Income": 25,
        "EBIT": 31,
        "Net Income": 11
    },
    "2017-06-30": {
        "Diluted EPS": 0.0,
        "Total Revenue": NaN,
        "Gross Profit": NaN,
        "Operating Income": NaN,
        "EBIT": NaN,
        "Net Income": NaN
    },
    "2016-12-31": {
        "Diluted EPS": 0.0,
        "Total Revenue": NaN,
        "Gross Profit": NaN,
        "Operating Income": NaN,
        "EBIT": NaN,
        "Net Income": NaN
    },
    "2015-12-31": {
        "Diluted EPS": 0.0,
        "Total Revenue": NaN,
        "Gross Profit": NaN,
        "Operating Income": NaN,
        "EBIT": NaN,
        "Net Income": NaN
    },
    "2023-06-30": {
        "Tax Effect Of Unusual Items": NaN,
        "Tax Rate For Calcs": NaN,
        "Normalized EBITDA": NaN,
        "Net Income From Continuing Operation Net Minority Interest": NaN,
        "Reconciled Depreciation": NaN,
        "Reconciled Cost Of Revenue": NaN,
        "EBITDA": NaN,
        "EBIT": NaN,
        "Net Interest Income": NaN,
        "Interest Expense": 731000.0,
        "Normalized Income": NaN,
        "Net Income From Continuing And Discontinued Operation": NaN,
        "Total Expenses": NaN,
        "Total Operating Income As Reported": NaN,
        "Diluted Average Shares": NaN,
        "Basic Average Shares": NaN,
        "Diluted EPS": NaN,
        "Basic EPS": NaN,
        "Diluted NI Availto Com Stockholders": NaN,
        "Net Income Common Stockholders": NaN,
        "Net Income": NaN,
        "Net Income Including Noncontrolling Interests": NaN,
        "Net Income Continuous Operations": NaN,
        "Tax Provision": NaN,
        "Pretax Income": NaN,
        "Other Income Expense": NaN,
        "Other Non Operating Income Expenses": NaN,
        "Net Non Operating Interest Income Expense": NaN,
        "Total Other Finance Cost": NaN,
        "Interest Expense Non Operating": 731000.0,
        "Operating Income": NaN,
        "Operating Expense": NaN,
        "Selling General And Administration": NaN,
        "Gross Profit": NaN,
        "Cost Of Revenue": NaN,
        "Total Revenue": NaN,
        "Operating Revenue": NaN
    },
    "2023-09-30": {
        "Tax Effect Of Unusual Items": NaN,
        "Tax Rate For Calcs": NaN,
        "Normalized EBITDA": NaN,
        "Net Income From Continuing Operation Net Minority Interest": NaN,
        "Reconciled Depreciation": NaN,
        "Reconciled Cost Of Revenue": NaN,
        "EBITDA": NaN,
        "EBIT": NaN,
        "Net Interest Income": NaN,
        "Interest Expense": 285000.0,
        "Interest Income": NaN,
        "Normalized Income": NaN,
        "Net Income From Continuing And Discontinued Operation": NaN,
        "Total Expenses": NaN,
        "Total Operating Income As Reported": NaN,
        "Diluted Average Shares": NaN,
        "Basic Average Shares": NaN,
        "Diluted EPS": NaN,
        "Basic EPS": NaN,
        "Diluted NI Availto Com Stockholders": NaN,
        "Net Income Common Stockholders": NaN,
        "Net Income": NaN,
        "Net Income Including Noncontrolling Interests": NaN,
        "Net Income Continuous Operations": NaN,
        "Tax Provision": NaN,
        "Pretax Income": NaN,
        "Other Income Expense": NaN,
        "Other Non Operating Income Expenses": NaN,
        "Net Non Operating Interest Income Expense": NaN,
        "Total Other Finance Cost": 285000.0,
        "Interest Expense Non Operating": 285000.0,
        "Interest Income Non Operating": NaN,
        "Operating Income": NaN,
        "Operating Expense": NaN,
        "Selling General And Administration": NaN,
        "Gross Profit": NaN,
        "Cost Of Revenue": NaN,
        "Total Revenue": NaN,
        "Operating Revenue": NaN
    },
    "2023-12-31": {
        "Tax Effect Of Unusual Items": NaN,
        "Tax Rate For Calcs": NaN,
        "Normalized EBITDA": NaN,
        "Net Income From Continuing Operation Net Minority Interest": NaN,
        "Reconciled Depreciation": NaN,
        "Reconciled Cost Of Revenue": NaN,
        "EBITDA": NaN,
        "EBIT": NaN,
        "Net Interest Income": NaN,
        "Interest Expense": NaN,
        "Interest Income": NaN,
        "Normalized Income": NaN,
        "Net Income From Continuing And Discontinued Operation": NaN,
        "Total Expenses": NaN,
        "Total Operating Income As Reported": NaN,
        "Diluted Average Shares": NaN,
        "Basic Average Shares": NaN,
        "Diluted EPS": NaN,
        "Basic EPS": NaN,
        "Diluted NI Availto Com Stockholders": NaN,
        "Net Income Common Stockholders": NaN,
        "Net Income": NaN,
        "Net Income Including Noncontrolling Interests": NaN,
        "Net Income Continuous Operations": NaN,
        "Tax Provision": NaN,
        "Pretax Income": NaN,
        "Other Income Expense": NaN,
        "Other Non Operating Income Expenses": NaN,
        "Net Non Operating Interest Income Expense": NaN,
        "Total Other Finance Cost": -668000.0,
        "Interest Expense Non Operating": NaN,
        "Interest Income Non Operating": NaN,
        "Operating Income": NaN,
        "Operating Expense": NaN,
        "Selling General And Administration": NaN,
        "Gross Profit": NaN,
        "Cost Of Revenue": NaN,
        "Total Revenue": NaN,
        "Operating Revenue": NaN
    },
    "2024-03-31": {
        "Tax Effect Of Unusual Items": 0.0,
        "Tax Rate For Calcs": 0.291397,
        "Normalized EBITDA": 37291000.0,
        "Net Income From Continuing Operation Net Minority Interest": 15855000.0,
        "Reconciled Depreciation": 11474000.0,
        "Reconciled Cost Of Revenue": 146581000.0,
        "EBITDA": 37291000.0,
        "EBIT": 25817000.0,
        "Net Interest Income": 659000.0,
        "Interest Expense": NaN,
        "Interest Income": 659000.0,
        "Normalized Income": 15855000.0,
        "Net Income From Continuing And Discontinued Operation": 15855000.0,
        "Total Expenses": 315577000.0,
        "Total Operating Income As Reported": 25817000.0,
        "Diluted Average Shares": 87157000.0,
        "Basic Average Shares": 86355000.0,
        "Diluted EPS": 0.18,
        "Basic EPS": 0.18,
        "Diluted NI Availto Com Stockholders": 15855000.0,
        "Net Income Common Stockholders": 15855000.0,
        "Net Income": 15855000.0,
        "Net Income Including Noncontrolling Interests": 15855000.0,
        "Net Income Continuous Operations": 15855000.0,
        "Tax Provision": 6520000.0,
        "Pretax Income": 22375000.0,
        "Other Income Expense": -4101000.0,
        "Other Non Operating Income Expenses": -4101000.0,
        "Net Non Operating Interest Income Expense": 659000.0,
        "Total Other Finance Cost": -659000.0,
        "Interest Expense Non Operating": NaN,
        "Interest Income Non Operating": 659000.0,
        "Operating Income": 25817000.0,
        "Operating Expense": 168996000.0,
        "Selling General And Administration": 168996000.0,
        "Gross Profit": 194813000.0,
        "Cost Of Revenue": 146581000.0,
        "Total Revenue": 341394000.0,
        "Operating Revenue": 341394000.0
    },
    "2024-06-30": {
        "Tax Effect Of Unusual Items": 0.0,
        "Tax Rate For Calcs": 0.25,
        "Normalized EBITDA": 79505000.0,
        "Net Income From Continuing Operation Net Minority Interest": 50396000.0,
        "Reconciled Depreciation": 12085000.0,
        "Reconciled Cost Of Revenue": 199193000.0,
        "EBITDA": 79505000.0,
        "EBIT": 67420000.0,
        "Net Interest Income": -548000.0,
        "Interest Expense": NaN,
        "Interest Income": NaN,
        "Normalized Income": 50396000.0,
        "Net Income From Continuing And Discontinued Operation": 50396000.0,
        "Total Expenses": 396079000.0,
        "Total Operating Income As Reported": 67420000.0,
        "Diluted Average Shares": 85468000.0,
        "Basic Average Shares": 84794000.0,
        "Diluted EPS": 0.59,
        "Basic EPS": 0.59,
        "Diluted NI Availto Com Stockholders": 50396000.0,
        "Net Income Common Stockholders": 50396000.0,
        "Net Income": 50396000.0,
        "Net Income Including Noncontrolling Interests": 50396000.0,
        "Net Income Continuous Operations": 50396000.0,
        "Tax Provision": 16867000.0,
        "Pretax Income": 67263000.0,
        "Other Income Expense": 391000.0,
        "Other Non Operating Income Expenses": 391000.0,
        "Net Non Operating Interest Income Expense": -548000.0,
        "Total Other Finance Cost": 548000.0,
        "Interest Expense Non Operating": NaN,
        "Interest Income Non Operating": NaN,
        "Operating Income": 67420000.0,
        "Operating Expense": 196886000.0,
        "Selling General And Administration": 196886000.0,
        "Gross Profit": 264306000.0,
        "Cost Of Revenue": 199193000.0,
        "Total Revenue": 463499000.0,
        "Operating Revenue": 463499000.0
    },
    "2024-09-30": {
        "Tax Effect Of Unusual Items": 0.0,
        "Tax Rate For Calcs": 0.24,
        "Normalized EBITDA": 81724000.0,
        "Net Income From Continuing Operation Net Minority Interest": 56284000.0,
        "Reconciled Depreciation": 12089000.0,
        "Reconciled Cost Of Revenue": 200713000.0,
        "EBITDA": 81724000.0,
        "EBIT": 69635000.0,
        "Net Interest Income": 384000.0,
        "Interest Expense": NaN,
        "Interest Income": NaN,
        "Normalized Income": 56284000.0,
        "Net Income From Continuing And Discontinued Operation": 56284000.0,
        "Total Expenses": 408805000.0,
        "Total Operating Income As Reported": 69635000.0,
        "Diluted Average Shares": 85492000.0,
        "Basic Average Shares": 84707000.0,
        "Diluted EPS": 0.66,
        "Basic EPS": 0.66,
        "Diluted NI Availto Com Stockholders": 56284000.0,
        "Net Income Common Stockholders": 56284000.0,
        "Net Income": 56284000.0,
        "Net Income Including Noncontrolling Interests": 56284000.0,
        "Net Income Continuous Operations": 56284000.0,
        "Tax Provision": 17796000.0,
        "Pretax Income": 74080000.0,
        "Other Income Expense": 4061000.0,
        "Other Non Operating Income Expenses": 4061000.0,
        "Net Non Operating Interest Income Expense": 384000.0,
        "Total Other Finance Cost": -384000.0,
        "Interest Expense Non Operating": NaN,
        "Interest Income Non Operating": NaN,
        "Operating Income": 69635000.0,
        "Operating Expense": 208092000.0,
        "Selling General And Administration": 208092000.0,
        "Gross Profit": 277727000.0,
        "Cost Of Revenue": 200713000.0,
        "Total Revenue": 478440000.0,
        "Operating Revenue": 478440000.0
    },
    "2024-12-31": {
        "Tax Effect Of Unusual Items": 0.0,
        "Tax Rate For Calcs": 0.231101,
        "Normalized EBITDA": 94988000.0,
        "Net Income From Continuing Operation Net Minority Interest": 53154000.0,
        "Reconciled Depreciation": 12484000.0,
        "Reconciled Cost Of Revenue": 220102000.0,
        "EBITDA": 94988000.0,
        "EBIT": 82504000.0,
        "Net Interest Income": 165000.0,
        "Interest Expense": NaN,
        "Interest Income": NaN,
        "Normalized Income": 53154000.0,
        "Net Income From Continuing And Discontinued Operation": 53154000.0,
        "Total Expenses": 464036000.0,
        "Total Operating Income As Reported": 82504000.0,
        "Diluted Average Shares": 84901000.0,
        "Basic Average Shares": 83886000.0,
        "Diluted EPS": 0.63,
        "Basic EPS": 0.63,
        "Diluted NI Availto Com Stockholders": 53154000.0,
        "Net Income Common Stockholders": 53154000.0,
        "Net Income": 53154000.0,
        "Net Income Including Noncontrolling Interests": 53154000.0,
        "Net Income Continuous Operations": 53154000.0,
        "Tax Provision": 15976000.0,
        "Pretax Income": 69130000.0,
        "Other Income Expense": -13539000.0,
        "Other Non Operating Income Expenses": -13539000.0,
        "Net Non Operating Interest Income Expense": 165000.0,
        "Total Other Finance Cost": NaN,
        "Interest Expense Non Operating": NaN,
        "Interest Income Non Operating": NaN,
        "Operating Income": 82504000.0,
        "Operating Expense": 243934000.0,
        "Selling General And Administration": 243934000.0,
        "Gross Profit": 326438000.0,
        "Cost Of Revenue": 220102000.0,
        "Total Revenue": 546540000.0,
        "Operating Revenue": 546540000.0
    },
    "2025-03-31": {
        "Tax Effect Of Unusual Items": 0.0,
        "Tax Rate For Calcs": 0.288846,
        "Normalized EBITDA": 34823000.0,
        "Net Income From Continuing Operation Net Minority Interest": 16609000.0,
        "Reconciled Depreciation": 13152000.0,
        "Reconciled Cost Of Revenue": 149406000.0,
        "EBITDA": 34823000.0,
        "EBIT": 21671000.0,
        "Net Interest Income": 308000.0,
        "Interest Expense": NaN,
        "Interest Income": 308000.0,
        "Normalized Income": 16609000.0,
        "Net Income From Continuing And Discontinued Operation": 16609000.0,
        "Total Expenses": 329457000.0,
        "Total Operating Income As Reported": 21671000.0,
        "Diluted Average Shares": 83543000.0,
        "Basic Average Shares": 82598000.0,
        "Diluted EPS": 0.2,
        "Basic EPS": 0.2,
        "Diluted NI Availto Com Stockholders": 16609000.0,
        "Net Income Common Stockholders": 16609000.0,
        "Net Income": 16609000.0,
        "Net Income Including Noncontrolling Interests": 16609000.0,
        "Net Income Continuous Operations": 16609000.0,
        "Tax Provision": 6746000.0,
        "Pretax Income": 23355000.0,
        "Other Income Expense": 1376000.0,
        "Other Non Operating Income Expenses": 1376000.0,
        "Net Non Operating Interest Income Expense": 308000.0,
        "Total Other Finance Cost": NaN,
        "Interest Expense Non Operating": NaN,
        "Interest Income Non Operating": 308000.0,
        "Operating Income": 21671000.0,
        "Operating Expense": 180051000.0,
        "Selling General And Administration": 180051000.0,
        "Gross Profit": 201722000.0,
        "Cost Of Revenue": 149406000.0,
        "Total Revenue": 351128000.0,
        "Operating Revenue": 351128000.0
    }
}