{
    "2023-04-30": {
        "Tax Effect Of Unusual Items": 0.0,
        "Tax Rate For Calcs": 0.21,
        "Normalized EBITDA": 6943000.0,
        "Net Income From Continuing Operation Net Minority Interest": -412000.0,
        "Reconciled Depreciation": 6961000.0,
        "Reconciled Cost Of Revenue": 21350000.0,
        "EBITDA": 6943000.0,
        "EBIT": -18000.0,
        "Net Interest Income": 1461000.0,
        "Interest Expense": 73000.0,
        "Interest Income": 1534000.0,
        "Normalized Income": -412000.0,
        "Net Income From Continuing And Discontinued Operation": -412000.0,
        "Total Expenses": 100685000.0,
        "Total Operating Income As Reported": -1232000.0,
        "Diluted Average Shares": 123266684.0,
        "Basic Average Shares": 123266684.0,
        "Diluted EPS": -0.003342,
        "Basic EPS": -0.003342,
        "Diluted NI Availto Com Stockholders": -412000.0,
        "Net Income Common Stockholders": -412000.0,
        "Net Income": -412000.0,
        "Net Income Including Noncontrolling Interests": -412000.0,
        "Net Income Continuous Operations": -412000.0,
        "Tax Provision": 321000.0,
        "Pretax Income": -91000.0,
        "Other Income Expense": -320000.0,
        "Other Non Operating Income Expenses": -320000.0,
        "Net Non Operating Interest Income Expense": 1461000.0,
        "Interest Expense Non Operating": 73000.0,
        "Interest Income Non Operating": 1534000.0,
        "Operating Income": -1232000.0,
        "Operating Expense": 79335000.0,
        "Research And Development": 16753000.0,
        "Selling General And Administration": 62582000.0,
        "Selling And Marketing Expense": 43996000.0,
        "General And Administrative Expense": 18586000.0,
        "Other Gand A": 18586000.0,
        "Gross Profit": 78103000.0,
        "Cost Of Revenue": 21350000.0,
        "Total Revenue": 99453000.0,
        "Operating Revenue": 99453000.0
    },
    "2023-01-31": {
        "Tax Effect Of Unusual Items": NaN,
        "Tax Rate For Calcs": NaN,
        "Normalized EBITDA": NaN,
        "Net Income From Continuing Operation Net Minority Interest": NaN,
        "Reconciled Depreciation": NaN,
        "Reconciled Cost Of Revenue": NaN,
        "EBITDA": NaN,
        "EBIT": NaN,
        "Net Interest Income": NaN,
        "Interest Expense": NaN,
        "Interest Income": NaN,
        "Normalized Income": NaN,
        "Net Income From Continuing And Discontinued Operation": NaN,
        "Total Expenses": NaN,
        "Total Operating Income As Reported": NaN,
        "Diluted Average Shares": 122315825.0,
        "Basic Average Shares": 122315825.0,
        "Diluted EPS": -0.06,
        "Basic EPS": -0.06,
        "Diluted NI Availto Com Stockholders": NaN,
        "Net Income Common Stockholders": NaN,
        "Net Income": NaN,
        "Net Income Including Noncontrolling Interests": NaN,
        "Net Income Continuous Operations": NaN,
        "Tax Provision": NaN,
        "Pretax Income": NaN,
        "Other Income Expense": NaN,
        "Other Non Operating Income Expenses": NaN,
        "Net Non Operating Interest Income Expense": NaN,
        "Interest Expense Non Operating": NaN,
        "Interest Income Non Operating": NaN,
        "Operating Income": NaN,
        "Operating Expense": NaN,
        "Research And Development": NaN,
        "Selling General And Administration": NaN,
        "Selling And Marketing Expense": NaN,
        "General And Administrative Expense": NaN,
        "Other Gand A": NaN,
        "Gross Profit": NaN,
        "Cost Of Revenue": NaN,
        "Total Revenue": NaN,
        "Operating Revenue": NaN
    },
    "2022-10-31": {
        "Tax Effect Of Unusual Items": NaN,
        "Tax Rate For Calcs": NaN,
        "Normalized EBITDA": NaN,
        "Net Income From Continuing Operation Net Minority Interest": NaN,
        "Reconciled Depreciation": NaN,
        "Reconciled Cost Of Revenue": NaN,
        "EBITDA": NaN,
        "EBIT": NaN,
        "Net Interest Income": NaN,
        "Interest Expense": NaN,
        "Interest Income": NaN,
        "Normalized Income": NaN,
        "Net Income From Continuing And Discontinued Operation": NaN,
        "Total Expenses": NaN,
        "Total Operating Income As Reported": NaN,
        "Diluted Average Shares": 123500961.0,
        "Basic Average Shares": 123500961.0,
        "Diluted EPS": -0.1,
        "Basic EPS": -0.1,
        "Diluted NI Availto Com Stockholders": NaN,
        "Net Income Common Stockholders": NaN,
        "Net Income": NaN,
        "Net Income Including Noncontrolling Interests": NaN,
        "Net Income Continuous Operations": NaN,
        "Tax Provision": NaN,
        "Pretax Income": NaN,
        "Other Income Expense": NaN,
        "Other Non Operating Income Expenses": NaN,
        "Net Non Operating Interest Income Expense": NaN,
        "Interest Expense Non Operating": NaN,
        "Interest Income Non Operating": NaN,
        "Operating Income": NaN,
        "Operating Expense": NaN,
        "Research And Development": NaN,
        "Selling General And Administration": NaN,
        "Selling And Marketing Expense": NaN,
        "General And Administrative Expense": NaN,
        "Other Gand A": NaN,
        "Gross Profit": NaN,
        "Cost Of Revenue": NaN,
        "Total Revenue": NaN,
        "Operating Revenue": NaN
    },
    "2022-07-31": {
        "Tax Effect Of Unusual Items": 0.0,
        "Tax Rate For Calcs": 0.4,
        "Normalized EBITDA": -12706000.0,
        "Net Income From Continuing Operation Net Minority Interest": -19991000.0,
        "Reconciled Depreciation": 6492000.0,
        "Reconciled Cost Of Revenue": 27082000.0,
        "EBITDA": -12706000.0,
        "EBIT": -19198000.0,
        "Net Interest Income": 56000.0,
        "Interest Expense": 129000.0,
        "Interest Income": 185000.0,
        "Normalized Income": -19991000.0,
        "Net Income From Continuing And Discontinued Operation": -19991000.0,
        "Total Expenses": 120390000.0,
        "Total Operating Income As Reported": -19521000.0,
        "Diluted Average Shares": 124234226.0,
        "Basic Average Shares": 124234226.0,
        "Diluted EPS": -0.16,
        "Basic EPS": -0.16,
        "Diluted NI Availto Com Stockholders": -19991000.0,
        "Net Income Common Stockholders": -19991000.0,
        "Net Income": -19991000.0,
        "Net Income Including Noncontrolling Interests": -19991000.0,
        "Net Income Continuous Operations": -19991000.0,
        "Tax Provision": 664000.0,
        "Pretax Income": -19327000.0,
        "Other Income Expense": 138000.0,
        "Other Non Operating Income Expenses": 138000.0,
        "Net Non Operating Interest Income Expense": 56000.0,
        "Interest Expense Non Operating": 129000.0,
        "Interest Income Non Operating": 185000.0,
        "Operating Income": -19521000.0,
        "Operating Expense": 93308000.0,
        "Research And Development": 18819000.0,
        "Selling General And Administration": 74489000.0,
        "Selling And Marketing Expense": 54105000.0,
        "General And Administrative Expense": 20384000.0,
        "Other Gand A": 20384000.0,
        "Gross Profit": 73787000.0,
        "Cost Of Revenue": 27082000.0,
        "Total Revenue": 100869000.0,
        "Operating Revenue": 100869000.0
    },
    "2022-04-30": {
        "Diluted EPS": -0.2,
        "Total Revenue": 99,
        "Gross Profit": 74,
        "Operating Income": -26,
        "EBIT": -19,
        "Net Income": -26
    },
    "2022-01-31": {
        "Diluted EPS": -0.18,
        "Total Revenue": 101,
        "Gross Profit": 76,
        "Operating Income": -22,
        "EBIT": -15,
        "Net Income": -23
    },
    "2021-10-31": {
        "Diluted EPS": -0.19,
        "Total Revenue": 100,
        "Gross Profit": 74,
        "Operating Income": -24,
        "EBIT": -17,
        "Net Income": -25
    },
    "2021-07-31": {
        "Diluted EPS": -0.22,
        "Total Revenue": 98,
        "Gross Profit": 72,
        "Operating Income": -26,
        "EBIT": -20,
        "Net Income": -28
    },
    "2021-04-30": {
        "Diluted EPS": -0.14,
        "Total Revenue": 92,
        "Gross Profit": 70,
        "Operating Income": -17,
        "EBIT": -11,
        "Net Income": -18
    },
    "2021-01-31": {
        "Diluted EPS": -0.15,
        "Total Revenue": 92,
        "Gross Profit": 71,
        "Operating Income": -19,
        "EBIT": -13,
        "Net Income": -18
    },
    "2020-10-31": {
        "Diluted EPS": -0.18,
        "Total Revenue": 89,
        "Gross Profit": 67,
        "Operating Income": -22,
        "EBIT": -17,
        "Net Income": -22
    },
    "2020-07-31": {
        "Diluted EPS": -0.21,
        "Total Revenue": 88,
        "Gross Profit": 66,
        "Operating Income": -24,
        "EBIT": -18,
        "Net Income": -25
    },
    "2020-04-30": {
        "Diluted EPS": -0.25,
        "Total Revenue": 85,
        "Gross Profit": 64,
        "Operating Income": -29,
        "EBIT": -24,
        "Net Income": -29
    },
    "2020-01-31": {
        "Diluted EPS": -0.27,
        "Total Revenue": 81,
        "Gross Profit": 60,
        "Operating Income": -31,
        "EBIT": -25,
        "Net Income": -31
    },
    "2019-10-31": {
        "Diluted EPS": -0.38,
        "Total Revenue": 76,
        "Gross Profit": 56,
        "Operating Income": -43,
        "EBIT": -37,
        "Net Income": -43
    },
    "2019-07-31": {
        "Diluted EPS": -0.26,
        "Total Revenue": 72,
        "Gross Profit": 53,
        "Operating Income": -30,
        "EBIT": -25,
        "Net Income": -29
    },
    "2019-04-30": {
        "Diluted EPS": -0.18,
        "Total Revenue": 69,
        "Gross Profit": 52,
        "Operating Income": -19,
        "EBIT": -16,
        "Net Income": -19
    },
    "2019-01-31": {
        "Diluted EPS": -0.15,
        "Total Revenue": 64,
        "Gross Profit": 48,
        "Operating Income": -16,
        "EBIT": -14,
        "Net Income": -15
    },
    "2018-10-31": {
        "Diluted EPS": -0.23,
        "Total Revenue": 59,
        "Gross Profit": 44,
        "Operating Income": -23,
        "EBIT": -21,
        "Net Income": -23
    },
    "2018-07-31": {
        "Diluted EPS": -0.2,
        "Total Revenue": 55,
        "Gross Profit": 41,
        "Operating Income": -20,
        "EBIT": -18,
        "Net Income": -19
    },
    "2018-04-30": {
        "Diluted EPS": -0.18,
        "Total Revenue": 51,
        "Gross Profit": 38,
        "Operating Income": -17,
        "EBIT": -15,
        "Net Income": -17
    },
    "2018-01-31": {
        "Diluted EPS": -0.08,
        "Total Revenue": 48,
        "Gross Profit": 36,
        "Operating Income": -18,
        "EBIT": -16,
        "Net Income": -17
    },
    "2017-10-31": {
        "Diluted EPS": -0.19,
        "Total Revenue": 44,
        "Gross Profit": 33,
        "Operating Income": -17,
        "EBIT": -16,
        "Net Income": -17
    },
    "2017-07-31": {
        "Diluted EPS": -0.18,
        "Total Revenue": 41,
        "Gross Profit": 30,
        "Operating Income": -17,
        "EBIT": -15,
        "Net Income": -16
    },
    "2017-04-30": {
        "Diluted EPS": -0.4,
        "Total Revenue": 37,
        "Gross Profit": 27,
        "Operating Income": -15,
        "EBIT": -14,
        "Net Income": -16
    },
    "2017-01-31": {
        "Diluted EPS": -0.47,
        "Total Revenue": 36,
        "Gross Profit": 26,
        "Operating Income": -14,
        "EBIT": -13,
        "Net Income": -15
    },
    "2016-10-31": {
        "Diluted EPS": -0.33,
        "Total Revenue": 32,
        "Gross Profit": 23,
        "Operating Income": -10,
        "EBIT": -9,
        "Net Income": -10
    },
    "2016-07-31": {
        "Diluted EPS": -0.29,
        "Total Revenue": 30,
        "Gross Profit": 20,
        "Operating Income": -9,
        "EBIT": -8,
        "Net Income": -9
    },
    "2016-04-30": {
        "Diluted EPS": -0.3,
        "Total Revenue": 27,
        "Gross Profit": 18,
        "Operating Income": -9,
        "EBIT": -8,
        "Net Income": -9
    },
    "2016-01-31": {
        "Diluted EPS": 0.0,
        "Total Revenue": NaN,
        "Gross Profit": NaN,
        "Operating Income": NaN,
        "EBIT": NaN,
        "Net Income": NaN
    },
    "2015-01-31": {
        "Diluted EPS": 0.0,
        "Total Revenue": NaN,
        "Gross Profit": NaN,
        "Operating Income": NaN,
        "EBIT": NaN,
        "Net Income": NaN
    },
    "2023-07-31": {
        "Tax Effect Of Unusual Items": 0.0,
        "Tax Rate For Calcs": 0.21,
        "Normalized EBITDA": 4051000.0,
        "Net Income From Continuing Operation Net Minority Interest": -3437000.0,
        "Reconciled Depreciation": 6739000.0,
        "Reconciled Cost Of Revenue": 22393000.0,
        "EBITDA": 4051000.0,
        "EBIT": -2688000.0,
        "Net Interest Income": 1752000.0,
        "Interest Expense": 88000.0,
        "Interest Income": 1840000.0,
        "Normalized Income": -3437000.0,
        "Net Income From Continuing And Discontinued Operation": -3437000.0,
        "Total Expenses": 106829000.0,
        "Total Operating Income As Reported": -4231000.0,
        "Diluted Average Shares": 124358526.0,
        "Basic Average Shares": 124358526.0,
        "Diluted EPS": -0.03,
        "Basic EPS": -0.03,
        "Diluted NI Availto Com Stockholders": -3437000.0,
        "Net Income Common Stockholders": -3437000.0,
        "Net Income": -3437000.0,
        "Net Income Including Noncontrolling Interests": -3437000.0,
        "Net Income Continuous Operations": -3437000.0,
        "Tax Provision": 661000.0,
        "Pretax Income": -2776000.0,
        "Other Income Expense": -297000.0,
        "Other Non Operating Income Expenses": -297000.0,
        "Net Non Operating Interest Income Expense": 1752000.0,
        "Interest Expense Non Operating": 88000.0,
        "Interest Income Non Operating": 1840000.0,
        "Operating Income": -4231000.0,
        "Operating Expense": 84436000.0,
        "Research And Development": 18890000.0,
        "Selling General And Administration": 65546000.0,
        "Selling And Marketing Expense": 47591000.0,
        "General And Administrative Expense": 17955000.0,
        "Other Gand A": 17955000.0,
        "Gross Profit": 80205000.0,
        "Cost Of Revenue": 22393000.0,
        "Total Revenue": 102598000.0,
        "Operating Revenue": 102598000.0
    },
    "2023-10-31": {
        "Tax Effect Of Unusual Items": NaN,
        "Tax Rate For Calcs": NaN,
        "Normalized EBITDA": NaN,
        "Net Income From Continuing Operation Net Minority Interest": NaN,
        "Reconciled Depreciation": NaN,
        "Reconciled Cost Of Revenue": NaN,
        "EBITDA": NaN,
        "EBIT": NaN,
        "Net Interest Income": NaN,
        "Interest Expense": NaN,
        "Interest Income": NaN,
        "Normalized Income": NaN,
        "Net Income From Continuing And Discontinued Operation": NaN,
        "Total Expenses": NaN,
        "Total Operating Income As Reported": NaN,
        "Diluted Average Shares": 124239180.0,
        "Basic Average Shares": 124239180.0,
        "Diluted EPS": 0.0,
        "Basic EPS": 0.0,
        "Diluted NI Availto Com Stockholders": NaN,
        "Net Income Common Stockholders": NaN,
        "Net Income": NaN,
        "Net Income Including Noncontrolling Interests": NaN,
        "Net Income Continuous Operations": NaN,
        "Tax Provision": NaN,
        "Pretax Income": NaN,
        "Other Income Expense": NaN,
        "Other Non Operating Income Expenses": NaN,
        "Net Non Operating Interest Income Expense": NaN,
        "Interest Expense Non Operating": NaN,
        "Interest Income Non Operating": NaN,
        "Operating Income": NaN,
        "Operating Expense": NaN,
        "Research And Development": NaN,
        "Selling General And Administration": NaN,
        "Selling And Marketing Expense": NaN,
        "General And Administrative Expense": NaN,
        "Other Gand A": NaN,
        "Gross Profit": NaN,
        "Cost Of Revenue": NaN,
        "Total Revenue": NaN,
        "Operating Revenue": NaN
    },
    "2024-01-31": {
        "Tax Effect Of Unusual Items": NaN,
        "Tax Rate For Calcs": NaN,
        "Normalized EBITDA": NaN,
        "Net Income From Continuing Operation Net Minority Interest": NaN,
        "Reconciled Depreciation": NaN,
        "Reconciled Cost Of Revenue": NaN,
        "EBITDA": NaN,
        "EBIT": NaN,
        "Net Interest Income": NaN,
        "Interest Expense": NaN,
        "Interest Income": NaN,
        "Normalized Income": NaN,
        "Net Income From Continuing And Discontinued Operation": NaN,
        "Total Expenses": NaN,
        "Total Operating Income As Reported": NaN,
        "Diluted Average Shares": 125552028.0,
        "Basic Average Shares": 124337640.0,
        "Diluted EPS": 0.01,
        "Basic EPS": 0.01,
        "Diluted NI Availto Com Stockholders": NaN,
        "Net Income Common Stockholders": NaN,
        "Net Income": NaN,
        "Net Income Including Noncontrolling Interests": NaN,
        "Net Income Continuous Operations": NaN,
        "Tax Provision": NaN,
        "Pretax Income": NaN,
        "Other Income Expense": NaN,
        "Other Non Operating Income Expenses": NaN,
        "Net Non Operating Interest Income Expense": NaN,
        "Interest Expense Non Operating": NaN,
        "Interest Income Non Operating": NaN,
        "Operating Income": NaN,
        "Operating Expense": NaN,
        "Research And Development": NaN,
        "Selling General And Administration": NaN,
        "Selling And Marketing Expense": NaN,
        "General And Administrative Expense": NaN,
        "Other Gand A": NaN,
        "Gross Profit": NaN,
        "Cost Of Revenue": NaN,
        "Total Revenue": NaN,
        "Operating Revenue": NaN
    },
    "2024-04-30": {
        "Tax Effect Of Unusual Items": 0.0,
        "Tax Rate For Calcs": 0.21,
        "Normalized EBITDA": 1869000.0,
        "Net Income From Continuing Operation Net Minority Interest": -3817000.0,
        "Reconciled Depreciation": 5073000.0,
        "Reconciled Cost Of Revenue": 21546000.0,
        "EBITDA": 1869000.0,
        "EBIT": -3204000.0,
        "Net Interest Income": 1968000.0,
        "Interest Expense": 392000.0,
        "Interest Income": 2360000.0,
        "Normalized Income": -3817000.0,
        "Net Income From Continuing And Discontinued Operation": -3817000.0,
        "Total Expenses": 101416000.0,
        "Total Operating Income As Reported": -5426000.0,
        "Diluted Average Shares": 125387162.0,
        "Basic Average Shares": 125387162.0,
        "Diluted EPS": -0.03,
        "Basic EPS": -0.03,
        "Diluted NI Availto Com Stockholders": -3817000.0,
        "Net Income Common Stockholders": -3817000.0,
        "Net Income": -3817000.0,
        "Net Income Including Noncontrolling Interests": -3817000.0,
        "Net Income Continuous Operations": -3817000.0,
        "Tax Provision": 221000.0,
        "Pretax Income": -3596000.0,
        "Other Income Expense": -138000.0,
        "Other Non Operating Income Expenses": -138000.0,
        "Net Non Operating Interest Income Expense": 1968000.0,
        "Interest Expense Non Operating": 392000.0,
        "Interest Income Non Operating": 2360000.0,
        "Operating Income": -5426000.0,
        "Operating Expense": 79870000.0,
        "Research And Development": 17059000.0,
        "Selling General And Administration": 62811000.0,
        "Selling And Marketing Expense": 43254000.0,
        "General And Administrative Expense": 19557000.0,
        "Other Gand A": 19557000.0,
        "Gross Profit": 74444000.0,
        "Cost Of Revenue": 21546000.0,
        "Total Revenue": 95990000.0,
        "Operating Revenue": 95990000.0
    },
    "2024-07-31": {
        "Tax Effect Of Unusual Items": 0.0,
        "Tax Rate For Calcs": 0.262229,
        "Normalized EBITDA": -369000.0,
        "Net Income From Continuing Operation Net Minority Interest": -4057000.0,
        "Reconciled Depreciation": 5006000.0,
        "Reconciled Cost Of Revenue": 22293000.0,
        "EBITDA": -369000.0,
        "EBIT": -5375000.0,
        "Net Interest Income": 2271000.0,
        "Interest Expense": 124000.0,
        "Interest Income": 2395000.0,
        "Normalized Income": -4057000.0,
        "Net Income From Continuing And Discontinued Operation": -4057000.0,
        "Total Expenses": 105453000.0,
        "Total Operating Income As Reported": -7566000.0,
        "Diluted Average Shares": 126535481.0,
        "Basic Average Shares": 126535481.0,
        "Diluted EPS": -0.03,
        "Basic EPS": -0.03,
        "Diluted NI Availto Com Stockholders": -4057000.0,
        "Net Income Common Stockholders": -4057000.0,
        "Net Income": -4057000.0,
        "Net Income Including Noncontrolling Interests": -4057000.0,
        "Net Income Continuous Operations": -4057000.0,
        "Tax Provision": -1442000.0,
        "Pretax Income": -5499000.0,
        "Other Income Expense": -204000.0,
        "Other Non Operating Income Expenses": -204000.0,
        "Net Non Operating Interest Income Expense": 2271000.0,
        "Interest Expense Non Operating": 124000.0,
        "Interest Income Non Operating": 2395000.0,
        "Operating Income": -7566000.0,
        "Operating Expense": 83160000.0,
        "Research And Development": 18580000.0,
        "Selling General And Administration": 64580000.0,
        "Selling And Marketing Expense": 41957000.0,
        "General And Administrative Expense": 22623000.0,
        "Other Gand A": 22623000.0,
        "Gross Profit": 75594000.0,
        "Cost Of Revenue": 22293000.0,
        "Total Revenue": 97887000.0,
        "Operating Revenue": 97887000.0
    },
    "2024-10-31": {
        "Tax Effect Of Unusual Items": 0.0,
        "Tax Rate For Calcs": 0.21,
        "Normalized EBITDA": -1107000.0,
        "Net Income From Continuing Operation Net Minority Interest": -12799000.0,
        "Reconciled Depreciation": 8493000.0,
        "Reconciled Cost Of Revenue": 26247000.0,
        "EBITDA": -1107000.0,
        "EBIT": -9600000.0,
        "Net Interest Income": 601000.0,
        "Interest Expense": 222000.0,
        "Interest Income": 823000.0,
        "Normalized Income": -12799000.0,
        "Net Income From Continuing And Discontinued Operation": -12799000.0,
        "Total Expenses": 124357000.0,
        "Total Operating Income As Reported": -10368000.0,
        "Diluted Average Shares": 128036993.0,
        "Basic Average Shares": 128036993.0,
        "Diluted EPS": -0.1,
        "Basic EPS": -0.1,
        "Diluted NI Availto Com Stockholders": -12799000.0,
        "Net Income Common Stockholders": -12799000.0,
        "Net Income": -12799000.0,
        "Net Income Including Noncontrolling Interests": -12799000.0,
        "Net Income Continuous Operations": -12799000.0,
        "Tax Provision": 2977000.0,
        "Pretax Income": -9822000.0,
        "Other Income Expense": -55000.0,
        "Other Non Operating Income Expenses": -55000.0,
        "Net Non Operating Interest Income Expense": 601000.0,
        "Interest Expense Non Operating": 222000.0,
        "Interest Income Non Operating": 823000.0,
        "Operating Income": -10368000.0,
        "Operating Expense": 98110000.0,
        "Research And Development": 21070000.0,
        "Selling General And Administration": 77040000.0,
        "Selling And Marketing Expense": 43667000.0,
        "General And Administrative Expense": 33373000.0,
        "Other Gand A": 33373000.0,
        "Gross Profit": 87742000.0,
        "Cost Of Revenue": 26247000.0,
        "Total Revenue": 113989000.0,
        "Operating Revenue": 113989000.0
    },
    "2025-01-31": {
        "Tax Effect Of Unusual Items": 0.0,
        "Tax Rate For Calcs": 0.204135,
        "Normalized EBITDA": -224000.0,
        "Net Income From Continuing Operation Net Minority Interest": -7275000.0,
        "Reconciled Depreciation": 8688000.0,
        "Reconciled Cost Of Revenue": 26278000.0,
        "EBITDA": -224000.0,
        "EBIT": -8912000.0,
        "Net Interest Income": 295000.0,
        "Interest Expense": 229000.0,
        "Interest Income": 524000.0,
        "Normalized Income": -7275000.0,
        "Net Income From Continuing And Discontinued Operation": -7275000.0,
        "Total Expenses": 122179000.0,
        "Total Operating Income As Reported": -9088000.0,
        "Diluted Average Shares": 127394090.0,
        "Basic Average Shares": 127394090.0,
        "Diluted EPS": -0.06,
        "Basic EPS": -0.06,
        "Diluted NI Availto Com Stockholders": -7275000.0,
        "Net Income Common Stockholders": -7275000.0,
        "Net Income": -7275000.0,
        "Net Income Including Noncontrolling Interests": -7275000.0,
        "Net Income Continuous Operations": -7275000.0,
        "Tax Provision": -1866000.0,
        "Pretax Income": -9141000.0,
        "Other Income Expense": -348000.0,
        "Other Non Operating Income Expenses": -348000.0,
        "Net Non Operating Interest Income Expense": 295000.0,
        "Interest Expense Non Operating": 229000.0,
        "Interest Income Non Operating": 524000.0,
        "Operating Income": -9088000.0,
        "Operating Expense": 95901000.0,
        "Research And Development": 20492000.0,
        "Selling General And Administration": 75409000.0,
        "Selling And Marketing Expense": 45901000.0,
        "General And Administrative Expense": 29508000.0,
        "Other Gand A": 29508000.0,
        "Gross Profit": 86813000.0,
        "Cost Of Revenue": 26278000.0,
        "Total Revenue": 113091000.0,
        "Operating Revenue": 113091000.0
    },
    "2025-04-30": {
        "Tax Effect Of Unusual Items": 0.0,
        "Tax Rate For Calcs": 0.21,
        "Normalized EBITDA": 10565000.0,
        "Net Income From Continuing Operation Net Minority Interest": 770000.0,
        "Reconciled Depreciation": 9170000.0,
        "Reconciled Cost Of Revenue": 27105000.0,
        "EBITDA": 10565000.0,
        "EBIT": 1395000.0,
        "Net Interest Income": -10000.0,
        "Interest Expense": 642000.0,
        "Interest Income": 632000.0,
        "Normalized Income": 770000.0,
        "Net Income From Continuing And Discontinued Operation": 770000.0,
        "Total Expenses": 108365000.0,
        "Total Operating Income As Reported": 1118000.0,
        "Diluted Average Shares": 131272117.0,
        "Basic Average Shares": 125651595.0,
        "Diluted EPS": 0.01,
        "Basic EPS": 0.01,
        "Diluted NI Availto Com Stockholders": 770000.0,
        "Net Income Common Stockholders": 770000.0,
        "Net Income": 770000.0,
        "Net Income Including Noncontrolling Interests": 770000.0,
        "Net Income Continuous Operations": 770000.0,
        "Tax Provision": -17000.0,
        "Pretax Income": 753000.0,
        "Other Income Expense": -355000.0,
        "Other Non Operating Income Expenses": -355000.0,
        "Net Non Operating Interest Income Expense": -10000.0,
        "Interest Expense Non Operating": 642000.0,
        "Interest Income Non Operating": 632000.0,
        "Operating Income": 1118000.0,
        "Operating Expense": 81260000.0,
        "Research And Development": 21896000.0,
        "Selling General And Administration": 59364000.0,
        "Selling And Marketing Expense": 36209000.0,
        "General And Administrative Expense": 23155000.0,
        "Other Gand A": 23155000.0,
        "Gross Profit": 82378000.0,
        "Cost Of Revenue": 27105000.0,
        "Total Revenue": 109483000.0,
        "Operating Revenue": 109483000.0
    },
    "2025-07-31": {
        "Tax Effect Of Unusual Items": 0.0,
        "Tax Rate For Calcs": 0.062388,
        "Normalized EBITDA": 39964000.0,
        "Net Income From Continuing Operation Net Minority Interest": 26751000.0,
        "Reconciled Depreciation": 9156000.0,
        "Reconciled Cost Of Revenue": 28060000.0,
        "EBITDA": 39964000.0,
        "EBIT": 30808000.0,
        "Net Interest Income": -1098000.0,
        "Interest Expense": 2277000.0,
        "Interest Income": 1179000.0,
        "Normalized Income": 26751000.0,
        "Net Income From Continuing And Discontinued Operation": 26751000.0,
        "Total Expenses": 83420000.0,
        "Total Operating Income As Reported": 29674000.0,
        "Diluted Average Shares": 130800808.0,
        "Basic Average Shares": 122854629.0,
        "Diluted EPS": 0.03,
        "Basic EPS": 0.22,
        "Diluted NI Availto Com Stockholders": 26751000.0,
        "Net Income Common Stockholders": 26751000.0,
        "Net Income": 26751000.0,
        "Net Income Including Noncontrolling Interests": 26751000.0,
        "Net Income Continuous Operations": 26751000.0,
        "Tax Provision": 1780000.0,
        "Pretax Income": 28531000.0,
        "Other Income Expense": -45000.0,
        "Other Non Operating Income Expenses": -45000.0,
        "Net Non Operating Interest Income Expense": -1098000.0,
        "Interest Expense Non Operating": 2277000.0,
        "Interest Income Non Operating": 1179000.0,
        "Operating Income": 29674000.0,
        "Operating Expense": 55360000.0,
        "Research And Development": 23352000.0,
        "Selling General And Administration": 32008000.0,
        "Selling And Marketing Expense": 32069000.0,
        "General And Administrative Expense": -61000.0,
        "Other Gand A": -61000.0,
        "Gross Profit": 85034000.0,
        "Cost Of Revenue": 28060000.0,
        "Total Revenue": 113094000.0,
        "Operating Revenue": 113094000.0
    },
    "2025-10-31": {
        "Tax Effect Of Unusual Items": 0.0,
        "Tax Rate For Calcs": 0.080336,
        "Normalized EBITDA": 18071000.0,
        "Net Income From Continuing Operation Net Minority Interest": 6136000.0,
        "Reconciled Depreciation": 9041000.0,
        "Reconciled Cost Of Revenue": 29203000.0,
        "EBITDA": 18071000.0,
        "EBIT": 9030000.0,
        "Net Interest Income": -1202000.0,
        "Interest Expense": 2358000.0,
        "Interest Income": 1156000.0,
        "Normalized Income": 6136000.0,
        "Net Income From Continuing And Discontinued Operation": 6136000.0,
        "Total Expenses": 104218000.0,
        "Total Operating Income As Reported": 7780000.0,
        "Diluted Average Shares": 128888811.0,
        "Basic Average Shares": 123151525.0,
        "Diluted EPS": 0.01,
        "Basic EPS": 0.05,
        "Diluted NI Availto Com Stockholders": 6136000.0,
        "Net Income Common Stockholders": 6136000.0,
        "Net Income": 6136000.0,
        "Net Income Including Noncontrolling Interests": 6136000.0,
        "Net Income Continuous Operations": 6136000.0,
        "Tax Provision": 536000.0,
        "Pretax Income": 6672000.0,
        "Other Income Expense": 94000.0,
        "Other Non Operating Income Expenses": 94000.0,
        "Net Non Operating Interest Income Expense": -1202000.0,
        "Interest Expense Non Operating": 2358000.0,
        "Interest Income Non Operating": 1156000.0,
        "Operating Income": 7780000.0,
        "Operating Expense": 75015000.0,
        "Research And Development": 22614000.0,
        "Selling General And Administration": 52401000.0,
        "Selling And Marketing Expense": 34037000.0,
        "General And Administrative Expense": 18364000.0,
        "Other Gand A": 18364000.0,
        "Gross Profit": 82795000.0,
        "Cost Of Revenue": 29203000.0,
        "Total Revenue": 111998000.0,
        "Operating Revenue": 111998000.0
    }
}