{
    "2023-03-31": {
        "Tax Effect Of Unusual Items": NaN,
        "Tax Rate For Calcs": NaN,
        "Normalized EBITDA": NaN,
        "Total Unusual Items": NaN,
        "Total Unusual Items Excluding Goodwill": NaN,
        "Net Income From Continuing Operation Net Minority Interest": NaN,
        "Reconciled Depreciation": NaN,
        "Reconciled Cost Of Revenue": NaN,
        "EBITDA": NaN,
        "EBIT": NaN,
        "Net Interest Income": NaN,
        "Interest Expense": NaN,
        "Normalized Income": NaN,
        "Net Income From Continuing And Discontinued Operation": NaN,
        "Total Expenses": NaN,
        "Total Operating Income As Reported": NaN,
        "Diluted Average Shares": 14279703.0,
        "Basic Average Shares": 14275866.0,
        "Diluted EPS": 0.26,
        "Basic EPS": 0.26,
        "Diluted NI Availto Com Stockholders": NaN,
        "Net Income Common Stockholders": NaN,
        "Net Income": NaN,
        "Net Income Including Noncontrolling Interests": NaN,
        "Net Income Continuous Operations": NaN,
        "Tax Provision": NaN,
        "Pretax Income": NaN,
        "Other Income Expense": NaN,
        "Other Non Operating Income Expenses": NaN,
        "Special Income Charges": NaN,
        "Other Special Charges": NaN,
        "Net Non Operating Interest Income Expense": NaN,
        "Interest Expense Non Operating": NaN,
        "Operating Income": NaN,
        "Operating Expense": NaN,
        "Other Taxes": NaN,
        "Depreciation Amortization Depletion Income Statement": NaN,
        "Depreciation And Amortization In Income Statement": NaN,
        "Selling General And Administration": NaN,
        "General And Administrative Expense": NaN,
        "Other Gand A": NaN,
        "Salaries And Wages": NaN,
        "Gross Profit": NaN,
        "Cost Of Revenue": NaN,
        "Total Revenue": NaN,
        "Operating Revenue": NaN
    },
    "2022-12-31": {
        "Tax Effect Of Unusual Items": 18758.554031,
        "Tax Rate For Calcs": 0.031316,
        "Normalized EBITDA": 8576000.0,
        "Total Unusual Items": 599000.0,
        "Total Unusual Items Excluding Goodwill": 599000.0,
        "Net Income From Continuing Operation Net Minority Interest": 5011000.0,
        "Reconciled Depreciation": 2594000.0,
        "Reconciled Cost Of Revenue": 4021000.0,
        "EBITDA": 9175000.0,
        "EBIT": 6581000.0,
        "Net Interest Income": -1408000.0,
        "Interest Expense": 1408000.0,
        "Normalized Income": 4430758.554031,
        "Net Income From Continuing And Discontinued Operation": 5011000.0,
        "Total Expenses": 9356000.0,
        "Total Operating Income As Reported": 5755000.0,
        "Diluted Average Shares": NaN,
        "Basic Average Shares": NaN,
        "Diluted EPS": NaN,
        "Basic EPS": NaN,
        "Diluted NI Availto Com Stockholders": 5011000.0,
        "Net Income Common Stockholders": 5011000.0,
        "Net Income": 5011000.0,
        "Net Income Including Noncontrolling Interests": 5011000.0,
        "Net Income Continuous Operations": 5011000.0,
        "Tax Provision": 162000.0,
        "Pretax Income": 5173000.0,
        "Other Income Expense": 826000.0,
        "Other Non Operating Income Expenses": 227000.0,
        "Special Income Charges": 599000.0,
        "Other Special Charges": -599000.0,
        "Net Non Operating Interest Income Expense": -1408000.0,
        "Interest Expense Non Operating": 1408000.0,
        "Operating Income": 5755000.0,
        "Operating Expense": 5335000.0,
        "Other Taxes": 379000.0,
        "Depreciation Amortization Depletion Income Statement": 2594000.0,
        "Depreciation And Amortization In Income Statement": 2594000.0,
        "Selling General And Administration": 2362000.0,
        "General And Administrative Expense": 2362000.0,
        "Other Gand A": 2362000.0,
        "Salaries And Wages": NaN,
        "Gross Profit": 11090000.0,
        "Cost Of Revenue": 4021000.0,
        "Total Revenue": 15111000.0,
        "Operating Revenue": 15108000.0
    },
    "2022-09-30": {
        "Tax Effect Of Unusual Items": NaN,
        "Tax Rate For Calcs": NaN,
        "Normalized EBITDA": NaN,
        "Total Unusual Items": NaN,
        "Total Unusual Items Excluding Goodwill": NaN,
        "Net Income From Continuing Operation Net Minority Interest": NaN,
        "Reconciled Depreciation": NaN,
        "Reconciled Cost Of Revenue": NaN,
        "EBITDA": NaN,
        "EBIT": NaN,
        "Net Interest Income": NaN,
        "Interest Expense": NaN,
        "Normalized Income": NaN,
        "Net Income From Continuing And Discontinued Operation": NaN,
        "Total Expenses": NaN,
        "Total Operating Income As Reported": NaN,
        "Diluted Average Shares": 14255273.0,
        "Basic Average Shares": 14254570.0,
        "Diluted EPS": 0.4,
        "Basic EPS": 0.4,
        "Diluted NI Availto Com Stockholders": NaN,
        "Net Income Common Stockholders": NaN,
        "Net Income": NaN,
        "Net Income Including Noncontrolling Interests": NaN,
        "Net Income Continuous Operations": NaN,
        "Tax Provision": NaN,
        "Pretax Income": NaN,
        "Other Income Expense": NaN,
        "Other Non Operating Income Expenses": NaN,
        "Special Income Charges": NaN,
        "Other Special Charges": NaN,
        "Net Non Operating Interest Income Expense": NaN,
        "Interest Expense Non Operating": NaN,
        "Operating Income": NaN,
        "Operating Expense": NaN,
        "Other Taxes": NaN,
        "Depreciation Amortization Depletion Income Statement": NaN,
        "Depreciation And Amortization In Income Statement": NaN,
        "Selling General And Administration": NaN,
        "General And Administrative Expense": NaN,
        "Other Gand A": NaN,
        "Salaries And Wages": NaN,
        "Gross Profit": NaN,
        "Cost Of Revenue": NaN,
        "Total Revenue": NaN,
        "Operating Revenue": NaN
    },
    "2022-06-30": {
        "Tax Effect Of Unusual Items": 7200.0,
        "Tax Rate For Calcs": 0.032,
        "Normalized EBITDA": 8668000.0,
        "Total Unusual Items": 225000.0,
        "Total Unusual Items Excluding Goodwill": 225000.0,
        "Net Income From Continuing Operation Net Minority Interest": 5029000.0,
        "Reconciled Depreciation": 2493000.0,
        "Reconciled Cost Of Revenue": 2915000.0,
        "EBITDA": 8893000.0,
        "EBIT": 6400000.0,
        "Net Interest Income": -1205000.0,
        "Interest Expense": 1205000.0,
        "Normalized Income": 4811200.0,
        "Net Income From Continuing And Discontinued Operation": 5029000.0,
        "Total Expenses": 8325000.0,
        "Total Operating Income As Reported": 6574000.0,
        "Diluted Average Shares": 14189702.0,
        "Basic Average Shares": 14188579.0,
        "Diluted EPS": 0.36,
        "Basic EPS": 0.36,
        "Diluted NI Availto Com Stockholders": 5029000.0,
        "Net Income Common Stockholders": 5029000.0,
        "Net Income": 5029000.0,
        "Net Income Including Noncontrolling Interests": 5029000.0,
        "Net Income Continuous Operations": 5029000.0,
        "Tax Provision": 166000.0,
        "Pretax Income": 5195000.0,
        "Other Income Expense": -174000.0,
        "Other Non Operating Income Expenses": -399000.0,
        "Special Income Charges": 225000.0,
        "Other Special Charges": -225000.0,
        "Net Non Operating Interest Income Expense": -1205000.0,
        "Interest Expense Non Operating": 1205000.0,
        "Operating Income": 6574000.0,
        "Operating Expense": 5410000.0,
        "Other Taxes": 338000.0,
        "Depreciation Amortization Depletion Income Statement": 2493000.0,
        "Depreciation And Amortization In Income Statement": 2493000.0,
        "Selling General And Administration": 2579000.0,
        "General And Administrative Expense": 2579000.0,
        "Other Gand A": 2579000.0,
        "Salaries And Wages": NaN,
        "Gross Profit": 11984000.0,
        "Cost Of Revenue": 2915000.0,
        "Total Revenue": 14899000.0,
        "Operating Revenue": 14894000.0
    },
    "2023-06-30": {
        "Tax Effect Of Unusual Items": NaN,
        "Tax Rate For Calcs": NaN,
        "Normalized EBITDA": NaN,
        "Total Unusual Items": NaN,
        "Total Unusual Items Excluding Goodwill": NaN,
        "Net Income From Continuing Operation Net Minority Interest": NaN,
        "Reconciled Depreciation": NaN,
        "Reconciled Cost Of Revenue": NaN,
        "EBITDA": NaN,
        "EBIT": NaN,
        "Net Interest Income": NaN,
        "Interest Expense": NaN,
        "Normalized Income": NaN,
        "Net Income From Continuing And Discontinued Operation": NaN,
        "Total Expenses": NaN,
        "Total Operating Income As Reported": NaN,
        "Diluted Average Shares": NaN,
        "Basic Average Shares": NaN,
        "Diluted EPS": NaN,
        "Basic EPS": NaN,
        "Diluted NI Availto Com Stockholders": NaN,
        "Net Income Common Stockholders": NaN,
        "Net Income": NaN,
        "Net Income Including Noncontrolling Interests": NaN,
        "Net Income Continuous Operations": NaN,
        "Tax Provision": NaN,
        "Pretax Income": NaN,
        "Other Income Expense": NaN,
        "Other Non Operating Income Expenses": NaN,
        "Special Income Charges": NaN,
        "Other Special Charges": NaN,
        "Net Non Operating Interest Income Expense": NaN,
        "Interest Expense Non Operating": NaN,
        "Operating Income": NaN,
        "Operating Expense": NaN,
        "Other Taxes": NaN,
        "Depreciation Amortization Depletion Income Statement": NaN,
        "Depreciation And Amortization In Income Statement": NaN,
        "Selling General And Administration": NaN,
        "General And Administrative Expense": NaN,
        "Other Gand A": NaN,
        "Salaries And Wages": 239000.0,
        "Gross Profit": NaN,
        "Cost Of Revenue": NaN,
        "Total Revenue": NaN,
        "Operating Revenue": NaN
    },
    "2022-03-31": {
        "Diluted EPS": 0.29,
        "Total Revenue": 14,
        "Gross Profit": 14,
        "Operating Income": 5,
        "EBIT": 8,
        "Net Income": 4
    },
    "2021-12-31": {
        "Diluted EPS": 0.31,
        "Total Revenue": 14,
        "Gross Profit": 14,
        "Operating Income": 5,
        "EBIT": 8,
        "Net Income": 4
    },
    "2021-09-30": {
        "Diluted EPS": 0.36,
        "Total Revenue": 15,
        "Gross Profit": 15,
        "Operating Income": 7,
        "EBIT": 9,
        "Net Income": 5
    },
    "2021-06-30": {
        "Diluted EPS": 0.35,
        "Total Revenue": 14,
        "Gross Profit": 14,
        "Operating Income": 6,
        "EBIT": 8,
        "Net Income": 4
    },
    "2021-03-31": {
        "Diluted EPS": 0.28,
        "Total Revenue": 13,
        "Gross Profit": 13,
        "Operating Income": 5,
        "EBIT": 8,
        "Net Income": 4
    },
    "2020-12-31": {
        "Diluted EPS": 0.28,
        "Total Revenue": 13,
        "Gross Profit": 13,
        "Operating Income": 6,
        "EBIT": 8,
        "Net Income": 4
    },
    "2020-09-30": {
        "Diluted EPS": 0.36,
        "Total Revenue": 14,
        "Gross Profit": 14,
        "Operating Income": 7,
        "EBIT": 9,
        "Net Income": 5
    },
    "2020-06-30": {
        "Diluted EPS": 0.32,
        "Total Revenue": 13,
        "Gross Profit": 13,
        "Operating Income": 6,
        "EBIT": 8,
        "Net Income": 4
    },
    "2020-03-31": {
        "Diluted EPS": 0.31,
        "Total Revenue": 13,
        "Gross Profit": 13,
        "Operating Income": 6,
        "EBIT": 8,
        "Net Income": 4
    },
    "2019-12-31": {
        "Diluted EPS": 0.26,
        "Total Revenue": 13,
        "Gross Profit": 13,
        "Operating Income": 6,
        "EBIT": 8,
        "Net Income": 3
    },
    "2019-09-30": {
        "Diluted EPS": 0.35,
        "Total Revenue": 14,
        "Gross Profit": 14,
        "Operating Income": 7,
        "EBIT": 9,
        "Net Income": 4
    },
    "2019-06-30": {
        "Diluted EPS": 0.28,
        "Total Revenue": 13,
        "Gross Profit": 13,
        "Operating Income": 6,
        "EBIT": 8,
        "Net Income": 4
    },
    "2019-03-31": {
        "Diluted EPS": 0.22,
        "Total Revenue": 12,
        "Gross Profit": 12,
        "Operating Income": 5,
        "EBIT": 7,
        "Net Income": 3
    },
    "2018-12-31": {
        "Diluted EPS": 0.29,
        "Total Revenue": 12,
        "Gross Profit": 12,
        "Operating Income": 6,
        "EBIT": 7,
        "Net Income": 4
    },
    "2018-09-30": {
        "Diluted EPS": 0.29,
        "Total Revenue": 13,
        "Gross Profit": 13,
        "Operating Income": 6,
        "EBIT": 8,
        "Net Income": 4
    },
    "2018-06-30": {
        "Diluted EPS": 0.26,
        "Total Revenue": 12,
        "Gross Profit": 12,
        "Operating Income": 5,
        "EBIT": 7,
        "Net Income": 3
    },
    "2018-03-31": {
        "Diluted EPS": 0.2,
        "Total Revenue": 12,
        "Gross Profit": 12,
        "Operating Income": 5,
        "EBIT": 7,
        "Net Income": 3
    },
    "2017-12-31": {
        "Diluted EPS": 0.27,
        "Total Revenue": 12,
        "Gross Profit": 12,
        "Operating Income": 6,
        "EBIT": 8,
        "Net Income": 4
    },
    "2017-09-30": {
        "Diluted EPS": 0.31,
        "Total Revenue": 13,
        "Gross Profit": 13,
        "Operating Income": 6,
        "EBIT": 8,
        "Net Income": 4
    },
    "2017-06-30": {
        "Diluted EPS": 0.23,
        "Total Revenue": 12,
        "Gross Profit": 12,
        "Operating Income": 6,
        "EBIT": 8,
        "Net Income": 3
    },
    "2017-03-31": {
        "Diluted EPS": 0.2,
        "Total Revenue": 11,
        "Gross Profit": 11,
        "Operating Income": 5,
        "EBIT": 7,
        "Net Income": 3
    },
    "2016-12-31": {
        "Diluted EPS": 0.23,
        "Total Revenue": 12,
        "Gross Profit": 12,
        "Operating Income": 6,
        "EBIT": 7,
        "Net Income": 3
    },
    "2016-09-30": {
        "Diluted EPS": 0.27,
        "Total Revenue": 13,
        "Gross Profit": 13,
        "Operating Income": 6,
        "EBIT": 8,
        "Net Income": 4
    },
    "2016-06-30": {
        "Diluted EPS": 0.23,
        "Total Revenue": 12,
        "Gross Profit": 12,
        "Operating Income": 6,
        "EBIT": 7,
        "Net Income": 3
    },
    "2016-03-31": {
        "Diluted EPS": 0.19,
        "Total Revenue": 11,
        "Gross Profit": 11,
        "Operating Income": 5,
        "EBIT": 7,
        "Net Income": 2
    },
    "2015-12-31": {
        "Diluted EPS": 0.27,
        "Total Revenue": 12,
        "Gross Profit": 12,
        "Operating Income": 5,
        "EBIT": 7,
        "Net Income": 4
    },
    "2015-09-30": {
        "Diluted EPS": 0.28,
        "Total Revenue": 12,
        "Gross Profit": 12,
        "Operating Income": 6,
        "EBIT": 8,
        "Net Income": 4
    },
    "2015-06-30": {
        "Diluted EPS": 0.22,
        "Total Revenue": 12,
        "Gross Profit": 12,
        "Operating Income": 6,
        "EBIT": 7,
        "Net Income": 3
    },
    "2015-03-31": {
        "Diluted EPS": 0.2,
        "Total Revenue": 11,
        "Gross Profit": 11,
        "Operating Income": 5,
        "EBIT": 7,
        "Net Income": 3
    },
    "2014-12-31": {
        "Diluted EPS": 0.28,
        "Total Revenue": 11,
        "Gross Profit": 11,
        "Operating Income": 5,
        "EBIT": 7,
        "Net Income": 4
    },
    "2014-09-30": {
        "Diluted EPS": 0.23,
        "Total Revenue": 12,
        "Gross Profit": 12,
        "Operating Income": 6,
        "EBIT": 8,
        "Net Income": 3
    },
    "2014-06-30": {
        "Diluted EPS": 0.22,
        "Total Revenue": 12,
        "Gross Profit": 12,
        "Operating Income": 6,
        "EBIT": 7,
        "Net Income": 3
    },
    "2014-03-31": {
        "Diluted EPS": 0.16,
        "Total Revenue": 11,
        "Gross Profit": 11,
        "Operating Income": 5,
        "EBIT": 6,
        "Net Income": 2
    },
    "2013-12-31": {
        "Diluted EPS": 0.21,
        "Total Revenue": 11,
        "Gross Profit": 11,
        "Operating Income": 5,
        "EBIT": 7,
        "Net Income": 3
    },
    "2013-09-30": {
        "Diluted EPS": 0.19,
        "Total Revenue": 11,
        "Gross Profit": 11,
        "Operating Income": 5,
        "EBIT": 7,
        "Net Income": 3
    },
    "2013-06-30": {
        "Diluted EPS": 0.18,
        "Total Revenue": 11,
        "Gross Profit": 11,
        "Operating Income": 5,
        "EBIT": 7,
        "Net Income": 2
    },
    "2013-03-31": {
        "Diluted EPS": 0.17,
        "Total Revenue": 10,
        "Gross Profit": 10,
        "Operating Income": 5,
        "EBIT": 6,
        "Net Income": 2
    },
    "2012-12-31": {
        "Diluted EPS": 0.18,
        "Total Revenue": 10,
        "Gross Profit": 10,
        "Operating Income": 5,
        "EBIT": 7,
        "Net Income": 2
    },
    "2012-09-30": {
        "Diluted EPS": 0.22,
        "Total Revenue": 11,
        "Gross Profit": 11,
        "Operating Income": 6,
        "EBIT": 7,
        "Net Income": 3
    },
    "2012-06-30": {
        "Diluted EPS": 0.17,
        "Total Revenue": 10,
        "Gross Profit": 10,
        "Operating Income": 5,
        "EBIT": 6,
        "Net Income": 2
    },
    "2012-03-31": {
        "Diluted EPS": 0.15,
        "Total Revenue": 10,
        "Gross Profit": 10,
        "Operating Income": 4,
        "EBIT": 6,
        "Net Income": 2
    },
    "2011-12-31": {
        "Diluted EPS": 0.16,
        "Total Revenue": 10,
        "Gross Profit": 10,
        "Operating Income": 5,
        "EBIT": 6,
        "Net Income": 2
    },
    "2011-09-30": {
        "Diluted EPS": 0.19,
        "Total Revenue": 10,
        "Gross Profit": 10,
        "Operating Income": 5,
        "EBIT": 7,
        "Net Income": 2
    },
    "2011-06-30": {
        "Diluted EPS": 0.19,
        "Total Revenue": 10,
        "Gross Profit": 10,
        "Operating Income": 5,
        "EBIT": 6,
        "Net Income": 2
    },
    "2011-03-31": {
        "Diluted EPS": 0.17,
        "Total Revenue": 10,
        "Gross Profit": 10,
        "Operating Income": 5,
        "EBIT": 6,
        "Net Income": 2
    },
    "2010-12-31": {
        "Diluted EPS": 0.17,
        "Total Revenue": 10,
        "Gross Profit": 10,
        "Operating Income": 5,
        "EBIT": 6,
        "Net Income": 2
    },
    "2010-09-30": {
        "Diluted EPS": 0.21,
        "Total Revenue": 10,
        "Gross Profit": 10,
        "Operating Income": 6,
        "EBIT": 7,
        "Net Income": 3
    },
    "2010-06-30": {
        "Diluted EPS": 0.18,
        "Total Revenue": 10,
        "Gross Profit": 10,
        "Operating Income": 5,
        "EBIT": 6,
        "Net Income": 2
    },
    "2010-03-31": {
        "Diluted EPS": 0.15,
        "Total Revenue": 9,
        "Gross Profit": 9,
        "Operating Income": 4,
        "EBIT": 5,
        "Net Income": 2
    },
    "2009-12-31": {
        "Diluted EPS": 0.16,
        "Total Revenue": 9,
        "Gross Profit": 9,
        "Operating Income": 4,
        "EBIT": 5,
        "Net Income": 2
    },
    "2009-09-30": {
        "Diluted EPS": 0.18,
        "Total Revenue": 10,
        "Gross Profit": 10,
        "Operating Income": 5,
        "EBIT": 6,
        "Net Income": 2
    },
    "2009-06-30": {
        "Diluted EPS": 0.17,
        "Total Revenue": 9,
        "Gross Profit": 9,
        "Operating Income": 4,
        "EBIT": 6,
        "Net Income": 2
    },
    "2009-03-31": {
        "Diluted EPS": 0.13,
        "Total Revenue": 9,
        "Gross Profit": 9,
        "Operating Income": 4,
        "EBIT": 5,
        "Net Income": 1
    },
    "2023-09-30": {
        "Tax Effect Of Unusual Items": NaN,
        "Tax Rate For Calcs": NaN,
        "Normalized EBITDA": NaN,
        "Total Unusual Items": NaN,
        "Total Unusual Items Excluding Goodwill": NaN,
        "Net Income From Continuing Operation Net Minority Interest": NaN,
        "Reconciled Depreciation": NaN,
        "Reconciled Cost Of Revenue": NaN,
        "EBITDA": NaN,
        "EBIT": NaN,
        "Net Interest Income": NaN,
        "Interest Expense": NaN,
        "Normalized Income": NaN,
        "Net Income From Continuing And Discontinued Operation": NaN,
        "Total Expenses": NaN,
        "Total Operating Income As Reported": NaN,
        "Diluted Average Shares": NaN,
        "Basic Average Shares": NaN,
        "Diluted EPS": NaN,
        "Basic EPS": NaN,
        "Diluted NI Availto Com Stockholders": NaN,
        "Net Income Common Stockholders": NaN,
        "Net Income": NaN,
        "Net Income Including Noncontrolling Interests": NaN,
        "Net Income Continuous Operations": NaN,
        "Tax Provision": NaN,
        "Pretax Income": NaN,
        "Other Income Expense": NaN,
        "Other Non Operating Income Expenses": NaN,
        "Special Income Charges": NaN,
        "Other Special Charges": NaN,
        "Net Non Operating Interest Income Expense": NaN,
        "Interest Expense Non Operating": NaN,
        "Operating Income": NaN,
        "Operating Expense": NaN,
        "Other Taxes": NaN,
        "Depreciation Amortization Depletion Income Statement": NaN,
        "Depreciation And Amortization In Income Statement": NaN,
        "Selling General And Administration": NaN,
        "General And Administrative Expense": NaN,
        "Other Gand A": NaN,
        "Salaries And Wages": 239000.0,
        "Gross Profit": NaN,
        "Cost Of Revenue": NaN,
        "Total Revenue": NaN,
        "Operating Revenue": NaN
    },
    "2023-12-31": {
        "Tax Effect Of Unusual Items": NaN,
        "Tax Rate For Calcs": NaN,
        "Normalized EBITDA": NaN,
        "Total Unusual Items": NaN,
        "Total Unusual Items Excluding Goodwill": NaN,
        "Net Income From Continuing Operation Net Minority Interest": NaN,
        "Reconciled Depreciation": NaN,
        "Reconciled Cost Of Revenue": NaN,
        "EBITDA": NaN,
        "EBIT": NaN,
        "Net Interest Income": NaN,
        "Interest Expense": NaN,
        "Normalized Income": NaN,
        "Net Income From Continuing And Discontinued Operation": NaN,
        "Total Expenses": NaN,
        "Total Operating Income As Reported": NaN,
        "Diluted Average Shares": NaN,
        "Basic Average Shares": NaN,
        "Diluted EPS": NaN,
        "Basic EPS": NaN,
        "Diluted NI Availto Com Stockholders": NaN,
        "Net Income Common Stockholders": NaN,
        "Net Income": NaN,
        "Net Income Including Noncontrolling Interests": NaN,
        "Net Income Continuous Operations": NaN,
        "Tax Provision": NaN,
        "Pretax Income": NaN,
        "Other Income Expense": NaN,
        "Other Non Operating Income Expenses": NaN,
        "Special Income Charges": NaN,
        "Other Special Charges": NaN,
        "Net Non Operating Interest Income Expense": NaN,
        "Interest Expense Non Operating": NaN,
        "Operating Income": NaN,
        "Operating Expense": NaN,
        "Other Taxes": NaN,
        "Depreciation Amortization Depletion Income Statement": NaN,
        "Depreciation And Amortization In Income Statement": NaN,
        "Selling General And Administration": NaN,
        "General And Administrative Expense": NaN,
        "Other Gand A": NaN,
        "Salaries And Wages": 240000.0,
        "Gross Profit": NaN,
        "Cost Of Revenue": NaN,
        "Total Revenue": NaN,
        "Operating Revenue": NaN
    },
    "2024-03-31": {
        "Tax Effect Of Unusual Items": NaN,
        "Tax Rate For Calcs": NaN,
        "Normalized EBITDA": NaN,
        "Total Unusual Items": NaN,
        "Total Unusual Items Excluding Goodwill": NaN,
        "Net Income From Continuing Operation Net Minority Interest": NaN,
        "Reconciled Depreciation": NaN,
        "Reconciled Cost Of Revenue": NaN,
        "EBITDA": NaN,
        "EBIT": NaN,
        "Net Interest Income": NaN,
        "Interest Expense": NaN,
        "Normalized Income": NaN,
        "Net Income From Continuing And Discontinued Operation": NaN,
        "Total Expenses": NaN,
        "Total Operating Income As Reported": NaN,
        "Diluted Average Shares": NaN,
        "Basic Average Shares": NaN,
        "Diluted EPS": NaN,
        "Basic EPS": NaN,
        "Diluted NI Availto Com Stockholders": NaN,
        "Net Income Common Stockholders": NaN,
        "Net Income": NaN,
        "Net Income Including Noncontrolling Interests": NaN,
        "Net Income Continuous Operations": NaN,
        "Tax Provision": NaN,
        "Pretax Income": NaN,
        "Other Income Expense": NaN,
        "Other Non Operating Income Expenses": NaN,
        "Special Income Charges": NaN,
        "Other Special Charges": NaN,
        "Net Non Operating Interest Income Expense": NaN,
        "Interest Expense Non Operating": NaN,
        "Operating Income": NaN,
        "Operating Expense": NaN,
        "Other Taxes": NaN,
        "Depreciation Amortization Depletion Income Statement": NaN,
        "Depreciation And Amortization In Income Statement": NaN,
        "Selling General And Administration": NaN,
        "General And Administrative Expense": NaN,
        "Other Gand A": NaN,
        "Salaries And Wages": 230000.0,
        "Gross Profit": NaN,
        "Cost Of Revenue": NaN,
        "Total Revenue": NaN,
        "Operating Revenue": NaN
    },
    "2024-06-30": {
        "Tax Effect Of Unusual Items": 32786.906057,
        "Tax Rate For Calcs": 0.094487,
        "Normalized EBITDA": 10617000.0,
        "Total Unusual Items": 347000.0,
        "Total Unusual Items Excluding Goodwill": 347000.0,
        "Net Income From Continuing Operation Net Minority Interest": 4993000.0,
        "Reconciled Depreciation": 3267000.0,
        "Reconciled Cost Of Revenue": 4862000.0,
        "EBITDA": 10964000.0,
        "EBIT": 7697000.0,
        "Net Interest Income": -2183000.0,
        "Interest Expense": 2183000.0,
        "Normalized Income": 4678786.906057,
        "Net Income From Continuing And Discontinued Operation": 4993000.0,
        "Total Expenses": 11688000.0,
        "Total Operating Income As Reported": 7062000.0,
        "Diluted Average Shares": 14340832.0,
        "Basic Average Shares": 14340575.0,
        "Diluted EPS": 0.35,
        "Basic EPS": 0.35,
        "Diluted NI Availto Com Stockholders": 4993000.0,
        "Net Income Common Stockholders": 4993000.0,
        "Net Income": 4993000.0,
        "Net Income Including Noncontrolling Interests": 4993000.0,
        "Net Income Continuous Operations": 4993000.0,
        "Tax Provision": 521000.0,
        "Pretax Income": 5514000.0,
        "Other Income Expense": 635000.0,
        "Other Non Operating Income Expenses": 288000.0,
        "Special Income Charges": 347000.0,
        "Other Special Charges": -347000.0,
        "Net Non Operating Interest Income Expense": -2183000.0,
        "Interest Expense Non Operating": 2183000.0,
        "Operating Income": 7062000.0,
        "Operating Expense": 6826000.0,
        "Other Taxes": 402000.0,
        "Depreciation Amortization Depletion Income Statement": 3267000.0,
        "Depreciation And Amortization In Income Statement": 3267000.0,
        "Selling General And Administration": 3157000.0,
        "General And Administrative Expense": 3157000.0,
        "Other Gand A": 3157000.0,
        "Salaries And Wages": -436000.0,
        "Gross Profit": 13888000.0,
        "Cost Of Revenue": 4862000.0,
        "Total Revenue": 18750000.0,
        "Operating Revenue": 18744000.0
    },
    "2024-09-30": {
        "Tax Effect Of Unusual Items": 17458.0,
        "Tax Rate For Calcs": 0.058,
        "Normalized EBITDA": 11460000.0,
        "Total Unusual Items": 301000.0,
        "Total Unusual Items Excluding Goodwill": 301000.0,
        "Net Income From Continuing Operation Net Minority Interest": 5863000.0,
        "Reconciled Depreciation": 3297000.0,
        "Reconciled Cost Of Revenue": 4961000.0,
        "EBITDA": 11761000.0,
        "EBIT": 8464000.0,
        "Net Interest Income": -2243000.0,
        "Interest Expense": 2243000.0,
        "Normalized Income": 5579458.0,
        "Net Income From Continuing And Discontinued Operation": 5863000.0,
        "Total Expenses": 11660000.0,
        "Total Operating Income As Reported": 8055000.0,
        "Diluted Average Shares": 14354842.0,
        "Basic Average Shares": 14354021.0,
        "Diluted EPS": 0.41,
        "Basic EPS": 0.41,
        "Diluted NI Availto Com Stockholders": 5863000.0,
        "Net Income Common Stockholders": 5863000.0,
        "Net Income": 5863000.0,
        "Net Income Including Noncontrolling Interests": 5863000.0,
        "Net Income Continuous Operations": 5863000.0,
        "Tax Provision": 358000.0,
        "Pretax Income": 6221000.0,
        "Other Income Expense": 409000.0,
        "Other Non Operating Income Expenses": 108000.0,
        "Special Income Charges": 301000.0,
        "Other Special Charges": -301000.0,
        "Net Non Operating Interest Income Expense": -2243000.0,
        "Interest Expense Non Operating": 2243000.0,
        "Operating Income": 8055000.0,
        "Operating Expense": 6699000.0,
        "Other Taxes": 389000.0,
        "Depreciation Amortization Depletion Income Statement": 3297000.0,
        "Depreciation And Amortization In Income Statement": 3297000.0,
        "Selling General And Administration": 3013000.0,
        "General And Administrative Expense": 3013000.0,
        "Other Gand A": 3013000.0,
        "Salaries And Wages": NaN,
        "Gross Profit": 14754000.0,
        "Cost Of Revenue": 4961000.0,
        "Total Revenue": 19715000.0,
        "Operating Revenue": 19709000.0
    },
    "2024-12-31": {
        "Tax Effect Of Unusual Items": 56700.0,
        "Tax Rate For Calcs": 0.21,
        "Normalized EBITDA": 10411000.0,
        "Total Unusual Items": 270000.0,
        "Total Unusual Items Excluding Goodwill": 270000.0,
        "Net Income From Continuing Operation Net Minority Interest": 5142000.0,
        "Reconciled Depreciation": 3315000.0,
        "Reconciled Cost Of Revenue": 5035000.0,
        "EBITDA": 10681000.0,
        "EBIT": 7366000.0,
        "Net Interest Income": -2355000.0,
        "Interest Expense": 2355000.0,
        "Normalized Income": 4928700.0,
        "Net Income From Continuing And Discontinued Operation": 5142000.0,
        "Total Expenses": 12157000.0,
        "Total Operating Income As Reported": 6709000.0,
        "Diluted Average Shares": 14366000.0,
        "Basic Average Shares": 14366000.0,
        "Diluted EPS": 0.36,
        "Basic EPS": 0.36,
        "Diluted NI Availto Com Stockholders": 5142000.0,
        "Net Income Common Stockholders": 5142000.0,
        "Net Income": 5142000.0,
        "Net Income Including Noncontrolling Interests": 5142000.0,
        "Net Income Continuous Operations": 5142000.0,
        "Tax Provision": -131000.0,
        "Pretax Income": 5011000.0,
        "Other Income Expense": 657000.0,
        "Other Non Operating Income Expenses": 387000.0,
        "Special Income Charges": 270000.0,
        "Other Special Charges": -270000.0,
        "Net Non Operating Interest Income Expense": -2355000.0,
        "Interest Expense Non Operating": 2355000.0,
        "Operating Income": 6709000.0,
        "Operating Expense": 7122000.0,
        "Other Taxes": 441000.0,
        "Depreciation Amortization Depletion Income Statement": 3315000.0,
        "Depreciation And Amortization In Income Statement": 3315000.0,
        "Selling General And Administration": 3366000.0,
        "General And Administrative Expense": 3366000.0,
        "Other Gand A": 3366000.0,
        "Salaries And Wages": NaN,
        "Gross Profit": 13831000.0,
        "Cost Of Revenue": 5035000.0,
        "Total Revenue": 18866000.0,
        "Operating Revenue": 18862000.0
    },
    "2025-03-31": {
        "Tax Effect Of Unusual Items": 21275.0,
        "Tax Rate For Calcs": 0.115,
        "Normalized EBITDA": 9908000.0,
        "Total Unusual Items": 185000.0,
        "Total Unusual Items Excluding Goodwill": 185000.0,
        "Net Income From Continuing Operation Net Minority Interest": 3638000.0,
        "Reconciled Depreciation": 3564000.0,
        "Reconciled Cost Of Revenue": 5211000.0,
        "EBITDA": 10093000.0,
        "EBIT": 6529000.0,
        "Net Interest Income": -2419000.0,
        "Interest Expense": 2419000.0,
        "Normalized Income": 3474275.0,
        "Net Income From Continuing And Discontinued Operation": 3638000.0,
        "Total Expenses": 12173000.0,
        "Total Operating Income As Reported": 6283000.0,
        "Diluted Average Shares": 14383204.0,
        "Basic Average Shares": 14380689.0,
        "Diluted EPS": 0.25,
        "Basic EPS": 0.25,
        "Diluted NI Availto Com Stockholders": 3638000.0,
        "Net Income Common Stockholders": 3638000.0,
        "Net Income": 3638000.0,
        "Net Income Including Noncontrolling Interests": 3638000.0,
        "Net Income Continuous Operations": 3638000.0,
        "Tax Provision": 472000.0,
        "Pretax Income": 4110000.0,
        "Other Income Expense": 246000.0,
        "Other Non Operating Income Expenses": 61000.0,
        "Special Income Charges": 185000.0,
        "Other Special Charges": -185000.0,
        "Net Non Operating Interest Income Expense": -2419000.0,
        "Interest Expense Non Operating": 2419000.0,
        "Operating Income": 6283000.0,
        "Operating Expense": 6962000.0,
        "Other Taxes": 475000.0,
        "Depreciation Amortization Depletion Income Statement": 3564000.0,
        "Depreciation And Amortization In Income Statement": 3564000.0,
        "Selling General And Administration": 2923000.0,
        "General And Administrative Expense": 2923000.0,
        "Other Gand A": 2923000.0,
        "Salaries And Wages": NaN,
        "Gross Profit": 13245000.0,
        "Cost Of Revenue": 5211000.0,
        "Total Revenue": 18456000.0,
        "Operating Revenue": 18446000.0
    },
    "2025-06-30": {
        "Tax Effect Of Unusual Items": 40110.0,
        "Tax Rate For Calcs": 0.21,
        "Normalized EBITDA": 10521000.0,
        "Total Unusual Items": 191000.0,
        "Total Unusual Items Excluding Goodwill": 191000.0,
        "Net Income From Continuing Operation Net Minority Interest": 5052000.0,
        "Reconciled Depreciation": 3506000.0,
        "Reconciled Cost Of Revenue": 4823000.0,
        "EBITDA": 10712000.0,
        "EBIT": 7206000.0,
        "Net Interest Income": -2521000.0,
        "Interest Expense": 2521000.0,
        "Normalized Income": 4901110.0,
        "Net Income From Continuing And Discontinued Operation": 5052000.0,
        "Total Expenses": 12113000.0,
        "Total Operating Income As Reported": 7086000.0,
        "Diluted Average Shares": 14396648.0,
        "Basic Average Shares": 14396648.0,
        "Diluted EPS": 0.35,
        "Basic EPS": 0.35,
        "Diluted NI Availto Com Stockholders": 5052000.0,
        "Net Income Common Stockholders": 5052000.0,
        "Net Income": 5052000.0,
        "Net Income Including Noncontrolling Interests": 5052000.0,
        "Net Income Continuous Operations": 5052000.0,
        "Tax Provision": -367000.0,
        "Pretax Income": 4685000.0,
        "Other Income Expense": 120000.0,
        "Other Non Operating Income Expenses": -71000.0,
        "Special Income Charges": 191000.0,
        "Other Special Charges": -191000.0,
        "Net Non Operating Interest Income Expense": -2521000.0,
        "Interest Expense Non Operating": 2521000.0,
        "Operating Income": 7086000.0,
        "Operating Expense": 7290000.0,
        "Other Taxes": 446000.0,
        "Depreciation Amortization Depletion Income Statement": 3506000.0,
        "Depreciation And Amortization In Income Statement": 3506000.0,
        "Selling General And Administration": 3338000.0,
        "General And Administrative Expense": 3338000.0,
        "Other Gand A": 3338000.0,
        "Salaries And Wages": NaN,
        "Gross Profit": 14376000.0,
        "Cost Of Revenue": 4823000.0,
        "Total Revenue": 19199000.0,
        "Operating Revenue": 19180000.0
    }
}