{
    "2023-03-31": {
        "Tax Effect Of Unusual Items": NaN,
        "Tax Rate For Calcs": NaN,
        "Normalized EBITDA": NaN,
        "Net Income From Continuing Operation Net Minority Interest": NaN,
        "Reconciled Cost Of Revenue": NaN,
        "EBITDA": NaN,
        "EBIT": NaN,
        "Net Interest Income": NaN,
        "Interest Income": 14519000.0,
        "Normalized Income": NaN,
        "Net Income From Continuing And Discontinued Operation": NaN,
        "Total Expenses": NaN,
        "Diluted Average Shares": NaN,
        "Basic Average Shares": NaN,
        "Diluted EPS": NaN,
        "Basic EPS": NaN,
        "Diluted NI Availto Com Stockholders": NaN,
        "Net Income Common Stockholders": NaN,
        "Net Income": NaN,
        "Net Income Including Noncontrolling Interests": NaN,
        "Net Income Continuous Operations": NaN,
        "Tax Provision": NaN,
        "Pretax Income": NaN,
        "Other Income Expense": NaN,
        "Other Non Operating Income Expenses": NaN,
        "Earnings From Equity Interest": NaN,
        "Net Non Operating Interest Income Expense": NaN,
        "Total Other Finance Cost": NaN,
        "Interest Income Non Operating": 14519000.0,
        "Operating Income": NaN,
        "Operating Expense": NaN,
        "Other Operating Expenses": NaN,
        "Provision For Doubtful Accounts": 39406000.0,
        "Research And Development": NaN,
        "Selling General And Administration": NaN,
        "Selling And Marketing Expense": NaN,
        "General And Administrative Expense": NaN,
        "Other Gand A": NaN,
        "Gross Profit": NaN,
        "Cost Of Revenue": NaN,
        "Total Revenue": NaN,
        "Operating Revenue": NaN
    },
    "2022-12-31": {
        "Tax Effect Of Unusual Items": NaN,
        "Tax Rate For Calcs": NaN,
        "Normalized EBITDA": NaN,
        "Net Income From Continuing Operation Net Minority Interest": NaN,
        "Reconciled Cost Of Revenue": NaN,
        "EBITDA": NaN,
        "EBIT": NaN,
        "Net Interest Income": NaN,
        "Interest Income": NaN,
        "Normalized Income": NaN,
        "Net Income From Continuing And Discontinued Operation": NaN,
        "Total Expenses": NaN,
        "Diluted Average Shares": NaN,
        "Basic Average Shares": NaN,
        "Diluted EPS": NaN,
        "Basic EPS": NaN,
        "Diluted NI Availto Com Stockholders": NaN,
        "Net Income Common Stockholders": NaN,
        "Net Income": NaN,
        "Net Income Including Noncontrolling Interests": NaN,
        "Net Income Continuous Operations": NaN,
        "Tax Provision": NaN,
        "Pretax Income": NaN,
        "Other Income Expense": NaN,
        "Other Non Operating Income Expenses": NaN,
        "Earnings From Equity Interest": NaN,
        "Net Non Operating Interest Income Expense": NaN,
        "Total Other Finance Cost": NaN,
        "Interest Income Non Operating": NaN,
        "Operating Income": NaN,
        "Operating Expense": NaN,
        "Other Operating Expenses": NaN,
        "Provision For Doubtful Accounts": 55747000.0,
        "Research And Development": NaN,
        "Selling General And Administration": NaN,
        "Selling And Marketing Expense": NaN,
        "General And Administrative Expense": NaN,
        "Other Gand A": NaN,
        "Gross Profit": NaN,
        "Cost Of Revenue": NaN,
        "Total Revenue": NaN,
        "Operating Revenue": NaN
    },
    "2022-09-30": {
        "Tax Effect Of Unusual Items": NaN,
        "Tax Rate For Calcs": NaN,
        "Normalized EBITDA": NaN,
        "Net Income From Continuing Operation Net Minority Interest": NaN,
        "Reconciled Cost Of Revenue": NaN,
        "EBITDA": NaN,
        "EBIT": NaN,
        "Net Interest Income": NaN,
        "Interest Expense": 378000.0,
        "Interest Income": NaN,
        "Normalized Income": NaN,
        "Net Income From Continuing And Discontinued Operation": NaN,
        "Total Expenses": NaN,
        "Diluted Average Shares": NaN,
        "Basic Average Shares": NaN,
        "Diluted EPS": NaN,
        "Basic EPS": NaN,
        "Diluted NI Availto Com Stockholders": NaN,
        "Net Income Common Stockholders": NaN,
        "Net Income": NaN,
        "Net Income Including Noncontrolling Interests": NaN,
        "Net Income Continuous Operations": NaN,
        "Tax Provision": NaN,
        "Pretax Income": NaN,
        "Other Income Expense": NaN,
        "Other Non Operating Income Expenses": NaN,
        "Earnings From Equity Interest": NaN,
        "Net Non Operating Interest Income Expense": NaN,
        "Total Other Finance Cost": 378000.0,
        "Interest Expense Non Operating": 378000.0,
        "Interest Income Non Operating": NaN,
        "Operating Income": NaN,
        "Operating Expense": NaN,
        "Other Operating Expenses": NaN,
        "Provision For Doubtful Accounts": NaN,
        "Research And Development": 33422000.0,
        "Selling General And Administration": NaN,
        "Selling And Marketing Expense": NaN,
        "General And Administrative Expense": NaN,
        "Other Gand A": NaN,
        "Gross Profit": NaN,
        "Cost Of Revenue": NaN,
        "Total Revenue": NaN,
        "Operating Revenue": NaN
    },
    "2022-06-30": {
        "Tax Effect Of Unusual Items": 0.0,
        "Tax Rate For Calcs": 0.14213,
        "Normalized EBITDA": 312620000.0,
        "Net Income From Continuing Operation Net Minority Interest": 254488000.0,
        "Reconciled Cost Of Revenue": 188687000.0,
        "EBITDA": 312620000.0,
        "EBIT": 312620000.0,
        "Net Interest Income": -3790000.0,
        "Interest Expense": NaN,
        "Normalized Income": 254488000.0,
        "Net Income From Continuing And Discontinued Operation": 254488000.0,
        "Total Expenses": 524184000.0,
        "Diluted Average Shares": 85435616.0,
        "Basic Average Shares": 85004326.0,
        "Diluted EPS": 2.9788,
        "Basic EPS": 2.9938,
        "Diluted NI Availto Com Stockholders": 254488000.0,
        "Net Income Common Stockholders": 254488000.0,
        "Net Income": 254488000.0,
        "Net Income Including Noncontrolling Interests": 254488000.0,
        "Net Income Continuous Operations": 254488000.0,
        "Tax Provision": 42163000.0,
        "Pretax Income": 296651000.0,
        "Other Income Expense": 23501000.0,
        "Other Non Operating Income Expenses": 8481000.0,
        "Earnings From Equity Interest": 15020000.0,
        "Net Non Operating Interest Income Expense": -3790000.0,
        "Total Other Finance Cost": 3790000.0,
        "Interest Expense Non Operating": NaN,
        "Operating Income": 276940000.0,
        "Operating Expense": 335497000.0,
        "Other Operating Expenses": 65575000.0,
        "Selling General And Administration": 269922000.0,
        "Selling And Marketing Expense": 157958000.0,
        "General And Administrative Expense": 111964000.0,
        "Other Gand A": 111964000.0,
        "Gross Profit": 612437000.0,
        "Cost Of Revenue": 188687000.0,
        "Total Revenue": 801124000.0,
        "Operating Revenue": 667113000.0
    },
    "2021-12-31": {
        "Diluted EPS": 0.63,
        "Total Revenue": 169,
        "Gross Profit": 134,
        "Operating Income": 54,
        "EBIT": 54,
        "Net Income": 54
    },
    "2021-09-30": {
        "Diluted EPS": 0.58,
        "Total Revenue": 191,
        "Gross Profit": 162,
        "Operating Income": 64,
        "EBIT": 64,
        "Net Income": 50
    },
    "2021-06-30": {
        "Diluted EPS": 0.37,
        "Total Revenue": 174,
        "Gross Profit": 146,
        "Operating Income": 44,
        "EBIT": 44,
        "Net Income": 31
    },
    "2021-03-31": {
        "Diluted EPS": 0.33,
        "Total Revenue": 168,
        "Gross Profit": 141,
        "Operating Income": 40,
        "EBIT": 40,
        "Net Income": 28
    },
    "2020-12-31": {
        "Diluted EPS": -0.98,
        "Total Revenue": 205,
        "Gross Profit": 109,
        "Operating Income": 11,
        "EBIT": 11,
        "Net Income": -88
    },
    "2020-09-30": {
        "Diluted EPS": 0.13,
        "Total Revenue": 151,
        "Gross Profit": 115,
        "Operating Income": 17,
        "EBIT": 17,
        "Net Income": 12
    },
    "2020-06-30": {
        "Diluted EPS": -0.35,
        "Total Revenue": 107,
        "Gross Profit": 83,
        "Operating Income": -37,
        "EBIT": -37,
        "Net Income": -33
    },
    "2020-03-31": {
        "Diluted EPS": 0.03,
        "Total Revenue": 145,
        "Gross Profit": 130,
        "Operating Income": 2,
        "EBIT": 2,
        "Net Income": 3
    },
    "2019-12-31": {
        "Diluted EPS": 0.61,
        "Total Revenue": 332,
        "Gross Profit": 308,
        "Operating Income": 73,
        "EBIT": 73,
        "Net Income": 57
    },
    "2019-09-30": {
        "Diluted EPS": 0.34,
        "Total Revenue": 288,
        "Gross Profit": 266,
        "Operating Income": 32,
        "EBIT": 32,
        "Net Income": 32
    },
    "2019-06-30": {
        "Diluted EPS": 0.24,
        "Total Revenue": 323,
        "Gross Profit": 299,
        "Operating Income": 25,
        "EBIT": 25,
        "Net Income": 23
    },
    "2019-03-31": {
        "Diluted EPS": 0.59,
        "Total Revenue": 295,
        "Gross Profit": 269,
        "Operating Income": 34,
        "EBIT": 34,
        "Net Income": 55
    },
    "2018-12-31": {
        "Diluted EPS": 0.69,
        "Total Revenue": 171,
        "Gross Profit": 145,
        "Operating Income": 43,
        "EBIT": 43,
        "Net Income": 43
    },
    "2018-09-30": {
        "Diluted EPS": 0.35,
        "Total Revenue": 163,
        "Gross Profit": 141,
        "Operating Income": 51,
        "EBIT": 51,
        "Net Income": 22
    },
    "2018-06-30": {
        "Diluted EPS": 0.5,
        "Total Revenue": 230,
        "Gross Profit": 207,
        "Operating Income": 37,
        "EBIT": 37,
        "Net Income": 31
    },
    "2018-03-31": {
        "Diluted EPS": 0.72,
        "Total Revenue": 254,
        "Gross Profit": 231,
        "Operating Income": 53,
        "EBIT": 53,
        "Net Income": 44
    },
    "2017-12-31": {
        "Diluted EPS": 1.21,
        "Total Revenue": 302,
        "Gross Profit": 277,
        "Operating Income": 89,
        "EBIT": 89,
        "Net Income": 75
    },
    "2017-09-30": {
        "Diluted EPS": 0.74,
        "Total Revenue": 228,
        "Gross Profit": 210,
        "Operating Income": 57,
        "EBIT": 57,
        "Net Income": 46
    },
    "2017-06-30": {
        "Diluted EPS": 0.66,
        "Total Revenue": 175,
        "Gross Profit": 161,
        "Operating Income": 55,
        "EBIT": 55,
        "Net Income": 40
    },
    "2017-03-31": {
        "Diluted EPS": 0.84,
        "Total Revenue": 148,
        "Gross Profit": 140,
        "Operating Income": 57,
        "EBIT": 57,
        "Net Income": 51
    },
    "2016-12-31": {
        "Diluted EPS": 0.84,
        "Total Revenue": 139,
        "Gross Profit": 135,
        "Operating Income": 55,
        "EBIT": 55,
        "Net Income": 50
    },
    "2016-09-30": {
        "Diluted EPS": 0.85,
        "Total Revenue": 131,
        "Gross Profit": 122,
        "Operating Income": 30,
        "EBIT": 30,
        "Net Income": 52
    },
    "2016-06-30": {
        "Diluted EPS": 0.67,
        "Total Revenue": 110,
        "Gross Profit": 104,
        "Operating Income": 40,
        "EBIT": 40,
        "Net Income": 39
    },
    "2016-03-31": {
        "Diluted EPS": 0.34,
        "Total Revenue": 85,
        "Gross Profit": 79,
        "Operating Income": 31,
        "EBIT": 31,
        "Net Income": 20
    },
    "2015-12-31": {
        "Diluted EPS": 0.25,
        "Total Revenue": 71,
        "Gross Profit": 71,
        "Operating Income": 71,
        "EBIT": 71,
        "Net Income": 13
    },
    "2015-09-30": {
        "Diluted EPS": 0.27,
        "Total Revenue": 59,
        "Gross Profit": 59,
        "Operating Income": 59,
        "EBIT": 59,
        "Net Income": 13
    },
    "2015-06-30": {
        "Diluted EPS": 0.26,
        "Total Revenue": 50,
        "Gross Profit": 50,
        "Operating Income": 50,
        "EBIT": 50,
        "Net Income": 13
    },
    "2015-03-31": {
        "Diluted EPS": 0.09,
        "Total Revenue": 30,
        "Gross Profit": 30,
        "Operating Income": 30,
        "EBIT": 30,
        "Net Income": 4
    },
    "2014-12-31": {
        "Diluted EPS": 0.0,
        "Total Revenue": NaN,
        "Gross Profit": NaN,
        "Operating Income": NaN,
        "EBIT": NaN,
        "Net Income": NaN
    },
    "2013-12-31": {
        "Diluted EPS": 0.0,
        "Total Revenue": NaN,
        "Gross Profit": NaN,
        "Operating Income": NaN,
        "EBIT": NaN,
        "Net Income": NaN
    },
    "2023-06-30": {
        "Tax Effect Of Unusual Items": NaN,
        "Tax Rate For Calcs": NaN,
        "Normalized EBITDA": NaN,
        "Net Income From Continuing Operation Net Minority Interest": NaN,
        "Reconciled Cost Of Revenue": NaN,
        "EBITDA": NaN,
        "EBIT": NaN,
        "Net Interest Income": NaN,
        "Interest Income": NaN,
        "Normalized Income": NaN,
        "Net Income From Continuing And Discontinued Operation": NaN,
        "Total Expenses": NaN,
        "Diluted Average Shares": NaN,
        "Basic Average Shares": NaN,
        "Diluted EPS": NaN,
        "Basic EPS": NaN,
        "Diluted NI Availto Com Stockholders": NaN,
        "Net Income Common Stockholders": NaN,
        "Net Income": NaN,
        "Net Income Including Noncontrolling Interests": NaN,
        "Net Income Continuous Operations": NaN,
        "Tax Provision": NaN,
        "Pretax Income": NaN,
        "Other Income Expense": NaN,
        "Other Non Operating Income Expenses": NaN,
        "Earnings From Equity Interest": -17470000.0,
        "Net Non Operating Interest Income Expense": NaN,
        "Total Other Finance Cost": -10535000.0,
        "Interest Income Non Operating": NaN,
        "Operating Income": NaN,
        "Operating Expense": NaN,
        "Other Operating Expenses": 60840000.0,
        "Provision For Doubtful Accounts": NaN,
        "Research And Development": NaN,
        "Selling General And Administration": NaN,
        "Selling And Marketing Expense": NaN,
        "General And Administrative Expense": NaN,
        "Other Gand A": NaN,
        "Gross Profit": NaN,
        "Cost Of Revenue": NaN,
        "Total Revenue": NaN,
        "Operating Revenue": NaN
    },
    "2023-09-30": {
        "Tax Effect Of Unusual Items": NaN,
        "Tax Rate For Calcs": NaN,
        "Normalized EBITDA": NaN,
        "Net Income From Continuing Operation Net Minority Interest": NaN,
        "Reconciled Cost Of Revenue": NaN,
        "EBITDA": NaN,
        "EBIT": NaN,
        "Net Interest Income": NaN,
        "Interest Income": NaN,
        "Normalized Income": NaN,
        "Net Income From Continuing And Discontinued Operation": NaN,
        "Total Expenses": NaN,
        "Diluted Average Shares": NaN,
        "Basic Average Shares": NaN,
        "Diluted EPS": NaN,
        "Basic EPS": NaN,
        "Diluted NI Availto Com Stockholders": NaN,
        "Net Income Common Stockholders": NaN,
        "Net Income": NaN,
        "Net Income Including Noncontrolling Interests": NaN,
        "Net Income Continuous Operations": NaN,
        "Earnings From Equity Interest Net Of Tax": NaN,
        "Tax Provision": NaN,
        "Pretax Income": NaN,
        "Other Income Expense": NaN,
        "Other Non Operating Income Expenses": NaN,
        "Earnings From Equity Interest": -8104000.0,
        "Net Non Operating Interest Income Expense": NaN,
        "Total Other Finance Cost": -25815000.0,
        "Interest Income Non Operating": NaN,
        "Operating Income": NaN,
        "Operating Expense": NaN,
        "Other Operating Expenses": NaN,
        "Provision For Doubtful Accounts": NaN,
        "Research And Development": NaN,
        "Selling General And Administration": NaN,
        "Selling And Marketing Expense": NaN,
        "General And Administrative Expense": NaN,
        "Other Gand A": NaN,
        "Gross Profit": NaN,
        "Cost Of Revenue": NaN,
        "Total Revenue": NaN,
        "Operating Revenue": NaN
    },
    "2023-12-31": {
        "Tax Effect Of Unusual Items": NaN,
        "Tax Rate For Calcs": NaN,
        "Normalized EBITDA": NaN,
        "Total Unusual Items": NaN,
        "Total Unusual Items Excluding Goodwill": NaN,
        "Net Income From Continuing Operation Net Minority Interest": NaN,
        "Reconciled Cost Of Revenue": NaN,
        "EBITDA": NaN,
        "EBIT": NaN,
        "Net Interest Income": NaN,
        "Interest Income": NaN,
        "Normalized Income": NaN,
        "Net Income From Continuing And Discontinued Operation": NaN,
        "Total Expenses": NaN,
        "Diluted Average Shares": NaN,
        "Basic Average Shares": NaN,
        "Diluted EPS": NaN,
        "Basic EPS": NaN,
        "Diluted NI Availto Com Stockholders": NaN,
        "Net Income Common Stockholders": NaN,
        "Net Income": NaN,
        "Net Income Including Noncontrolling Interests": NaN,
        "Net Income Continuous Operations": NaN,
        "Earnings From Equity Interest Net Of Tax": NaN,
        "Tax Provision": NaN,
        "Pretax Income": NaN,
        "Other Income Expense": NaN,
        "Other Non Operating Income Expenses": NaN,
        "Earnings From Equity Interest": NaN,
        "Gain On Sale Of Security": NaN,
        "Net Non Operating Interest Income Expense": NaN,
        "Total Other Finance Cost": -29880000.0,
        "Interest Income Non Operating": NaN,
        "Operating Income": NaN,
        "Operating Expense": NaN,
        "Other Operating Expenses": NaN,
        "Provision For Doubtful Accounts": 98686000.0,
        "Research And Development": NaN,
        "Selling General And Administration": NaN,
        "Selling And Marketing Expense": NaN,
        "General And Administrative Expense": NaN,
        "Other Gand A": NaN,
        "Gross Profit": NaN,
        "Cost Of Revenue": NaN,
        "Total Revenue": NaN,
        "Operating Revenue": NaN
    },
    "2024-03-31": {
        "Tax Effect Of Unusual Items": NaN,
        "Tax Rate For Calcs": NaN,
        "Normalized EBITDA": NaN,
        "Total Unusual Items": NaN,
        "Total Unusual Items Excluding Goodwill": NaN,
        "Net Income From Continuing Operation Net Minority Interest": NaN,
        "Reconciled Cost Of Revenue": NaN,
        "EBITDA": NaN,
        "EBIT": NaN,
        "Net Interest Income": 27713000.0,
        "Interest Income": 27713000.0,
        "Normalized Income": NaN,
        "Net Income From Continuing And Discontinued Operation": NaN,
        "Total Expenses": NaN,
        "Diluted Average Shares": NaN,
        "Basic Average Shares": NaN,
        "Diluted EPS": NaN,
        "Basic EPS": NaN,
        "Diluted NI Availto Com Stockholders": NaN,
        "Net Income Common Stockholders": NaN,
        "Net Income": NaN,
        "Net Income Including Noncontrolling Interests": NaN,
        "Net Income Continuous Operations": NaN,
        "Earnings From Equity Interest Net Of Tax": NaN,
        "Tax Provision": NaN,
        "Pretax Income": NaN,
        "Other Income Expense": NaN,
        "Other Non Operating Income Expenses": NaN,
        "Earnings From Equity Interest": 15468000.0,
        "Gain On Sale Of Security": NaN,
        "Net Non Operating Interest Income Expense": 27713000.0,
        "Total Other Finance Cost": NaN,
        "Interest Income Non Operating": 27713000.0,
        "Operating Income": NaN,
        "Operating Expense": NaN,
        "Other Operating Expenses": NaN,
        "Provision For Doubtful Accounts": 102334000.0,
        "Research And Development": NaN,
        "Selling General And Administration": NaN,
        "Selling And Marketing Expense": NaN,
        "General And Administrative Expense": NaN,
        "Other Gand A": NaN,
        "Gross Profit": NaN,
        "Cost Of Revenue": NaN,
        "Total Revenue": NaN,
        "Operating Revenue": NaN
    },
    "2024-06-30": {
        "Tax Effect Of Unusual Items": NaN,
        "Tax Rate For Calcs": NaN,
        "Normalized EBITDA": NaN,
        "Total Unusual Items": NaN,
        "Total Unusual Items Excluding Goodwill": NaN,
        "Net Income From Continuing Operation Net Minority Interest": NaN,
        "Reconciled Cost Of Revenue": NaN,
        "EBITDA": NaN,
        "EBIT": NaN,
        "Net Interest Income": 24668000.0,
        "Interest Income": NaN,
        "Normalized Income": NaN,
        "Net Income From Continuing And Discontinued Operation": NaN,
        "Total Expenses": NaN,
        "Diluted Average Shares": NaN,
        "Basic Average Shares": NaN,
        "Diluted EPS": NaN,
        "Basic EPS": NaN,
        "Diluted NI Availto Com Stockholders": NaN,
        "Net Income Common Stockholders": NaN,
        "Net Income": NaN,
        "Net Income Including Noncontrolling Interests": NaN,
        "Net Income Continuous Operations": NaN,
        "Earnings From Equity Interest Net Of Tax": 0.0,
        "Tax Provision": NaN,
        "Pretax Income": NaN,
        "Other Income Expense": NaN,
        "Other Non Operating Income Expenses": NaN,
        "Earnings From Equity Interest": 38706000.0,
        "Gain On Sale Of Security": NaN,
        "Net Non Operating Interest Income Expense": 24668000.0,
        "Total Other Finance Cost": -24668000.0,
        "Interest Income Non Operating": NaN,
        "Operating Income": NaN,
        "Operating Expense": NaN,
        "Other Operating Expenses": NaN,
        "Provision For Doubtful Accounts": NaN,
        "Research And Development": NaN,
        "Selling General And Administration": NaN,
        "Selling And Marketing Expense": NaN,
        "General And Administrative Expense": NaN,
        "Other Gand A": NaN,
        "Gross Profit": NaN,
        "Cost Of Revenue": NaN,
        "Total Revenue": NaN,
        "Operating Revenue": NaN
    },
    "2024-09-30": {
        "Tax Effect Of Unusual Items": 4188903.118416,
        "Tax Rate For Calcs": 0.111633,
        "Normalized EBITDA": 322524000.0,
        "Total Unusual Items": 37524000.0,
        "Total Unusual Items Excluding Goodwill": 37524000.0,
        "Net Income From Continuing Operation Net Minority Interest": 355442000.0,
        "Reconciled Cost Of Revenue": 205913000.0,
        "EBITDA": 360048000.0,
        "EBIT": 360048000.0,
        "Net Interest Income": 21877000.0,
        "Interest Income": NaN,
        "Normalized Income": 322106903.118416,
        "Net Income From Continuing And Discontinued Operation": 355442000.0,
        "Total Expenses": 1139816000.0,
        "Diluted Average Shares": 88017662.0,
        "Basic Average Shares": 87509322.0,
        "Diluted EPS": 4.0384,
        "Basic EPS": 4.0618,
        "Diluted NI Availto Com Stockholders": 355442000.0,
        "Net Income Common Stockholders": 355442000.0,
        "Net Income": 355442000.0,
        "Net Income Including Noncontrolling Interests": 355442000.0,
        "Net Income Continuous Operations": 355442000.0,
        "Earnings From Equity Interest Net Of Tax": 0.0,
        "Tax Provision": 44665000.0,
        "Pretax Income": 400107000.0,
        "Other Income Expense": 40059000.0,
        "Other Non Operating Income Expenses": 2535000.0,
        "Earnings From Equity Interest": 36423000.0,
        "Gain On Sale Of Security": 37524000.0,
        "Net Non Operating Interest Income Expense": 21877000.0,
        "Total Other Finance Cost": -21877000.0,
        "Interest Income Non Operating": NaN,
        "Operating Income": 360048000.0,
        "Operating Expense": 933903000.0,
        "Other Operating Expenses": 272406000.0,
        "Provision For Doubtful Accounts": 94913000.0,
        "Research And Development": 150840000.0,
        "Selling General And Administration": 415744000.0,
        "Selling And Marketing Expense": 335647000.0,
        "General And Administrative Expense": 80097000.0,
        "Other Gand A": 80097000.0,
        "Gross Profit": 1293951000.0,
        "Cost Of Revenue": 205913000.0,
        "Total Revenue": 1499864000.0,
        "Operating Revenue": 1423186000.0
    },
    "2024-12-31": {
        "Tax Effect Of Unusual Items": 529027.198851,
        "Tax Rate For Calcs": 0.031239,
        "Normalized EBITDA": 278852000.0,
        "Total Unusual Items": 16935000.0,
        "Total Unusual Items Excluding Goodwill": 16935000.0,
        "Net Income From Continuing Operation Net Minority Interest": 331446000.0,
        "Reconciled Cost Of Revenue": 197232000.0,
        "EBITDA": 295787000.0,
        "EBIT": 295787000.0,
        "Net Interest Income": 31219000.0,
        "Interest Income": NaN,
        "Normalized Income": 315040027.198851,
        "Net Income From Continuing And Discontinued Operation": 331446000.0,
        "Total Expenses": 1156406000.0,
        "Diluted Average Shares": 86863943.0,
        "Basic Average Shares": 86361822.0,
        "Diluted EPS": 3.8156,
        "Basic EPS": 3.8378,
        "Diluted NI Availto Com Stockholders": 331446000.0,
        "Net Income Common Stockholders": 331446000.0,
        "Net Income": 331446000.0,
        "Net Income Including Noncontrolling Interests": 331446000.0,
        "Net Income Continuous Operations": 331446000.0,
        "Earnings From Equity Interest Net Of Tax": NaN,
        "Tax Provision": 10702000.0,
        "Pretax Income": 342588000.0,
        "Other Income Expense": 15582000.0,
        "Other Non Operating Income Expenses": -1353000.0,
        "Earnings From Equity Interest": NaN,
        "Gain On Sale Of Security": 16935000.0,
        "Net Non Operating Interest Income Expense": 31219000.0,
        "Total Other Finance Cost": -31219000.0,
        "Interest Income Non Operating": NaN,
        "Operating Income": 295787000.0,
        "Operating Expense": 959174000.0,
        "Other Operating Expenses": 250691000.0,
        "Provision For Doubtful Accounts": 203090000.0,
        "Research And Development": 164703000.0,
        "Selling General And Administration": 340690000.0,
        "Selling And Marketing Expense": 298458000.0,
        "General And Administrative Expense": 42232000.0,
        "Other Gand A": 42232000.0,
        "Gross Profit": 1254961000.0,
        "Cost Of Revenue": 197232000.0,
        "Total Revenue": 1452193000.0,
        "Operating Revenue": 1387519000.0
    },
    "2025-03-31": {
        "Tax Effect Of Unusual Items": -5613433.398666,
        "Tax Rate For Calcs": 0.09616,
        "Normalized EBITDA": 365853000.0,
        "Total Unusual Items": -58376000.0,
        "Total Unusual Items Excluding Goodwill": -58376000.0,
        "Net Income From Continuing Operation Net Minority Interest": 247506000.0,
        "Reconciled Cost Of Revenue": 224738000.0,
        "EBITDA": 307477000.0,
        "EBIT": 307477000.0,
        "Net Interest Income": 24206000.0,
        "Interest Income": 24206000.0,
        "Normalized Income": 300268566.601334,
        "Net Income From Continuing And Discontinued Operation": 247506000.0,
        "Total Expenses": 1247049000.0,
        "Diluted Average Shares": 86967874.0,
        "Basic Average Shares": 86400138.0,
        "Diluted EPS": 2.846,
        "Basic EPS": 2.8646,
        "Diluted NI Availto Com Stockholders": 247506000.0,
        "Net Income Common Stockholders": 247506000.0,
        "Net Income": 247506000.0,
        "Net Income Including Noncontrolling Interests": 247506000.0,
        "Net Income Continuous Operations": 247506000.0,
        "Earnings From Equity Interest Net Of Tax": -129000.0,
        "Tax Provision": 26346000.0,
        "Pretax Income": 273981000.0,
        "Other Income Expense": -57702000.0,
        "Other Non Operating Income Expenses": 674000.0,
        "Earnings From Equity Interest": -58376000.0,
        "Gain On Sale Of Security": -58376000.0,
        "Net Non Operating Interest Income Expense": 24206000.0,
        "Total Other Finance Cost": NaN,
        "Interest Income Non Operating": 24206000.0,
        "Operating Income": 307477000.0,
        "Operating Expense": 1022311000.0,
        "Other Operating Expenses": 410763000.0,
        "Provision For Doubtful Accounts": 152805000.0,
        "Research And Development": 85954000.0,
        "Selling General And Administration": 372789000.0,
        "Selling And Marketing Expense": 276952000.0,
        "General And Administrative Expense": 95837000.0,
        "Other Gand A": 95837000.0,
        "Gross Profit": 1329788000.0,
        "Cost Of Revenue": 224738000.0,
        "Total Revenue": 1554526000.0,
        "Operating Revenue": 1359956000.0
    },
    "2025-06-30": {
        "Tax Effect Of Unusual Items": 4539435.786947,
        "Tax Rate For Calcs": 0.15,
        "Normalized EBITDA": 351238000.0,
        "Total Unusual Items": 30263000.0,
        "Total Unusual Items Excluding Goodwill": 30263000.0,
        "Net Income From Continuing Operation Net Minority Interest": 357540000.0,
        "Reconciled Cost Of Revenue": 160859000.0,
        "EBITDA": 381501000.0,
        "EBIT": 381501000.0,
        "Net Interest Income": NaN,
        "Interest Income": NaN,
        "Normalized Income": 331816435.786947,
        "Net Income From Continuing And Discontinued Operation": 357540000.0,
        "Total Expenses": 1292952000.0,
        "Diluted Average Shares": 87051322.0,
        "Basic Average Shares": 86453896.0,
        "Diluted EPS": 4.1072,
        "Basic EPS": 4.1356,
        "Diluted NI Availto Com Stockholders": 357540000.0,
        "Net Income Common Stockholders": 357540000.0,
        "Net Income": 357540000.0,
        "Net Income Including Noncontrolling Interests": 357540000.0,
        "Net Income Continuous Operations": 357540000.0,
        "Earnings From Equity Interest Net Of Tax": -4431000.0,
        "Tax Provision": 63877000.0,
        "Pretax Income": 425848000.0,
        "Other Income Expense": 44347000.0,
        "Other Non Operating Income Expenses": 14084000.0,
        "Earnings From Equity Interest": NaN,
        "Gain On Sale Of Security": 30263000.0,
        "Net Non Operating Interest Income Expense": NaN,
        "Total Other Finance Cost": NaN,
        "Interest Income Non Operating": NaN,
        "Operating Income": 381501000.0,
        "Operating Expense": 1132093000.0,
        "Other Operating Expenses": 600372000.0,
        "Provision For Doubtful Accounts": NaN,
        "Research And Development": 107693000.0,
        "Selling General And Administration": 424028000.0,
        "Selling And Marketing Expense": 345166000.0,
        "General And Administrative Expense": 78862000.0,
        "Other Gand A": 78862000.0,
        "Gross Profit": 1513594000.0,
        "Cost Of Revenue": 160859000.0,
        "Total Revenue": 1674453000.0,
        "Operating Revenue": 1442262000.0
    },
    "2025-09-30": {
        "Tax Effect Of Unusual Items": 24767629.06955,
        "Tax Rate For Calcs": 0.149999,
        "Normalized EBITDA": 42808000.0,
        "Total Unusual Items": 165119000.0,
        "Total Unusual Items Excluding Goodwill": 165119000.0,
        "Net Income From Continuing Operation Net Minority Interest": 317637000.0,
        "Reconciled Cost Of Revenue": 149911000.0,
        "EBITDA": 207927000.0,
        "EBIT": 207927000.0,
        "Net Interest Income": NaN,
        "Interest Income": NaN,
        "Normalized Income": 177285629.06955,
        "Net Income From Continuing And Discontinued Operation": 317637000.0,
        "Total Expenses": 1366741000.0,
        "Diluted Average Shares": 87576644.0,
        "Basic Average Shares": 87089949.0,
        "Diluted EPS": 3.627,
        "Basic EPS": 3.6472,
        "Diluted NI Availto Com Stockholders": 317637000.0,
        "Net Income Common Stockholders": 317637000.0,
        "Net Income": 317637000.0,
        "Net Income Including Noncontrolling Interests": 317637000.0,
        "Net Income Continuous Operations": 317637000.0,
        "Earnings From Equity Interest Net Of Tax": 0.0,
        "Tax Provision": 56053000.0,
        "Pretax Income": 373690000.0,
        "Other Income Expense": 165763000.0,
        "Other Non Operating Income Expenses": 644000.0,
        "Earnings From Equity Interest": NaN,
        "Gain On Sale Of Security": 165119000.0,
        "Net Non Operating Interest Income Expense": NaN,
        "Total Other Finance Cost": NaN,
        "Interest Income Non Operating": NaN,
        "Operating Income": 207927000.0,
        "Operating Expense": 1216830000.0,
        "Other Operating Expenses": 459783000.0,
        "Provision For Doubtful Accounts": 229355000.0,
        "Research And Development": 91514000.0,
        "Selling General And Administration": 436178000.0,
        "Selling And Marketing Expense": 331758000.0,
        "General And Administrative Expense": 104420000.0,
        "Other Gand A": 104420000.0,
        "Gross Profit": 1424757000.0,
        "Cost Of Revenue": 149911000.0,
        "Total Revenue": 1574668000.0,
        "Operating Revenue": 1277176000.0
    }
}