{
    "2023-03-31": {
        "Tax Effect Of Unusual Items": NaN,
        "Tax Rate For Calcs": NaN,
        "Normalized EBITDA": NaN,
        "Total Unusual Items": NaN,
        "Total Unusual Items Excluding Goodwill": NaN,
        "Net Income From Continuing Operation Net Minority Interest": NaN,
        "Reconciled Cost Of Revenue": NaN,
        "EBITDA": NaN,
        "EBIT": NaN,
        "Net Interest Income": NaN,
        "Interest Income": NaN,
        "Normalized Income": NaN,
        "Net Income From Continuing And Discontinued Operation": NaN,
        "Total Expenses": NaN,
        "Total Operating Income As Reported": NaN,
        "Diluted Average Shares": NaN,
        "Basic Average Shares": NaN,
        "Diluted EPS": NaN,
        "Basic EPS": NaN,
        "Diluted NI Availto Com Stockholders": NaN,
        "Net Income Common Stockholders": NaN,
        "Net Income": NaN,
        "Minority Interests": NaN,
        "Net Income Including Noncontrolling Interests": NaN,
        "Net Income Continuous Operations": NaN,
        "Tax Provision": NaN,
        "Pretax Income": NaN,
        "Other Income Expense": NaN,
        "Other Non Operating Income Expenses": NaN,
        "Special Income Charges": 0.0,
        "Write Off": 0.0,
        "Earnings From Equity Interest": NaN,
        "Gain On Sale Of Security": NaN,
        "Net Non Operating Interest Income Expense": NaN,
        "Total Other Finance Cost": NaN,
        "Interest Income Non Operating": NaN,
        "Operating Income": NaN,
        "Operating Expense": NaN,
        "Other Operating Expenses": NaN,
        "Research And Development": NaN,
        "Selling General And Administration": NaN,
        "Selling And Marketing Expense": NaN,
        "General And Administrative Expense": NaN,
        "Other Gand A": NaN,
        "Salaries And Wages": NaN,
        "Gross Profit": NaN,
        "Cost Of Revenue": NaN,
        "Total Revenue": NaN,
        "Operating Revenue": NaN
    },
    "2022-12-31": {
        "Tax Effect Of Unusual Items": 269070.381851,
        "Tax Rate For Calcs": 0.032109,
        "Normalized EBITDA": -86623000.0,
        "Total Unusual Items": 8380000.0,
        "Total Unusual Items Excluding Goodwill": 8380000.0,
        "Net Income From Continuing Operation Net Minority Interest": -52248000.0,
        "Reconciled Cost Of Revenue": 290886000.0,
        "EBITDA": -78243000.0,
        "EBIT": -78243000.0,
        "Net Interest Income": 7456000.0,
        "Interest Income": 7456000.0,
        "Normalized Income": -60358929.618149,
        "Net Income From Continuing And Discontinued Operation": -52248000.0,
        "Total Expenses": 1083737000.0,
        "Total Operating Income As Reported": -78243000.0,
        "Diluted Average Shares": 111813869.0,
        "Basic Average Shares": 111813869.0,
        "Diluted EPS": -0.4,
        "Basic EPS": -0.4,
        "Diluted NI Availto Com Stockholders": -52248000.0,
        "Net Income Common Stockholders": -52248000.0,
        "Net Income": -52248000.0,
        "Minority Interests": 2705000.0,
        "Net Income Including Noncontrolling Interests": -54953000.0,
        "Net Income Continuous Operations": -54953000.0,
        "Tax Provision": -1823000.0,
        "Pretax Income": -56776000.0,
        "Other Income Expense": 14011000.0,
        "Other Non Operating Income Expenses": 7717000.0,
        "Special Income Charges": NaN,
        "Write Off": NaN,
        "Earnings From Equity Interest": -2086000.0,
        "Gain On Sale Of Security": 8380000.0,
        "Net Non Operating Interest Income Expense": 7456000.0,
        "Total Other Finance Cost": NaN,
        "Interest Income Non Operating": 7456000.0,
        "Operating Income": -78243000.0,
        "Operating Expense": 792851000.0,
        "Other Operating Expenses": NaN,
        "Research And Development": 25139000.0,
        "Selling General And Administration": 497826000.0,
        "Selling And Marketing Expense": 535244000.0,
        "General And Administrative Expense": -37418000.0,
        "Other Gand A": -37418000.0,
        "Salaries And Wages": NaN,
        "Gross Profit": 714608000.0,
        "Cost Of Revenue": 290886000.0,
        "Total Revenue": 1005494000.0,
        "Operating Revenue": 1005494000.0
    },
    "2022-09-30": {
        "Tax Effect Of Unusual Items": NaN,
        "Tax Rate For Calcs": NaN,
        "Normalized EBITDA": NaN,
        "Total Unusual Items": NaN,
        "Total Unusual Items Excluding Goodwill": NaN,
        "Net Income From Continuing Operation Net Minority Interest": NaN,
        "Reconciled Cost Of Revenue": NaN,
        "EBITDA": NaN,
        "EBIT": NaN,
        "Net Interest Income": NaN,
        "Interest Income": NaN,
        "Normalized Income": NaN,
        "Net Income From Continuing And Discontinued Operation": NaN,
        "Total Expenses": NaN,
        "Total Operating Income As Reported": NaN,
        "Diluted Average Shares": NaN,
        "Basic Average Shares": NaN,
        "Diluted EPS": NaN,
        "Basic EPS": NaN,
        "Diluted NI Availto Com Stockholders": NaN,
        "Net Income Common Stockholders": NaN,
        "Net Income": NaN,
        "Minority Interests": NaN,
        "Net Income Including Noncontrolling Interests": NaN,
        "Net Income Continuous Operations": NaN,
        "Tax Provision": NaN,
        "Pretax Income": NaN,
        "Other Income Expense": NaN,
        "Other Non Operating Income Expenses": NaN,
        "Special Income Charges": NaN,
        "Write Off": NaN,
        "Earnings From Equity Interest": NaN,
        "Gain On Sale Of Security": NaN,
        "Net Non Operating Interest Income Expense": NaN,
        "Total Other Finance Cost": -10834000.0,
        "Interest Income Non Operating": NaN,
        "Operating Income": NaN,
        "Operating Expense": NaN,
        "Other Operating Expenses": NaN,
        "Research And Development": NaN,
        "Selling General And Administration": NaN,
        "Selling And Marketing Expense": NaN,
        "General And Administrative Expense": NaN,
        "Other Gand A": NaN,
        "Salaries And Wages": NaN,
        "Gross Profit": NaN,
        "Cost Of Revenue": NaN,
        "Total Revenue": NaN,
        "Operating Revenue": NaN
    },
    "2022-06-30": {
        "Tax Effect Of Unusual Items": -8983200.0,
        "Tax Rate For Calcs": 0.4,
        "Normalized EBITDA": -254499000.0,
        "Total Unusual Items": -22458000.0,
        "Total Unusual Items Excluding Goodwill": -22458000.0,
        "Net Income From Continuing Operation Net Minority Interest": -265930000.0,
        "Reconciled Cost Of Revenue": 353450000.0,
        "EBITDA": -276957000.0,
        "EBIT": -276957000.0,
        "Net Interest Income": 8263000.0,
        "Interest Income": 8263000.0,
        "Normalized Income": -252455200.0,
        "Net Income From Continuing And Discontinued Operation": -265930000.0,
        "Total Expenses": 1228727000.0,
        "Total Operating Income As Reported": -276957000.0,
        "Diluted Average Shares": 618783655.0,
        "Basic Average Shares": 618783655.0,
        "Diluted EPS": -0.44,
        "Basic EPS": -0.44,
        "Diluted NI Availto Com Stockholders": -265930000.0,
        "Net Income Common Stockholders": -265930000.0,
        "Net Income": -265930000.0,
        "Minority Interests": -1660000.0,
        "Net Income Including Noncontrolling Interests": -264270000.0,
        "Net Income Continuous Operations": -264270000.0,
        "Tax Provision": 1095000.0,
        "Pretax Income": -263175000.0,
        "Other Income Expense": 5519000.0,
        "Other Non Operating Income Expenses": 27932000.0,
        "Special Income Charges": -662000.0,
        "Write Off": 662000.0,
        "Earnings From Equity Interest": 45000.0,
        "Gain On Sale Of Security": -21796000.0,
        "Net Non Operating Interest Income Expense": 8263000.0,
        "Interest Income Non Operating": 8263000.0,
        "Operating Income": -276957000.0,
        "Operating Expense": 875277000.0,
        "Other Operating Expenses": 69743000.0,
        "Research And Development": 32045000.0,
        "Selling General And Administration": 843232000.0,
        "Selling And Marketing Expense": 625695000.0,
        "General And Administrative Expense": 217537000.0,
        "Other Gand A": 217537000.0,
        "Salaries And Wages": NaN,
        "Gross Profit": 598320000.0,
        "Cost Of Revenue": 353450000.0,
        "Total Revenue": 951770000.0,
        "Operating Revenue": 951770000.0
    },
    "2022-03-31": {
        "Diluted EPS": -0.07,
        "Total Revenue": 141,
        "Gross Profit": 97,
        "Operating Income": -49,
        "EBIT": -49,
        "Net Income": -46
    },
    "2021-12-31": {
        "Diluted EPS": -0.13,
        "Total Revenue": 251,
        "Gross Profit": 164,
        "Operating Income": -82,
        "EBIT": -82,
        "Net Income": -77
    },
    "2021-09-30": {
        "Diluted EPS": -0.09,
        "Total Revenue": 208,
        "Gross Profit": 142,
        "Operating Income": -57,
        "EBIT": -57,
        "Net Income": -56
    },
    "2021-06-30": {
        "Diluted EPS": -0.1,
        "Total Revenue": 236,
        "Gross Profit": 155,
        "Operating Income": -63,
        "EBIT": -63,
        "Net Income": -60
    },
    "2021-03-31": {
        "Diluted EPS": -0.08,
        "Total Revenue": 220,
        "Gross Profit": 151,
        "Operating Income": -52,
        "EBIT": -52,
        "Net Income": -48
    },
    "2020-12-31": {
        "Diluted EPS": -0.62,
        "Total Revenue": 301,
        "Gross Profit": 301,
        "Operating Income": 301,
        "EBIT": 305,
        "Net Income": -235
    },
    "2020-09-30": {
        "Diluted EPS": 0.0,
        "Total Revenue": NaN,
        "Gross Profit": NaN,
        "Operating Income": NaN,
        "Net Income": NaN
    },
    "2019-12-31": {
        "Diluted EPS": 0.0,
        "Total Revenue": NaN,
        "Gross Profit": NaN,
        "Operating Income": NaN,
        "EBIT": NaN,
        "Net Income": NaN
    },
    "2023-06-30": {
        "Tax Effect Of Unusual Items": NaN,
        "Tax Rate For Calcs": NaN,
        "Normalized EBITDA": NaN,
        "Total Unusual Items": NaN,
        "Total Unusual Items Excluding Goodwill": NaN,
        "Net Income From Continuing Operation Net Minority Interest": NaN,
        "Reconciled Cost Of Revenue": NaN,
        "EBITDA": NaN,
        "EBIT": NaN,
        "Net Interest Income": NaN,
        "Interest Income": NaN,
        "Normalized Income": NaN,
        "Net Income From Continuing And Discontinued Operation": NaN,
        "Total Expenses": NaN,
        "Total Operating Income As Reported": NaN,
        "Diluted Average Shares": NaN,
        "Basic Average Shares": NaN,
        "Diluted EPS": NaN,
        "Basic EPS": NaN,
        "Diluted NI Availto Com Stockholders": NaN,
        "Net Income Common Stockholders": NaN,
        "Net Income": NaN,
        "Minority Interests": NaN,
        "Net Income Including Noncontrolling Interests": NaN,
        "Net Income Continuous Operations": NaN,
        "Tax Provision": NaN,
        "Pretax Income": NaN,
        "Other Income Expense": NaN,
        "Other Non Operating Income Expenses": NaN,
        "Special Income Charges": 0.0,
        "Write Off": 0.0,
        "Earnings From Equity Interest": NaN,
        "Gain On Sale Of Security": NaN,
        "Net Non Operating Interest Income Expense": NaN,
        "Total Other Finance Cost": NaN,
        "Interest Income Non Operating": NaN,
        "Operating Income": NaN,
        "Operating Expense": NaN,
        "Other Operating Expenses": NaN,
        "Research And Development": NaN,
        "Selling General And Administration": NaN,
        "Selling And Marketing Expense": NaN,
        "General And Administrative Expense": NaN,
        "Other Gand A": NaN,
        "Salaries And Wages": 45723000.0,
        "Gross Profit": NaN,
        "Cost Of Revenue": NaN,
        "Total Revenue": NaN,
        "Operating Revenue": NaN
    },
    "2023-09-30": {
        "Tax Effect Of Unusual Items": NaN,
        "Tax Rate For Calcs": NaN,
        "Normalized EBITDA": NaN,
        "Total Unusual Items": NaN,
        "Total Unusual Items Excluding Goodwill": NaN,
        "Net Income From Continuing Operation Net Minority Interest": NaN,
        "Reconciled Cost Of Revenue": NaN,
        "EBITDA": NaN,
        "EBIT": NaN,
        "Net Interest Income": NaN,
        "Interest Income": NaN,
        "Normalized Income": NaN,
        "Net Income From Continuing And Discontinued Operation": NaN,
        "Total Expenses": NaN,
        "Total Operating Income As Reported": NaN,
        "Diluted Average Shares": NaN,
        "Basic Average Shares": NaN,
        "Diluted EPS": NaN,
        "Basic EPS": NaN,
        "Diluted NI Availto Com Stockholders": NaN,
        "Net Income Common Stockholders": NaN,
        "Net Income": NaN,
        "Minority Interests": NaN,
        "Net Income Including Noncontrolling Interests": NaN,
        "Net Income Continuous Operations": NaN,
        "Tax Provision": NaN,
        "Pretax Income": NaN,
        "Other Income Expense": NaN,
        "Other Non Operating Income Expenses": NaN,
        "Earnings From Equity Interest": NaN,
        "Gain On Sale Of Security": NaN,
        "Net Non Operating Interest Income Expense": NaN,
        "Total Other Finance Cost": -30319000.0,
        "Interest Income Non Operating": NaN,
        "Operating Income": NaN,
        "Operating Expense": NaN,
        "Other Operating Expenses": NaN,
        "Research And Development": NaN,
        "Selling General And Administration": NaN,
        "Selling And Marketing Expense": NaN,
        "General And Administrative Expense": NaN,
        "Other Gand A": NaN,
        "Gross Profit": NaN,
        "Cost Of Revenue": NaN,
        "Total Revenue": NaN,
        "Operating Revenue": NaN
    },
    "2023-12-31": {
        "Tax Effect Of Unusual Items": -2023960.629003,
        "Tax Rate For Calcs": 0.005822,
        "Normalized EBITDA": 162035000.0,
        "Total Unusual Items": -347639000.0,
        "Total Unusual Items Excluding Goodwill": -347639000.0,
        "Net Income From Continuing Operation Net Minority Interest": -490515000.0,
        "Reconciled Cost Of Revenue": 282548000.0,
        "EBITDA": -185604000.0,
        "EBIT": -185604000.0,
        "Net Interest Income": 15763000.0,
        "Interest Income": 15763000.0,
        "Normalized Income": -144899960.629003,
        "Net Income From Continuing And Discontinued Operation": -490515000.0,
        "Total Expenses": 1258295000.0,
        "Total Operating Income As Reported": -539643000.0,
        "Diluted Average Shares": 107344087.0,
        "Basic Average Shares": 107344087.0,
        "Diluted EPS": -4.6,
        "Basic EPS": -4.6,
        "Diluted NI Availto Com Stockholders": -490515000.0,
        "Net Income Common Stockholders": -490515000.0,
        "Net Income": -490515000.0,
        "Minority Interests": 4011000.0,
        "Net Income Including Noncontrolling Interests": -494526000.0,
        "Net Income Continuous Operations": -494526000.0,
        "Tax Provision": -2896000.0,
        "Pretax Income": -497422000.0,
        "Other Income Expense": -327581000.0,
        "Other Non Operating Income Expenses": 15612000.0,
        "Earnings From Equity Interest": 4446000.0,
        "Gain On Sale Of Security": 6400000.0,
        "Net Non Operating Interest Income Expense": 15763000.0,
        "Total Other Finance Cost": NaN,
        "Interest Income Non Operating": 15763000.0,
        "Operating Income": -185604000.0,
        "Operating Expense": 975747000.0,
        "Other Operating Expenses": 62741000.0,
        "Research And Development": 36851000.0,
        "Selling General And Administration": 876155000.0,
        "Selling And Marketing Expense": 717439000.0,
        "General And Administrative Expense": 158716000.0,
        "Other Gand A": 158716000.0,
        "Gross Profit": 790143000.0,
        "Cost Of Revenue": 282548000.0,
        "Total Revenue": 1072691000.0,
        "Operating Revenue": 1072691000.0
    },
    "2024-03-31": {
        "Tax Effect Of Unusual Items": -137523.419683,
        "Tax Rate For Calcs": 0.018017,
        "Normalized EBITDA": -150085000.0,
        "Total Unusual Items": -7633000.0,
        "Total Unusual Items Excluding Goodwill": -7633000.0,
        "Net Income From Continuing Operation Net Minority Interest": -124599000.0,
        "Reconciled Cost Of Revenue": 172407000.0,
        "EBITDA": -157718000.0,
        "EBIT": -157718000.0,
        "Net Interest Income": 28612000.0,
        "Interest Income": 28612000.0,
        "Normalized Income": -117103523.419683,
        "Net Income From Continuing And Discontinued Operation": -124599000.0,
        "Total Expenses": 931073000.0,
        "Total Operating Income As Reported": -157718000.0,
        "Diluted Average Shares": 107057802.0,
        "Basic Average Shares": 107057802.0,
        "Diluted EPS": -1.2,
        "Basic EPS": -1.2,
        "Diluted NI Availto Com Stockholders": -124599000.0,
        "Net Income Common Stockholders": -124599000.0,
        "Net Income": -124599000.0,
        "Minority Interests": 268000.0,
        "Net Income Including Noncontrolling Interests": -124867000.0,
        "Net Income Continuous Operations": -124867000.0,
        "Tax Provision": -2291000.0,
        "Pretax Income": -127158000.0,
        "Other Income Expense": 1948000.0,
        "Other Non Operating Income Expenses": 6305000.0,
        "Earnings From Equity Interest": 3276000.0,
        "Gain On Sale Of Security": -7633000.0,
        "Net Non Operating Interest Income Expense": 28612000.0,
        "Interest Income Non Operating": 28612000.0,
        "Operating Income": -157718000.0,
        "Operating Expense": 758666000.0,
        "Other Operating Expenses": 51448000.0,
        "Research And Development": 27926000.0,
        "Selling General And Administration": 679292000.0,
        "Selling And Marketing Expense": 539193000.0,
        "General And Administrative Expense": 140099000.0,
        "Other Gand A": 140099000.0,
        "Gross Profit": 600948000.0,
        "Cost Of Revenue": 172407000.0,
        "Total Revenue": 773355000.0,
        "Operating Revenue": 773355000.0
    },
    "2024-06-30": {
        "Tax Effect Of Unusual Items": -865500.0,
        "Tax Rate For Calcs": 0.25,
        "Normalized EBITDA": -131725000.0,
        "Total Unusual Items": -3462000.0,
        "Total Unusual Items Excluding Goodwill": -3462000.0,
        "Net Income From Continuing Operation Net Minority Interest": -78274000.0,
        "Reconciled Cost Of Revenue": 185102000.0,
        "EBITDA": -135187000.0,
        "EBIT": -135187000.0,
        "Net Interest Income": 28829000.0,
        "Interest Income": 28829000.0,
        "Normalized Income": -75677500.0,
        "Net Income From Continuing And Discontinued Operation": -78274000.0,
        "Total Expenses": 929708000.0,
        "Total Operating Income As Reported": -135187000.0,
        "Diluted Average Shares": 102182210.0,
        "Basic Average Shares": 102182210.0,
        "Diluted EPS": -0.8,
        "Basic EPS": -0.8,
        "Diluted NI Availto Com Stockholders": -78274000.0,
        "Net Income Common Stockholders": -78274000.0,
        "Net Income": -78274000.0,
        "Minority Interests": 7220000.0,
        "Net Income Including Noncontrolling Interests": -85494000.0,
        "Net Income Continuous Operations": -85494000.0,
        "Tax Provision": 1589000.0,
        "Pretax Income": -83905000.0,
        "Other Income Expense": 22453000.0,
        "Other Non Operating Income Expenses": 13191000.0,
        "Earnings From Equity Interest": 12724000.0,
        "Gain On Sale Of Security": -3462000.0,
        "Net Non Operating Interest Income Expense": 28829000.0,
        "Interest Income Non Operating": 28829000.0,
        "Operating Income": -135187000.0,
        "Operating Expense": 744606000.0,
        "Other Operating Expenses": 51163000.0,
        "Research And Development": 29678000.0,
        "Selling General And Administration": 663765000.0,
        "Selling And Marketing Expense": 544659000.0,
        "General And Administrative Expense": 119106000.0,
        "Other Gand A": 119106000.0,
        "Gross Profit": 609419000.0,
        "Cost Of Revenue": 185102000.0,
        "Total Revenue": 794521000.0,
        "Operating Revenue": 794521000.0
    },
    "2024-09-30": {
        "Tax Effect Of Unusual Items": 3206250.0,
        "Tax Rate For Calcs": 0.25,
        "Normalized EBITDA": -154153000.0,
        "Total Unusual Items": 12825000.0,
        "Total Unusual Items Excluding Goodwill": 12825000.0,
        "Net Income From Continuing Operation Net Minority Interest": -121067000.0,
        "Reconciled Cost Of Revenue": 163191000.0,
        "EBITDA": -141328000.0,
        "EBIT": -141328000.0,
        "Net Interest Income": 7722000.0,
        "Interest Income": 7722000.0,
        "Normalized Income": -130685750.0,
        "Net Income From Continuing And Discontinued Operation": -121067000.0,
        "Total Expenses": 818344000.0,
        "Total Operating Income As Reported": -141328000.0,
        "Diluted Average Shares": 99326925.0,
        "Basic Average Shares": 99326925.0,
        "Diluted EPS": -1.2,
        "Basic EPS": -1.2,
        "Diluted NI Availto Com Stockholders": -121067000.0,
        "Net Income Common Stockholders": -121067000.0,
        "Net Income": -121067000.0,
        "Minority Interests": -11000.0,
        "Net Income Including Noncontrolling Interests": -121056000.0,
        "Net Income Continuous Operations": -121056000.0,
        "Tax Provision": 4000.0,
        "Pretax Income": -121052000.0,
        "Other Income Expense": 12554000.0,
        "Other Non Operating Income Expenses": 6239000.0,
        "Earnings From Equity Interest": -6510000.0,
        "Gain On Sale Of Security": 12825000.0,
        "Net Non Operating Interest Income Expense": 7722000.0,
        "Interest Income Non Operating": 7722000.0,
        "Operating Income": -141328000.0,
        "Operating Expense": 655153000.0,
        "Other Operating Expenses": 50412000.0,
        "Research And Development": 25338000.0,
        "Selling General And Administration": 579403000.0,
        "Selling And Marketing Expense": 494357000.0,
        "General And Administrative Expense": 85046000.0,
        "Other Gand A": 85046000.0,
        "Gross Profit": 513825000.0,
        "Cost Of Revenue": 163191000.0,
        "Total Revenue": 677016000.0,
        "Operating Revenue": 677016000.0
    },
    "2024-12-31": {
        "Tax Effect Of Unusual Items": -2663722.061323,
        "Tax Rate For Calcs": 0.006265,
        "Normalized EBITDA": 437623000.0,
        "Total Unusual Items": -425205000.0,
        "Total Unusual Items Excluding Goodwill": -425205000.0,
        "Net Income From Continuing Operation Net Minority Interest": -384234000.0,
        "Reconciled Cost Of Revenue": 255536000.0,
        "EBITDA": 12418000.0,
        "EBIT": 12418000.0,
        "Net Interest Income": 20973000.0,
        "Interest Income": 20973000.0,
        "Normalized Income": 38307277.938677,
        "Net Income From Continuing And Discontinued Operation": -384234000.0,
        "Total Expenses": 1136104000.0,
        "Total Operating Income As Reported": -390658000.0,
        "Diluted Average Shares": 96520671.0,
        "Basic Average Shares": 96520671.0,
        "Diluted EPS": -4.0,
        "Basic EPS": -4.0,
        "Diluted NI Availto Com Stockholders": -384234000.0,
        "Net Income Common Stockholders": -384234000.0,
        "Net Income": -384234000.0,
        "Minority Interests": -5430000.0,
        "Net Income Including Noncontrolling Interests": -378804000.0,
        "Net Income Continuous Operations": -378804000.0,
        "Tax Provision": -2388000.0,
        "Pretax Income": -381192000.0,
        "Other Income Expense": -414583000.0,
        "Other Non Operating Income Expenses": 18726000.0,
        "Earnings From Equity Interest": -8104000.0,
        "Gain On Sale Of Security": -22129000.0,
        "Net Non Operating Interest Income Expense": 20973000.0,
        "Interest Income Non Operating": 20973000.0,
        "Operating Income": 12418000.0,
        "Operating Expense": 880568000.0,
        "Other Operating Expenses": 63517000.0,
        "Research And Development": 26345000.0,
        "Selling General And Administration": 790706000.0,
        "Selling And Marketing Expense": 690584000.0,
        "General And Administrative Expense": 100122000.0,
        "Other Gand A": 100122000.0,
        "Gross Profit": 892986000.0,
        "Cost Of Revenue": 255536000.0,
        "Total Revenue": 1148522000.0,
        "Operating Revenue": 1148522000.0
    },
    "2025-03-31": {
        "Tax Effect Of Unusual Items": 765248.922771,
        "Tax Rate For Calcs": 0.07176,
        "Normalized EBITDA": -44715000.0,
        "Total Unusual Items": 10664000.0,
        "Total Unusual Items Excluding Goodwill": 10664000.0,
        "Net Income From Continuing Operation Net Minority Interest": -5303000.0,
        "Reconciled Cost Of Revenue": 174406000.0,
        "EBITDA": -34051000.0,
        "EBIT": -34051000.0,
        "Net Interest Income": 10606000.0,
        "Interest Income": 10606000.0,
        "Normalized Income": -15201751.077229,
        "Net Income From Continuing And Discontinued Operation": -5303000.0,
        "Total Expenses": 867584000.0,
        "Total Operating Income As Reported": -34051000.0,
        "Diluted Average Shares": 91873303.0,
        "Basic Average Shares": 91873303.0,
        "Diluted EPS": 0.0,
        "Basic EPS": 0.0,
        "Diluted NI Availto Com Stockholders": -5303000.0,
        "Net Income Common Stockholders": -5303000.0,
        "Net Income": -5303000.0,
        "Minority Interests": 298000.0,
        "Net Income Including Noncontrolling Interests": -5601000.0,
        "Net Income Continuous Operations": -5601000.0,
        "Tax Provision": -433000.0,
        "Pretax Income": -6034000.0,
        "Other Income Expense": 17411000.0,
        "Other Non Operating Income Expenses": 4242000.0,
        "Earnings From Equity Interest": 2505000.0,
        "Gain On Sale Of Security": 10664000.0,
        "Net Non Operating Interest Income Expense": 10606000.0,
        "Interest Income Non Operating": 10606000.0,
        "Operating Income": -34051000.0,
        "Operating Expense": 693178000.0,
        "Other Operating Expenses": 51843000.0,
        "Research And Development": 22637000.0,
        "Selling General And Administration": 618698000.0,
        "Selling And Marketing Expense": 553815000.0,
        "General And Administrative Expense": 64883000.0,
        "Other Gand A": 64883000.0,
        "Gross Profit": 659127000.0,
        "Cost Of Revenue": 174406000.0,
        "Total Revenue": 833533000.0,
        "Operating Revenue": 833533000.0
    },
    "2025-06-30": {
        "Tax Effect Of Unusual Items": 207621.355865,
        "Tax Rate For Calcs": 0.037701,
        "Normalized EBITDA": -60991000.0,
        "Total Unusual Items": 5507000.0,
        "Total Unusual Items Excluding Goodwill": 5507000.0,
        "Net Income From Continuing Operation Net Minority Interest": -17668000.0,
        "Reconciled Cost Of Revenue": 236335000.0,
        "EBITDA": -55484000.0,
        "EBIT": -55484000.0,
        "Net Interest Income": 11467000.0,
        "Interest Income": 11467000.0,
        "Normalized Income": -22967378.644135,
        "Net Income From Continuing And Discontinued Operation": -17668000.0,
        "Total Expenses": 1142216000.0,
        "Total Operating Income As Reported": -55484000.0,
        "Diluted Average Shares": 92749442.0,
        "Basic Average Shares": 92749442.0,
        "Diluted EPS": -0.2,
        "Basic EPS": -0.2,
        "Diluted NI Availto Com Stockholders": -17668000.0,
        "Net Income Common Stockholders": -17668000.0,
        "Net Income": -17668000.0,
        "Minority Interests": 1807000.0,
        "Net Income Including Noncontrolling Interests": -19475000.0,
        "Net Income Continuous Operations": -19475000.0,
        "Tax Provision": -763000.0,
        "Pretax Income": -20238000.0,
        "Other Income Expense": 23779000.0,
        "Other Non Operating Income Expenses": 17395000.0,
        "Earnings From Equity Interest": 877000.0,
        "Gain On Sale Of Security": 5507000.0,
        "Net Non Operating Interest Income Expense": 11467000.0,
        "Interest Income Non Operating": 11467000.0,
        "Operating Income": -55484000.0,
        "Operating Expense": 905881000.0,
        "Other Operating Expenses": 63288000.0,
        "Research And Development": 36116000.0,
        "Selling General And Administration": 806477000.0,
        "Selling And Marketing Expense": 722405000.0,
        "General And Administrative Expense": 84072000.0,
        "Other Gand A": 84072000.0,
        "Gross Profit": 850397000.0,
        "Cost Of Revenue": 236335000.0,
        "Total Revenue": 1086732000.0,
        "Operating Revenue": 1086732000.0
    }
}