{
    "2023-03-31": {
        "Tax Effect Of Unusual Items": NaN,
        "Tax Rate For Calcs": NaN,
        "Normalized EBITDA": NaN,
        "Total Unusual Items": NaN,
        "Total Unusual Items Excluding Goodwill": NaN,
        "Net Income From Continuing Operation Net Minority Interest": NaN,
        "Reconciled Depreciation": NaN,
        "Reconciled Cost Of Revenue": NaN,
        "EBITDA": NaN,
        "EBIT": NaN,
        "Net Interest Income": NaN,
        "Interest Expense": NaN,
        "Normalized Income": NaN,
        "Net Income From Continuing And Discontinued Operation": NaN,
        "Total Expenses": NaN,
        "Total Operating Income As Reported": NaN,
        "Diluted Average Shares": NaN,
        "Basic Average Shares": NaN,
        "Diluted EPS": NaN,
        "Basic EPS": NaN,
        "Diluted NI Availto Com Stockholders": NaN,
        "Net Income Common Stockholders": NaN,
        "Net Income": NaN,
        "Net Income Including Noncontrolling Interests": NaN,
        "Net Income Continuous Operations": NaN,
        "Tax Provision": NaN,
        "Pretax Income": NaN,
        "Other Income Expense": NaN,
        "Other Non Operating Income Expenses": NaN,
        "Special Income Charges": NaN,
        "Restructuring And Mergern Acquisition": NaN,
        "Gain On Sale Of Security": NaN,
        "Net Non Operating Interest Income Expense": NaN,
        "Total Other Finance Cost": 37000000.0,
        "Interest Expense Non Operating": NaN,
        "Operating Income": NaN,
        "Operating Expense": NaN,
        "Depreciation Amortization Depletion Income Statement": NaN,
        "Depreciation And Amortization In Income Statement": NaN,
        "Amortization": NaN,
        "Amortization Of Intangibles Income Statement": NaN,
        "Research And Development": NaN,
        "Selling General And Administration": NaN,
        "Selling And Marketing Expense": NaN,
        "General And Administrative Expense": NaN,
        "Other Gand A": NaN,
        "Gross Profit": NaN,
        "Cost Of Revenue": NaN,
        "Total Revenue": NaN,
        "Operating Revenue": NaN
    },
    "2022-12-31": {
        "Tax Effect Of Unusual Items": NaN,
        "Tax Rate For Calcs": NaN,
        "Normalized EBITDA": NaN,
        "Total Unusual Items": NaN,
        "Total Unusual Items Excluding Goodwill": NaN,
        "Net Income From Continuing Operation Net Minority Interest": NaN,
        "Reconciled Depreciation": NaN,
        "Reconciled Cost Of Revenue": NaN,
        "EBITDA": NaN,
        "EBIT": NaN,
        "Net Interest Income": NaN,
        "Interest Expense": NaN,
        "Normalized Income": NaN,
        "Net Income From Continuing And Discontinued Operation": NaN,
        "Total Expenses": NaN,
        "Total Operating Income As Reported": NaN,
        "Diluted Average Shares": NaN,
        "Basic Average Shares": NaN,
        "Diluted EPS": NaN,
        "Basic EPS": NaN,
        "Diluted NI Availto Com Stockholders": NaN,
        "Net Income Common Stockholders": NaN,
        "Net Income": NaN,
        "Net Income Including Noncontrolling Interests": NaN,
        "Net Income Continuous Operations": NaN,
        "Tax Provision": NaN,
        "Pretax Income": NaN,
        "Other Income Expense": NaN,
        "Other Non Operating Income Expenses": NaN,
        "Special Income Charges": NaN,
        "Other Special Charges": 0.0,
        "Restructuring And Mergern Acquisition": NaN,
        "Gain On Sale Of Security": NaN,
        "Net Non Operating Interest Income Expense": NaN,
        "Total Other Finance Cost": 25000000.0,
        "Interest Expense Non Operating": NaN,
        "Operating Income": NaN,
        "Operating Expense": NaN,
        "Depreciation Amortization Depletion Income Statement": NaN,
        "Depreciation And Amortization In Income Statement": NaN,
        "Amortization": NaN,
        "Amortization Of Intangibles Income Statement": NaN,
        "Research And Development": NaN,
        "Selling General And Administration": NaN,
        "Selling And Marketing Expense": NaN,
        "General And Administrative Expense": NaN,
        "Other Gand A": NaN,
        "Gross Profit": NaN,
        "Cost Of Revenue": NaN,
        "Total Revenue": NaN,
        "Operating Revenue": NaN
    },
    "2022-09-30": {
        "Tax Effect Of Unusual Items": NaN,
        "Tax Rate For Calcs": NaN,
        "Normalized EBITDA": NaN,
        "Total Unusual Items": NaN,
        "Total Unusual Items Excluding Goodwill": NaN,
        "Net Income From Continuing Operation Net Minority Interest": NaN,
        "Reconciled Depreciation": NaN,
        "Reconciled Cost Of Revenue": NaN,
        "EBITDA": NaN,
        "EBIT": NaN,
        "Net Interest Income": NaN,
        "Interest Expense": NaN,
        "Normalized Income": NaN,
        "Net Income From Continuing And Discontinued Operation": NaN,
        "Total Expenses": NaN,
        "Total Operating Income As Reported": NaN,
        "Diluted Average Shares": NaN,
        "Basic Average Shares": NaN,
        "Diluted EPS": NaN,
        "Basic EPS": NaN,
        "Diluted NI Availto Com Stockholders": NaN,
        "Net Income Common Stockholders": NaN,
        "Net Income": NaN,
        "Net Income Including Noncontrolling Interests": NaN,
        "Net Income Continuous Operations": NaN,
        "Tax Provision": NaN,
        "Pretax Income": NaN,
        "Other Income Expense": NaN,
        "Other Non Operating Income Expenses": NaN,
        "Special Income Charges": NaN,
        "Other Special Charges": NaN,
        "Restructuring And Mergern Acquisition": NaN,
        "Gain On Sale Of Security": NaN,
        "Net Non Operating Interest Income Expense": NaN,
        "Total Other Finance Cost": -21000000.0,
        "Interest Expense Non Operating": NaN,
        "Operating Income": NaN,
        "Operating Expense": NaN,
        "Depreciation Amortization Depletion Income Statement": NaN,
        "Depreciation And Amortization In Income Statement": NaN,
        "Amortization": NaN,
        "Amortization Of Intangibles Income Statement": NaN,
        "Research And Development": NaN,
        "Selling General And Administration": NaN,
        "Selling And Marketing Expense": NaN,
        "General And Administrative Expense": NaN,
        "Other Gand A": NaN,
        "Gross Profit": NaN,
        "Cost Of Revenue": NaN,
        "Total Revenue": NaN,
        "Operating Revenue": NaN
    },
    "2022-06-30": {
        "Tax Effect Of Unusual Items": -140369000.0,
        "Tax Rate For Calcs": 0.359,
        "Normalized EBITDA": 685000000.0,
        "Total Unusual Items": -391000000.0,
        "Total Unusual Items Excluding Goodwill": -391000000.0,
        "Net Income From Continuing Operation Net Minority Interest": -98000000.0,
        "Reconciled Depreciation": 51000000.0,
        "Reconciled Cost Of Revenue": 778000000.0,
        "EBITDA": 294000000.0,
        "EBIT": 243000000.0,
        "Net Interest Income": -3000000.0,
        "Normalized Income": 152631000.0,
        "Net Income From Continuing And Discontinued Operation": -98000000.0,
        "Total Expenses": 1225000000.0,
        "Total Operating Income As Reported": -145000000.0,
        "Diluted Average Shares": 52138470.0,
        "Basic Average Shares": 52138470.0,
        "Diluted EPS": -1.87,
        "Basic EPS": -1.87,
        "Diluted NI Availto Com Stockholders": -98000000.0,
        "Net Income Common Stockholders": -98000000.0,
        "Net Income": -98000000.0,
        "Net Income Including Noncontrolling Interests": -98000000.0,
        "Net Income Continuous Operations": -98000000.0,
        "Tax Provision": -55000000.0,
        "Pretax Income": -153000000.0,
        "Other Income Expense": -393000000.0,
        "Other Non Operating Income Expenses": -2000000.0,
        "Special Income Charges": -388000000.0,
        "Other Special Charges": 372000000.0,
        "Restructuring And Mergern Acquisition": 16000000.0,
        "Gain On Sale Of Security": -3000000.0,
        "Net Non Operating Interest Income Expense": -3000000.0,
        "Total Other Finance Cost": 3000000.0,
        "Operating Income": 243000000.0,
        "Operating Expense": 431000000.0,
        "Depreciation Amortization Depletion Income Statement": 35000000.0,
        "Depreciation And Amortization In Income Statement": 35000000.0,
        "Amortization": 35000000.0,
        "Amortization Of Intangibles Income Statement": 35000000.0,
        "Research And Development": 148000000.0,
        "Selling General And Administration": 248000000.0,
        "Selling And Marketing Expense": 151000000.0,
        "General And Administrative Expense": 97000000.0,
        "Other Gand A": 97000000.0,
        "Gross Profit": 674000000.0,
        "Cost Of Revenue": 794000000.0,
        "Total Revenue": 1468000000.0,
        "Operating Revenue": 1468000000.0
    },
    "2023-06-30": {
        "Tax Effect Of Unusual Items": NaN,
        "Tax Rate For Calcs": NaN,
        "Normalized EBITDA": NaN,
        "Total Unusual Items": NaN,
        "Total Unusual Items Excluding Goodwill": NaN,
        "Net Income From Continuing Operation Net Minority Interest": NaN,
        "Reconciled Depreciation": NaN,
        "Reconciled Cost Of Revenue": NaN,
        "EBITDA": NaN,
        "EBIT": NaN,
        "Net Interest Income": NaN,
        "Interest Expense": 16000000.0,
        "Normalized Income": NaN,
        "Net Income From Continuing And Discontinued Operation": NaN,
        "Total Expenses": NaN,
        "Total Operating Income As Reported": NaN,
        "Diluted Average Shares": NaN,
        "Basic Average Shares": NaN,
        "Diluted EPS": NaN,
        "Basic EPS": NaN,
        "Diluted NI Availto Com Stockholders": NaN,
        "Net Income Common Stockholders": NaN,
        "Net Income": NaN,
        "Net Income Including Noncontrolling Interests": NaN,
        "Net Income Continuous Operations": NaN,
        "Tax Provision": NaN,
        "Pretax Income": NaN,
        "Other Income Expense": NaN,
        "Other Non Operating Income Expenses": NaN,
        "Special Income Charges": NaN,
        "Restructuring And Mergern Acquisition": NaN,
        "Gain On Sale Of Security": NaN,
        "Net Non Operating Interest Income Expense": NaN,
        "Total Other Finance Cost": 16000000.0,
        "Interest Expense Non Operating": 16000000.0,
        "Operating Income": NaN,
        "Operating Expense": NaN,
        "Depreciation Amortization Depletion Income Statement": NaN,
        "Depreciation And Amortization In Income Statement": NaN,
        "Amortization": NaN,
        "Amortization Of Intangibles Income Statement": NaN,
        "Research And Development": NaN,
        "Selling General And Administration": NaN,
        "Selling And Marketing Expense": NaN,
        "General And Administrative Expense": NaN,
        "Other Gand A": NaN,
        "Gross Profit": NaN,
        "Cost Of Revenue": NaN,
        "Total Revenue": NaN,
        "Operating Revenue": NaN
    },
    "2022-03-31": {
        "Diluted EPS": 3.83,
        "Total Revenue": NaN,
        "Gross Profit": 637,
        "Operating Income": 212,
        "EBIT": 264,
        "Net Income": 205
    },
    "2021-12-31": {
        "Diluted EPS": 3.54,
        "Total Revenue": NaN,
        "Gross Profit": 669,
        "Operating Income": 223,
        "EBIT": 276,
        "Net Income": 191
    },
    "2021-09-30": {
        "Diluted EPS": 3.69,
        "Total Revenue": NaN,
        "Gross Profit": 646,
        "Operating Income": 237,
        "EBIT": 285,
        "Net Income": 199
    },
    "2021-06-30": {
        "Diluted EPS": 4.07,
        "Total Revenue": NaN,
        "Gross Profit": 658,
        "Operating Income": 247,
        "EBIT": 291,
        "Net Income": 219
    },
    "2021-03-31": {
        "Diluted EPS": 4.22,
        "Total Revenue": NaN,
        "Gross Profit": 655,
        "Operating Income": 272,
        "EBIT": 316,
        "Net Income": 228
    },
    "2020-12-31": {
        "Diluted EPS": 3.69,
        "Total Revenue": NaN,
        "Gross Profit": 618,
        "Operating Income": 231,
        "EBIT": 277,
        "Net Income": 199
    },
    "2020-09-30": {
        "Diluted EPS": 2.16,
        "Total Revenue": NaN,
        "Gross Profit": 493,
        "Operating Income": 150,
        "EBIT": 185,
        "Net Income": 116
    },
    "2020-06-30": {
        "Diluted EPS": 1.85,
        "Total Revenue": 956,
        "Gross Profit": 419,
        "Operating Income": 119,
        "EBIT": 153,
        "Net Income": 100
    },
    "2020-03-31": {
        "Diluted EPS": 1.65,
        "Total Revenue": NaN,
        "Gross Profit": 473,
        "Operating Income": 151,
        "EBIT": 185,
        "Net Income": 89
    },
    "2019-12-31": {
        "Diluted EPS": 3.09,
        "Total Revenue": NaN,
        "Gross Profit": 544,
        "Operating Income": 188,
        "EBIT": 224,
        "Net Income": 169
    },
    "2019-09-30": {
        "Diluted EPS": 2.5,
        "Total Revenue": NaN,
        "Gross Profit": 535,
        "Operating Income": 185,
        "EBIT": 233,
        "Net Income": 136
    },
    "2019-06-30": {
        "Diluted EPS": 2.26,
        "Total Revenue": NaN,
        "Gross Profit": 520,
        "Operating Income": 160,
        "EBIT": 209,
        "Net Income": 124
    },
    "2019-03-31": {
        "Diluted EPS": 2.12,
        "Total Revenue": NaN,
        "Gross Profit": 501,
        "Operating Income": 159,
        "EBIT": 207,
        "Net Income": 115
    },
    "2018-12-31": {
        "Diluted EPS": 2.12,
        "Total Revenue": NaN,
        "Gross Profit": 539,
        "Operating Income": 179,
        "EBIT": 226,
        "Net Income": 115
    },
    "2018-09-30": {
        "Diluted EPS": 2.34,
        "Total Revenue": NaN,
        "Gross Profit": 505,
        "Operating Income": 162,
        "EBIT": 210,
        "Net Income": 127
    },
    "2018-06-30": {
        "Diluted EPS": 1.29,
        "Total Revenue": NaN,
        "Gross Profit": 472,
        "Operating Income": 125,
        "EBIT": 175,
        "Net Income": 70
    },
    "2018-03-31": {
        "Diluted EPS": 2.01,
        "Total Revenue": 977,
        "Gross Profit": 465,
        "Operating Income": 144,
        "EBIT": 189,
        "Net Income": 109
    },
    "2017-12-31": {
        "Diluted EPS": 0.07,
        "Total Revenue": NaN,
        "Gross Profit": 469,
        "Operating Income": 133,
        "EBIT": 195,
        "Net Income": 4
    },
    "2017-09-30": {
        "Diluted EPS": -0.23,
        "Total Revenue": 935,
        "Gross Profit": 429,
        "Operating Income": 91,
        "EBIT": 179,
        "Net Income": -12
    },
    "2017-06-30": {
        "Diluted EPS": 0.32,
        "Total Revenue": 896,
        "Gross Profit": 411,
        "Operating Income": 58,
        "EBIT": 136,
        "Net Income": 17
    },
    "2017-03-31": {
        "Diluted EPS": 0.16,
        "Total Revenue": 865,
        "Gross Profit": 401,
        "Operating Income": 40,
        "EBIT": 113,
        "Net Income": 8
    },
    "2016-12-31": {
        "Diluted EPS": 0.34,
        "Total Revenue": 942,
        "Gross Profit": 432,
        "Operating Income": 71,
        "EBIT": 143,
        "Net Income": 17
    },
    "2016-09-30": {
        "Diluted EPS": -1.61,
        "Total Revenue": 904,
        "Gross Profit": 414,
        "Operating Income": -24,
        "EBIT": 128,
        "Net Income": -83
    },
    "2016-06-30": {
        "Diluted EPS": -0.88,
        "Total Revenue": 879,
        "Gross Profit": 406,
        "Operating Income": 23,
        "EBIT": 106,
        "Net Income": -45
    },
    "2016-03-31": {
        "Diluted EPS": -0.5,
        "Total Revenue": 849,
        "Gross Profit": 390,
        "Operating Income": 10,
        "EBIT": 92,
        "Net Income": -26
    },
    "2015-12-31": {
        "Diluted EPS": -0.53,
        "Total Revenue": 951,
        "Gross Profit": 428,
        "Operating Income": 6,
        "EBIT": 89,
        "Net Income": -27
    },
    "2015-09-30": {
        "Diluted EPS": -0.57,
        "Total Revenue": 916,
        "Gross Profit": 414,
        "Operating Income": 25,
        "EBIT": 106,
        "Net Income": -29
    },
    "2015-06-30": {
        "Diluted EPS": -1.5,
        "Total Revenue": 890,
        "Gross Profit": 393,
        "Operating Income": -14,
        "EBIT": 73,
        "Net Income": -77
    },
    "2015-03-31": {
        "Diluted EPS": -0.5,
        "Total Revenue": 893,
        "Gross Profit": 409,
        "Operating Income": 20,
        "EBIT": 105,
        "Net Income": -25
    },
    "2014-12-31": {
        "Diluted EPS": -1.02,
        "Total Revenue": 791,
        "Gross Profit": 336,
        "Operating Income": -24,
        "EBIT": 31,
        "Net Income": -52
    },
    "2014-09-30": {
        "Diluted EPS": 0.29,
        "Total Revenue": 303,
        "Gross Profit": 152,
        "Operating Income": 27,
        "EBIT": 36,
        "Net Income": 15
    },
    "2014-06-30": {
        "Diluted EPS": 0.54,
        "Total Revenue": 288,
        "Gross Profit": 142,
        "Operating Income": 33,
        "EBIT": 42,
        "Net Income": 28
    },
    "2014-03-31": {
        "Diluted EPS": 0.82,
        "Total Revenue": 288,
        "Gross Profit": 148,
        "Operating Income": 53,
        "EBIT": 62,
        "Net Income": 42
    },
    "2013-12-31": {
        "Diluted EPS": 0.81,
        "Total Revenue": 284,
        "Gross Profit": 140,
        "Operating Income": 49,
        "EBIT": 58,
        "Net Income": 41
    },
    "2013-09-30": {
        "Diluted EPS": 0.76,
        "Total Revenue": 264,
        "Gross Profit": 129,
        "Operating Income": 47,
        "EBIT": 55,
        "Net Income": 39
    },
    "2013-06-30": {
        "Diluted EPS": 0.6,
        "Total Revenue": 253,
        "Gross Profit": 121,
        "Operating Income": 36,
        "EBIT": 44,
        "Net Income": 31
    },
    "2013-03-31": {
        "Diluted EPS": 0.46,
        "Total Revenue": 237,
        "Gross Profit": 113,
        "Operating Income": 28,
        "EBIT": 36,
        "Net Income": 24
    },
    "2012-12-31": {
        "Diluted EPS": 0.68,
        "Total Revenue": 253,
        "Gross Profit": 124,
        "Operating Income": 44,
        "EBIT": 61,
        "Net Income": 35
    },
    "2012-09-30": {
        "Diluted EPS": 0.52,
        "Total Revenue": 252,
        "Gross Profit": 127,
        "Operating Income": 39,
        "EBIT": 46,
        "Net Income": 27
    },
    "2012-06-30": {
        "Diluted EPS": 0.59,
        "Total Revenue": 247,
        "Gross Profit": 120,
        "Operating Income": 39,
        "EBIT": 45,
        "Net Income": 31
    },
    "2012-03-31": {
        "Diluted EPS": 0.58,
        "Total Revenue": 244,
        "Gross Profit": 120,
        "Operating Income": 42,
        "EBIT": 48,
        "Net Income": 30
    },
    "2011-12-31": {
        "Diluted EPS": 0.68,
        "Total Revenue": 247,
        "Gross Profit": 122,
        "Operating Income": 42,
        "EBIT": 48,
        "Net Income": 35
    },
    "2011-09-30": {
        "Diluted EPS": 0.84,
        "Total Revenue": 253,
        "Gross Profit": 124,
        "Operating Income": 49,
        "EBIT": 55,
        "Net Income": 45
    },
    "2011-06-30": {
        "Diluted EPS": 0.6,
        "Total Revenue": 246,
        "Gross Profit": 122,
        "Operating Income": 47,
        "EBIT": 53,
        "Net Income": 33
    },
    "2011-03-31": {
        "Diluted EPS": 1.1,
        "Total Revenue": 237,
        "Gross Profit": 120,
        "Operating Income": 44,
        "EBIT": 50,
        "Net Income": 62
    },
    "2010-12-31": {
        "Diluted EPS": 0.5,
        "Total Revenue": 234,
        "Gross Profit": 114,
        "Operating Income": 43,
        "EBIT": 51,
        "Net Income": 28
    },
    "2010-09-30": {
        "Diluted EPS": 0.46,
        "Total Revenue": 230,
        "Gross Profit": 109,
        "Operating Income": 40,
        "EBIT": 48,
        "Net Income": 26
    },
    "2010-06-30": {
        "Diluted EPS": 0.39,
        "Total Revenue": 219,
        "Gross Profit": 99,
        "Operating Income": 32,
        "EBIT": 40,
        "Net Income": 23
    },
    "2010-03-31": {
        "Diluted EPS": 0.42,
        "Total Revenue": 212,
        "Gross Profit": 98,
        "Operating Income": 33,
        "EBIT": 41,
        "Net Income": 25
    },
    "2009-12-31": {
        "Diluted EPS": 0.29,
        "Total Revenue": 157,
        "Gross Profit": 58,
        "Operating Income": 28,
        "EBIT": 36,
        "Net Income": 18
    },
    "2009-09-30": {
        "Diluted EPS": 0.19,
        "Total Revenue": 201,
        "Gross Profit": 92,
        "Operating Income": 15,
        "EBIT": 24,
        "Net Income": 11
    },
    "2009-06-30": {
        "Diluted EPS": 0.15,
        "Total Revenue": 188,
        "Gross Profit": 82,
        "Operating Income": 13,
        "EBIT": 21,
        "Net Income": 9
    },
    "2009-03-31": {
        "Diluted EPS": 0.16,
        "Total Revenue": 193,
        "Gross Profit": 86,
        "Operating Income": 14,
        "EBIT": 22,
        "Net Income": 9
    },
    "2023-09-30": {
        "Tax Effect Of Unusual Items": NaN,
        "Tax Rate For Calcs": NaN,
        "Normalized EBITDA": NaN,
        "Total Unusual Items": NaN,
        "Total Unusual Items Excluding Goodwill": NaN,
        "Net Income From Continuing Operation Net Minority Interest": NaN,
        "Reconciled Depreciation": NaN,
        "Reconciled Cost Of Revenue": NaN,
        "EBITDA": NaN,
        "EBIT": NaN,
        "Net Interest Income": NaN,
        "Interest Expense": 16000000.0,
        "Normalized Income": NaN,
        "Net Income From Continuing And Discontinued Operation": NaN,
        "Total Expenses": NaN,
        "Total Operating Income As Reported": NaN,
        "Diluted Average Shares": NaN,
        "Basic Average Shares": NaN,
        "Diluted EPS": NaN,
        "Basic EPS": NaN,
        "Diluted NI Availto Com Stockholders": NaN,
        "Net Income Common Stockholders": NaN,
        "Net Income": NaN,
        "Net Income Including Noncontrolling Interests": NaN,
        "Net Income Continuous Operations": NaN,
        "Tax Provision": NaN,
        "Pretax Income": NaN,
        "Other Income Expense": NaN,
        "Other Non Operating Income Expenses": NaN,
        "Special Income Charges": NaN,
        "Restructuring And Mergern Acquisition": NaN,
        "Gain On Sale Of Security": 6000000.0,
        "Net Non Operating Interest Income Expense": NaN,
        "Total Other Finance Cost": 16000000.0,
        "Interest Expense Non Operating": 16000000.0,
        "Operating Income": NaN,
        "Operating Expense": NaN,
        "Depreciation Amortization Depletion Income Statement": NaN,
        "Depreciation And Amortization In Income Statement": NaN,
        "Amortization": NaN,
        "Amortization Of Intangibles Income Statement": NaN,
        "Research And Development": NaN,
        "Selling General And Administration": NaN,
        "Selling And Marketing Expense": NaN,
        "General And Administrative Expense": NaN,
        "Other Gand A": NaN,
        "Gross Profit": NaN,
        "Cost Of Revenue": NaN,
        "Total Revenue": NaN,
        "Operating Revenue": NaN
    },
    "2023-12-31": {
        "Tax Effect Of Unusual Items": -4620000.0,
        "Tax Rate For Calcs": 0.21,
        "Normalized EBITDA": 40000000.0,
        "Total Unusual Items": -22000000.0,
        "Total Unusual Items Excluding Goodwill": -22000000.0,
        "Net Income From Continuing Operation Net Minority Interest": 17000000.0,
        "Reconciled Depreciation": 44000000.0,
        "Reconciled Cost Of Revenue": 543000000.0,
        "EBITDA": 18000000.0,
        "EBIT": -26000000.0,
        "Net Interest Income": -64000000.0,
        "Interest Expense": NaN,
        "Normalized Income": 34380000.0,
        "Net Income From Continuing And Discontinued Operation": 17000000.0,
        "Total Expenses": 917000000.0,
        "Total Operating Income As Reported": 74000000.0,
        "Diluted Average Shares": 51687374.0,
        "Basic Average Shares": 51366299.0,
        "Diluted EPS": 0.31,
        "Basic EPS": 0.32,
        "Diluted NI Availto Com Stockholders": 17000000.0,
        "Net Income Common Stockholders": 17000000.0,
        "Net Income": 17000000.0,
        "Net Income Including Noncontrolling Interests": 17000000.0,
        "Net Income Continuous Operations": 17000000.0,
        "Tax Provision": -15000000.0,
        "Pretax Income": 2000000.0,
        "Other Income Expense": -26000000.0,
        "Other Non Operating Income Expenses": -4000000.0,
        "Special Income Charges": -18000000.0,
        "Restructuring And Mergern Acquisition": 18000000.0,
        "Gain On Sale Of Security": -4000000.0,
        "Net Non Operating Interest Income Expense": -64000000.0,
        "Total Other Finance Cost": NaN,
        "Interest Expense Non Operating": NaN,
        "Operating Income": 92000000.0,
        "Operating Expense": 356000000.0,
        "Depreciation Amortization Depletion Income Statement": 26000000.0,
        "Depreciation And Amortization In Income Statement": 26000000.0,
        "Amortization": 26000000.0,
        "Amortization Of Intangibles Income Statement": 26000000.0,
        "Research And Development": 116000000.0,
        "Selling General And Administration": 214000000.0,
        "Selling And Marketing Expense": 136000000.0,
        "General And Administrative Expense": 78000000.0,
        "Other Gand A": 78000000.0,
        "Gross Profit": 448000000.0,
        "Cost Of Revenue": 561000000.0,
        "Total Revenue": 1009000000.0,
        "Operating Revenue": 1009000000.0
    },
    "2024-03-31": {
        "Tax Effect Of Unusual Items": -1520000.0,
        "Tax Rate For Calcs": 0.19,
        "Normalized EBITDA": 210000000.0,
        "Total Unusual Items": -8000000.0,
        "Total Unusual Items Excluding Goodwill": -8000000.0,
        "Net Income From Continuing Operation Net Minority Interest": 115000000.0,
        "Reconciled Depreciation": 43000000.0,
        "Reconciled Cost Of Revenue": 595000000.0,
        "EBITDA": 202000000.0,
        "EBIT": 159000000.0,
        "Net Interest Income": -17000000.0,
        "Interest Expense": 17000000.0,
        "Normalized Income": 121480000.0,
        "Net Income From Continuing And Discontinued Operation": 115000000.0,
        "Total Expenses": 1005000000.0,
        "Total Operating Income As Reported": 159000000.0,
        "Diluted Average Shares": 51790501.0,
        "Basic Average Shares": 51387570.0,
        "Diluted EPS": 2.23,
        "Basic EPS": 2.24,
        "Diluted NI Availto Com Stockholders": 115000000.0,
        "Net Income Common Stockholders": 115000000.0,
        "Net Income": 115000000.0,
        "Net Income Including Noncontrolling Interests": 115000000.0,
        "Net Income Continuous Operations": 115000000.0,
        "Tax Provision": 27000000.0,
        "Pretax Income": 142000000.0,
        "Other Income Expense": -11000000.0,
        "Other Non Operating Income Expenses": -3000000.0,
        "Special Income Charges": -11000000.0,
        "Restructuring And Mergern Acquisition": 11000000.0,
        "Gain On Sale Of Security": 3000000.0,
        "Net Non Operating Interest Income Expense": -17000000.0,
        "Total Other Finance Cost": NaN,
        "Interest Expense Non Operating": 17000000.0,
        "Operating Income": 170000000.0,
        "Operating Expense": 393000000.0,
        "Depreciation Amortization Depletion Income Statement": 26000000.0,
        "Depreciation And Amortization In Income Statement": 26000000.0,
        "Amortization": 26000000.0,
        "Amortization Of Intangibles Income Statement": 26000000.0,
        "Research And Development": 138000000.0,
        "Selling General And Administration": 229000000.0,
        "Selling And Marketing Expense": 148000000.0,
        "General And Administrative Expense": 81000000.0,
        "Other Gand A": 81000000.0,
        "Gross Profit": 563000000.0,
        "Cost Of Revenue": 612000000.0,
        "Total Revenue": 1175000000.0,
        "Operating Revenue": 1175000000.0
    },
    "2024-06-30": {
        "Tax Effect Of Unusual Items": -676000.0,
        "Tax Rate For Calcs": 0.169,
        "Normalized EBITDA": 205000000.0,
        "Total Unusual Items": -4000000.0,
        "Total Unusual Items Excluding Goodwill": -4000000.0,
        "Net Income From Continuing Operation Net Minority Interest": 113000000.0,
        "Reconciled Depreciation": 42000000.0,
        "Reconciled Cost Of Revenue": 611000000.0,
        "EBITDA": 201000000.0,
        "EBIT": 159000000.0,
        "Net Interest Income": -23000000.0,
        "Interest Expense": 23000000.0,
        "Normalized Income": 116324000.0,
        "Net Income From Continuing And Discontinued Operation": 113000000.0,
        "Total Expenses": 1046000000.0,
        "Total Operating Income As Reported": 167000000.0,
        "Diluted Average Shares": 51830245.0,
        "Basic Average Shares": 51489735.0,
        "Diluted EPS": 2.17,
        "Basic EPS": 2.19,
        "Diluted NI Availto Com Stockholders": 113000000.0,
        "Net Income Common Stockholders": 113000000.0,
        "Net Income": 113000000.0,
        "Net Income Including Noncontrolling Interests": 113000000.0,
        "Net Income Continuous Operations": 113000000.0,
        "Tax Provision": 23000000.0,
        "Pretax Income": 136000000.0,
        "Other Income Expense": -12000000.0,
        "Other Non Operating Income Expenses": -8000000.0,
        "Special Income Charges": -4000000.0,
        "Restructuring And Mergern Acquisition": 4000000.0,
        "Gain On Sale Of Security": NaN,
        "Net Non Operating Interest Income Expense": -23000000.0,
        "Total Other Finance Cost": NaN,
        "Interest Expense Non Operating": 23000000.0,
        "Operating Income": 171000000.0,
        "Operating Expense": 418000000.0,
        "Depreciation Amortization Depletion Income Statement": 25000000.0,
        "Depreciation And Amortization In Income Statement": 25000000.0,
        "Amortization": 25000000.0,
        "Amortization Of Intangibles Income Statement": 25000000.0,
        "Research And Development": 146000000.0,
        "Selling General And Administration": 247000000.0,
        "Selling And Marketing Expense": 150000000.0,
        "General And Administrative Expense": 97000000.0,
        "Other Gand A": 97000000.0,
        "Gross Profit": 589000000.0,
        "Cost Of Revenue": 628000000.0,
        "Total Revenue": 1217000000.0,
        "Operating Revenue": 1217000000.0
    },
    "2024-09-30": {
        "Tax Effect Of Unusual Items": -1134000.0,
        "Tax Rate For Calcs": 0.081,
        "Normalized EBITDA": 239000000.0,
        "Total Unusual Items": -14000000.0,
        "Total Unusual Items Excluding Goodwill": -14000000.0,
        "Net Income From Continuing Operation Net Minority Interest": 137000000.0,
        "Reconciled Depreciation": 45000000.0,
        "Reconciled Cost Of Revenue": 626000000.0,
        "EBITDA": 225000000.0,
        "EBIT": 180000000.0,
        "Net Interest Income": -31000000.0,
        "Interest Expense": 31000000.0,
        "Normalized Income": 149866000.0,
        "Net Income From Continuing And Discontinued Operation": 137000000.0,
        "Total Expenses": 1059000000.0,
        "Total Operating Income As Reported": 191000000.0,
        "Diluted Average Shares": 51918055.0,
        "Basic Average Shares": 51567216.0,
        "Diluted EPS": 2.64,
        "Basic EPS": 2.65,
        "Diluted NI Availto Com Stockholders": 137000000.0,
        "Net Income Common Stockholders": 137000000.0,
        "Net Income": 137000000.0,
        "Net Income Including Noncontrolling Interests": 137000000.0,
        "Net Income Continuous Operations": 137000000.0,
        "Tax Provision": 12000000.0,
        "Pretax Income": 149000000.0,
        "Other Income Expense": -16000000.0,
        "Other Non Operating Income Expenses": -2000000.0,
        "Special Income Charges": -5000000.0,
        "Restructuring And Mergern Acquisition": 5000000.0,
        "Gain On Sale Of Security": -9000000.0,
        "Net Non Operating Interest Income Expense": -31000000.0,
        "Total Other Finance Cost": NaN,
        "Interest Expense Non Operating": 31000000.0,
        "Operating Income": 196000000.0,
        "Operating Expense": 417000000.0,
        "Depreciation Amortization Depletion Income Statement": 29000000.0,
        "Depreciation And Amortization In Income Statement": 29000000.0,
        "Amortization": 29000000.0,
        "Amortization Of Intangibles Income Statement": 29000000.0,
        "Research And Development": 141000000.0,
        "Selling General And Administration": 247000000.0,
        "Selling And Marketing Expense": 151000000.0,
        "General And Administrative Expense": 96000000.0,
        "Other Gand A": 96000000.0,
        "Gross Profit": 613000000.0,
        "Cost Of Revenue": 642000000.0,
        "Total Revenue": 1255000000.0,
        "Operating Revenue": 1255000000.0
    },
    "2024-12-31": {
        "Tax Effect Of Unusual Items": 1730769.230769,
        "Tax Rate For Calcs": 0.216346,
        "Normalized EBITDA": 301000000.0,
        "Total Unusual Items": 8000000.0,
        "Total Unusual Items Excluding Goodwill": 8000000.0,
        "Net Income From Continuing Operation Net Minority Interest": 163000000.0,
        "Reconciled Depreciation": 42000000.0,
        "Reconciled Cost Of Revenue": 668000000.0,
        "EBITDA": 309000000.0,
        "EBIT": 267000000.0,
        "Net Interest Income": -27000000.0,
        "Interest Expense": NaN,
        "Normalized Income": 156730769.230769,
        "Net Income From Continuing And Discontinued Operation": 163000000.0,
        "Total Expenses": 1106000000.0,
        "Total Operating Income As Reported": 225000000.0,
        "Diluted Average Shares": 51986818.0,
        "Basic Average Shares": 51542093.0,
        "Diluted EPS": 3.14,
        "Basic EPS": 3.17,
        "Diluted NI Availto Com Stockholders": 163000000.0,
        "Net Income Common Stockholders": 163000000.0,
        "Net Income": 163000000.0,
        "Net Income Including Noncontrolling Interests": 163000000.0,
        "Net Income Continuous Operations": 163000000.0,
        "Tax Provision": 45000000.0,
        "Pretax Income": 208000000.0,
        "Other Income Expense": 7000000.0,
        "Other Non Operating Income Expenses": -1000000.0,
        "Special Income Charges": -3000000.0,
        "Restructuring And Mergern Acquisition": 3000000.0,
        "Gain On Sale Of Security": 11000000.0,
        "Net Non Operating Interest Income Expense": -27000000.0,
        "Total Other Finance Cost": NaN,
        "Interest Expense Non Operating": NaN,
        "Operating Income": 228000000.0,
        "Operating Expense": 420000000.0,
        "Depreciation Amortization Depletion Income Statement": 24000000.0,
        "Depreciation And Amortization In Income Statement": 24000000.0,
        "Amortization": 24000000.0,
        "Amortization Of Intangibles Income Statement": 24000000.0,
        "Research And Development": 138000000.0,
        "Selling General And Administration": 258000000.0,
        "Selling And Marketing Expense": 151000000.0,
        "General And Administrative Expense": 107000000.0,
        "Other Gand A": 107000000.0,
        "Gross Profit": 648000000.0,
        "Cost Of Revenue": 686000000.0,
        "Total Revenue": 1334000000.0,
        "Operating Revenue": 1334000000.0
    }
}