{
    "2023-03-31": {
        "Tax Effect Of Unusual Items": 0.0,
        "Tax Rate For Calcs": 0.268,
        "Normalized EBITDA": 23913000.0,
        "Net Income From Continuing Operation Net Minority Interest": 9872000.0,
        "Reconciled Depreciation": 6201000.0,
        "Reconciled Cost Of Revenue": 452636000.0,
        "EBITDA": 23913000.0,
        "EBIT": 17712000.0,
        "Net Interest Income": -4223000.0,
        "Interest Expense": 4223000.0,
        "Normalized Income": 9872000.0,
        "Net Income From Continuing And Discontinued Operation": 9872000.0,
        "Total Expenses": 555353000.0,
        "Rent Expense Supplemental": 4544000.0,
        "Total Operating Income As Reported": 17723000.0,
        "Diluted Average Shares": 11571000.0,
        "Basic Average Shares": 11570000.0,
        "Diluted EPS": 0.85,
        "Basic EPS": 0.85,
        "Diluted NI Availto Com Stockholders": 9872000.0,
        "Net Income Common Stockholders": 9872000.0,
        "Net Income": 9872000.0,
        "Net Income Including Noncontrolling Interests": 9872000.0,
        "Net Income Continuous Operations": 9872000.0,
        "Tax Provision": 3617000.0,
        "Pretax Income": 13489000.0,
        "Other Income Expense": -11000.0,
        "Other Non Operating Income Expenses": -11000.0,
        "Net Non Operating Interest Income Expense": -4223000.0,
        "Interest Expense Non Operating": 4223000.0,
        "Operating Income": 17723000.0,
        "Operating Expense": 102717000.0,
        "Other Operating Expenses": 30649000.0,
        "Depreciation Amortization Depletion Income Statement": 6201000.0,
        "Depreciation And Amortization In Income Statement": 6201000.0,
        "Amortization": 1124000.0,
        "Amortization Of Intangibles Income Statement": 1124000.0,
        "Depreciation Income Statement": 5077000.0,
        "Selling General And Administration": 65867000.0,
        "Selling And Marketing Expense": 28138000.0,
        "General And Administrative Expense": 37729000.0,
        "Other Gand A": 33185000.0,
        "Rent And Landing Fees": 4544000.0,
        "Gross Profit": 120440000.0,
        "Cost Of Revenue": 452636000.0,
        "Total Revenue": 573076000.0,
        "Operating Revenue": 573076000.0
    },
    "2022-12-31": {
        "Tax Effect Of Unusual Items": 0.0,
        "Tax Rate For Calcs": 0.185893,
        "Normalized EBITDA": 12937000.0,
        "Net Income From Continuing Operation Net Minority Interest": 3959000.0,
        "Reconciled Depreciation": 5270000.0,
        "Reconciled Cost Of Revenue": 430685000.0,
        "EBITDA": 12937000.0,
        "EBIT": 7667000.0,
        "Net Interest Income": -2804000.0,
        "Interest Expense": 2804000.0,
        "Normalized Income": 3959000.0,
        "Net Income From Continuing And Discontinued Operation": 3959000.0,
        "Total Expenses": 512370000.0,
        "Rent Expense Supplemental": 3147000.0,
        "Total Operating Income As Reported": 7674000.0,
        "Diluted Average Shares": 11567000.0,
        "Basic Average Shares": 11554000.0,
        "Diluted EPS": 0.34,
        "Basic EPS": 0.34,
        "Diluted NI Availto Com Stockholders": 3959000.0,
        "Net Income Common Stockholders": 3959000.0,
        "Net Income": 3959000.0,
        "Net Income Including Noncontrolling Interests": 3959000.0,
        "Net Income Continuous Operations": 3959000.0,
        "Tax Provision": 904000.0,
        "Pretax Income": 4863000.0,
        "Other Income Expense": -7000.0,
        "Other Non Operating Income Expenses": -7000.0,
        "Net Non Operating Interest Income Expense": -2804000.0,
        "Interest Expense Non Operating": 2804000.0,
        "Operating Income": 7674000.0,
        "Operating Expense": 81559000.0,
        "Other Operating Expenses": 25599000.0,
        "Depreciation Amortization Depletion Income Statement": 5144000.0,
        "Depreciation And Amortization In Income Statement": 5144000.0,
        "Amortization": 625000.0,
        "Amortization Of Intangibles Income Statement": 625000.0,
        "Depreciation Income Statement": 4519000.0,
        "Selling General And Administration": 50816000.0,
        "Selling And Marketing Expense": 22185000.0,
        "General And Administrative Expense": 28631000.0,
        "Other Gand A": 25484000.0,
        "Rent And Landing Fees": 3147000.0,
        "Gross Profit": 89233000.0,
        "Cost Of Revenue": 430811000.0,
        "Total Revenue": 520044000.0,
        "Operating Revenue": 520044000.0
    },
    "2022-09-30": {
        "Tax Effect Of Unusual Items": 0.0,
        "Tax Rate For Calcs": 0.250031,
        "Normalized EBITDA": 23735000.0,
        "Net Income From Continuing Operation Net Minority Interest": 12046000.0,
        "Reconciled Depreciation": 4666000.0,
        "Reconciled Cost Of Revenue": 527466000.0,
        "EBITDA": 23735000.0,
        "EBIT": 19069000.0,
        "Net Interest Income": -3007000.0,
        "Interest Expense": 3007000.0,
        "Normalized Income": 12046000.0,
        "Net Income From Continuing And Discontinued Operation": 12046000.0,
        "Total Expenses": 615351000.0,
        "Rent Expense Supplemental": 3173000.0,
        "Total Operating Income As Reported": 19086000.0,
        "Diluted Average Shares": 11557000.0,
        "Basic Average Shares": 11548000.0,
        "Diluted EPS": 1.04,
        "Basic EPS": 1.04,
        "Diluted NI Availto Com Stockholders": 12046000.0,
        "Net Income Common Stockholders": 12046000.0,
        "Net Income": 12046000.0,
        "Net Income Including Noncontrolling Interests": 12046000.0,
        "Net Income Continuous Operations": 12046000.0,
        "Tax Provision": 4016000.0,
        "Pretax Income": 16062000.0,
        "Other Income Expense": -17000.0,
        "Other Non Operating Income Expenses": -17000.0,
        "Net Non Operating Interest Income Expense": -3007000.0,
        "Interest Expense Non Operating": 3007000.0,
        "Operating Income": 19086000.0,
        "Operating Expense": 87885000.0,
        "Other Operating Expenses": 27397000.0,
        "Depreciation Amortization Depletion Income Statement": 4666000.0,
        "Depreciation And Amortization In Income Statement": 4666000.0,
        "Amortization": 604000.0,
        "Amortization Of Intangibles Income Statement": 604000.0,
        "Depreciation Income Statement": 4062000.0,
        "Selling General And Administration": 55822000.0,
        "Selling And Marketing Expense": 25720000.0,
        "General And Administrative Expense": 30102000.0,
        "Other Gand A": 26929000.0,
        "Rent And Landing Fees": 3173000.0,
        "Gross Profit": 106971000.0,
        "Cost Of Revenue": 527466000.0,
        "Total Revenue": 634437000.0,
        "Operating Revenue": 634437000.0
    },
    "2022-06-30": {
        "Tax Effect Of Unusual Items": 0.0,
        "Tax Rate For Calcs": 0.271,
        "Normalized EBITDA": 58910000.0,
        "Net Income From Continuing Operation Net Minority Interest": 37624000.0,
        "Reconciled Depreciation": 5060000.0,
        "Reconciled Cost Of Revenue": 560432000.0,
        "EBITDA": 58910000.0,
        "EBIT": 53850000.0,
        "Net Interest Income": -2271000.0,
        "Interest Expense": 2271000.0,
        "Normalized Income": 37624000.0,
        "Net Income From Continuing And Discontinued Operation": 37624000.0,
        "Total Expenses": 655311000.0,
        "Rent Expense Supplemental": 3291000.0,
        "Total Operating Income As Reported": 53865000.0,
        "Diluted Average Shares": 11545000.0,
        "Basic Average Shares": 11538000.0,
        "Diluted EPS": 3.26,
        "Basic EPS": 3.26,
        "Diluted NI Availto Com Stockholders": 37624000.0,
        "Net Income Common Stockholders": 37624000.0,
        "Net Income": 37624000.0,
        "Net Income Including Noncontrolling Interests": 37624000.0,
        "Net Income Continuous Operations": 37624000.0,
        "Tax Provision": 13955000.0,
        "Pretax Income": 51579000.0,
        "Other Income Expense": -15000.0,
        "Other Non Operating Income Expenses": -15000.0,
        "Net Non Operating Interest Income Expense": -2271000.0,
        "Interest Expense Non Operating": 2271000.0,
        "Operating Income": 53865000.0,
        "Operating Expense": 94765000.0,
        "Other Operating Expenses": 27624000.0,
        "Depreciation Amortization Depletion Income Statement": 4946000.0,
        "Depreciation And Amortization In Income Statement": 4946000.0,
        "Amortization": 592000.0,
        "Amortization Of Intangibles Income Statement": 592000.0,
        "Depreciation Income Statement": 4354000.0,
        "Selling General And Administration": 89819000.0,
        "Selling And Marketing Expense": 26935000.0,
        "General And Administrative Expense": 62884000.0,
        "Other Gand A": 59593000.0,
        "Rent And Landing Fees": 3291000.0,
        "Gross Profit": 148630000.0,
        "Cost Of Revenue": 560546000.0,
        "Total Revenue": 709176000.0,
        "Operating Revenue": 709176000.0
    },
    "2022-03-31": {
        "Diluted EPS": 3.23,
        "Total Revenue": 696,
        "Gross Profit": 141,
        "Operating Income": 53,
        "EBIT": 58,
        "Net Income": 37
    },
    "2021-12-31": {
        "Diluted EPS": 2.16,
        "Total Revenue": 625,
        "Gross Profit": 127,
        "Operating Income": 36,
        "EBIT": 41,
        "Net Income": 25
    },
    "2021-09-30": {
        "Diluted EPS": 3.87,
        "Total Revenue": 668,
        "Gross Profit": 148,
        "Operating Income": 62,
        "EBIT": 67,
        "Net Income": 45
    },
    "2021-06-30": {
        "Diluted EPS": 2.58,
        "Total Revenue": 556,
        "Gross Profit": 127,
        "Operating Income": 42,
        "EBIT": 48,
        "Net Income": 30
    },
    "2021-03-31": {
        "Diluted EPS": 1.91,
        "Total Revenue": 463,
        "Gross Profit": 108,
        "Operating Income": 32,
        "EBIT": 37,
        "Net Income": 22
    },
    "2020-12-31": {
        "Diluted EPS": 0.15,
        "Total Revenue": 332,
        "Gross Profit": 71,
        "Operating Income": 5,
        "EBIT": 10,
        "Net Income": 2
    },
    "2020-09-30": {
        "Diluted EPS": -0.13,
        "Total Revenue": 300,
        "Gross Profit": 60,
        "Operating Income": 0,
        "EBIT": 5,
        "Net Income": -2
    },
    "2020-06-30": {
        "Diluted EPS": -0.56,
        "Total Revenue": 248,
        "Gross Profit": 52,
        "Operating Income": -7,
        "EBIT": -2,
        "Net Income": -6
    },
    "2020-03-31": {
        "Diluted EPS": 0.05,
        "Total Revenue": 354,
        "Gross Profit": 72,
        "Operating Income": 3,
        "EBIT": 8,
        "Net Income": 1
    },
    "2019-12-31": {
        "Diluted EPS": -0.07,
        "Total Revenue": 320,
        "Gross Profit": 69,
        "Operating Income": 1,
        "EBIT": 6,
        "Net Income": -1
    },
    "2019-09-30": {
        "Diluted EPS": 0.05,
        "Total Revenue": 384,
        "Gross Profit": 73,
        "Operating Income": 4,
        "EBIT": 8,
        "Net Income": 1
    },
    "2019-06-30": {
        "Diluted EPS": 0.18,
        "Total Revenue": 429,
        "Gross Profit": 78,
        "Operating Income": 6,
        "EBIT": 11,
        "Net Income": 2
    },
    "2019-03-31": {
        "Diluted EPS": 0.18,
        "Total Revenue": 446,
        "Gross Profit": 80,
        "Operating Income": 6,
        "EBIT": 11,
        "Net Income": 2
    },
    "2018-12-31": {
        "Diluted EPS": -0.12,
        "Total Revenue": 430,
        "Gross Profit": 73,
        "Operating Income": 2,
        "EBIT": 7,
        "Net Income": -1
    },
    "2018-09-30": {
        "Diluted EPS": 1.01,
        "Total Revenue": 457,
        "Gross Profit": 92,
        "Operating Income": 19,
        "EBIT": 23,
        "Net Income": 12
    },
    "2018-06-30": {
        "Diluted EPS": 1.39,
        "Total Revenue": 453,
        "Gross Profit": 97,
        "Operating Income": 24,
        "EBIT": 29,
        "Net Income": 16
    },
    "2018-03-31": {
        "Diluted EPS": 0.67,
        "Total Revenue": 376,
        "Gross Profit": 81,
        "Operating Income": 12,
        "EBIT": 17,
        "Net Income": 8
    },
    "2017-12-31": {
        "Diluted EPS": 0.37,
        "Total Revenue": 308,
        "Gross Profit": 60,
        "Operating Income": -2,
        "EBIT": 3,
        "Net Income": 4
    },
    "2017-09-30": {
        "Diluted EPS": 0.2,
        "Total Revenue": 331,
        "Gross Profit": 66,
        "Operating Income": 5,
        "EBIT": 10,
        "Net Income": 2
    },
    "2017-06-30": {
        "Diluted EPS": 0.42,
        "Total Revenue": 356,
        "Gross Profit": 73,
        "Operating Income": 10,
        "EBIT": 14,
        "Net Income": 5
    },
    "2017-03-31": {
        "Diluted EPS": 0.68,
        "Total Revenue": 335,
        "Gross Profit": 76,
        "Operating Income": 11,
        "EBIT": 16,
        "Net Income": 8
    },
    "2016-12-31": {
        "Diluted EPS": -0.19,
        "Total Revenue": 255,
        "Gross Profit": 51,
        "Operating Income": -3,
        "EBIT": 2,
        "Net Income": -2
    },
    "2016-09-30": {
        "Diluted EPS": -0.16,
        "Total Revenue": 268,
        "Gross Profit": 57,
        "Operating Income": 0,
        "EBIT": 5,
        "Net Income": -2
    },
    "2016-06-30": {
        "Diluted EPS": 0.32,
        "Total Revenue": 274,
        "Gross Profit": 68,
        "Operating Income": 8,
        "EBIT": 13,
        "Net Income": 4
    },
    "2016-03-31": {
        "Diluted EPS": -0.07,
        "Total Revenue": 258,
        "Gross Profit": 59,
        "Operating Income": 0,
        "EBIT": 5,
        "Net Income": -1
    },
    "2015-12-31": {
        "Diluted EPS": -0.45,
        "Total Revenue": 238,
        "Gross Profit": 49,
        "Operating Income": -7,
        "EBIT": -2,
        "Net Income": -5
    },
    "2015-09-30": {
        "Diluted EPS": -0.05,
        "Total Revenue": 277,
        "Gross Profit": 59,
        "Operating Income": 0,
        "EBIT": 5,
        "Net Income": -1
    },
    "2015-06-30": {
        "Diluted EPS": -1.99,
        "Total Revenue": 315,
        "Gross Profit": 59,
        "Operating Income": -24,
        "EBIT": 5,
        "Net Income": -22
    },
    "2015-03-31": {
        "Diluted EPS": 0.1,
        "Total Revenue": 346,
        "Gross Profit": 66,
        "Operating Income": 3,
        "EBIT": 8,
        "Net Income": 1
    },
    "2014-12-31": {
        "Diluted EPS": -2.42,
        "Total Revenue": 327,
        "Gross Profit": 58,
        "Operating Income": -27,
        "EBIT": 2,
        "Net Income": -27
    },
    "2014-09-30": {
        "Diluted EPS": 0.14,
        "Total Revenue": 377,
        "Gross Profit": 72,
        "Operating Income": 4,
        "EBIT": 9,
        "Net Income": 2
    },
    "2014-06-30": {
        "Diluted EPS": 0.32,
        "Total Revenue": 386,
        "Gross Profit": 75,
        "Operating Income": 7,
        "EBIT": 13,
        "Net Income": 3
    },
    "2014-03-31": {
        "Diluted EPS": 0.25,
        "Total Revenue": 347,
        "Gross Profit": 71,
        "Operating Income": 6,
        "EBIT": 12,
        "Net Income": 3
    },
    "2013-12-31": {
        "Diluted EPS": -0.13,
        "Total Revenue": 290,
        "Gross Profit": 60,
        "Operating Income": 0,
        "EBIT": 6,
        "Net Income": -1
    },
    "2013-09-30": {
        "Diluted EPS": 0.12,
        "Total Revenue": 304,
        "Gross Profit": 63,
        "Operating Income": 4,
        "EBIT": 10,
        "Net Income": 1
    },
    "2013-06-30": {
        "Diluted EPS": 0.23,
        "Total Revenue": 331,
        "Gross Profit": 69,
        "Operating Income": 6,
        "EBIT": 12,
        "Net Income": 3
    },
    "2013-03-31": {
        "Diluted EPS": 0.47,
        "Total Revenue": 338,
        "Gross Profit": 72,
        "Operating Income": 10,
        "EBIT": 15,
        "Net Income": 5
    },
    "2012-12-31": {
        "Diluted EPS": -0.92,
        "Total Revenue": 292,
        "Gross Profit": 57,
        "Operating Income": -8,
        "EBIT": 4,
        "Net Income": -10
    },
    "2012-09-30": {
        "Diluted EPS": 0.15,
        "Total Revenue": 343,
        "Gross Profit": 66,
        "Operating Income": 5,
        "EBIT": 10,
        "Net Income": 2
    },
    "2012-06-30": {
        "Diluted EPS": 0.41,
        "Total Revenue": 367,
        "Gross Profit": 71,
        "Operating Income": 10,
        "EBIT": 15,
        "Net Income": 5
    },
    "2012-03-31": {
        "Diluted EPS": 0.57,
        "Total Revenue": 382,
        "Gross Profit": 75,
        "Operating Income": 12,
        "EBIT": 18,
        "Net Income": 6
    },
    "2011-12-31": {
        "Diluted EPS": 0.05,
        "Total Revenue": 320,
        "Gross Profit": 62,
        "Operating Income": 4,
        "EBIT": 9,
        "Net Income": 1
    },
    "2011-09-30": {
        "Diluted EPS": 0.56,
        "Total Revenue": 349,
        "Gross Profit": 67,
        "Operating Income": 9,
        "EBIT": 14,
        "Net Income": 6
    },
    "2011-06-30": {
        "Diluted EPS": 0.73,
        "Total Revenue": 299,
        "Gross Profit": 60,
        "Operating Income": 14,
        "EBIT": 17,
        "Net Income": 8
    },
    "2011-03-31": {
        "Diluted EPS": 0.94,
        "Total Revenue": 294,
        "Gross Profit": 63,
        "Operating Income": 17,
        "EBIT": 21,
        "Net Income": 10
    },
    "2010-12-31": {
        "Diluted EPS": -0.15,
        "Total Revenue": 215,
        "Gross Profit": 38,
        "Operating Income": -2,
        "EBIT": 2,
        "Net Income": -2
    },
    "2010-09-30": {
        "Diluted EPS": -0.11,
        "Total Revenue": 209,
        "Gross Profit": 37,
        "Operating Income": -1,
        "EBIT": 2,
        "Net Income": -1
    },
    "2010-06-30": {
        "Diluted EPS": 0.3,
        "Total Revenue": 213,
        "Gross Profit": 43,
        "Operating Income": 6,
        "EBIT": 9,
        "Net Income": 3
    },
    "2010-03-31": {
        "Diluted EPS": 0.16,
        "Total Revenue": 168,
        "Gross Profit": 35,
        "Operating Income": 3,
        "EBIT": 7,
        "Net Income": 2
    },
    "2009-12-31": {
        "Diluted EPS": -0.23,
        "Total Revenue": 138,
        "Gross Profit": 27,
        "Operating Income": -4,
        "EBIT": -1,
        "Net Income": -3
    },
    "2009-09-30": {
        "Diluted EPS": 0.06,
        "Total Revenue": 122,
        "Gross Profit": 30,
        "Operating Income": 2,
        "EBIT": 5,
        "Net Income": 1
    },
    "2009-06-30": {
        "Diluted EPS": -3.11,
        "Total Revenue": 122,
        "Gross Profit": -26,
        "Operating Income": -53,
        "EBIT": -50,
        "Net Income": -34
    },
    "2009-03-31": {
        "Diluted EPS": -2.34,
        "Total Revenue": 141,
        "Gross Profit": -10,
        "Operating Income": -42,
        "EBIT": -39,
        "Net Income": -25
    },
    "2023-06-30": {
        "Tax Effect Of Unusual Items": NaN,
        "Tax Rate For Calcs": NaN,
        "Normalized EBITDA": NaN,
        "Net Income From Continuing Operation Net Minority Interest": NaN,
        "Reconciled Depreciation": NaN,
        "Reconciled Cost Of Revenue": NaN,
        "EBITDA": NaN,
        "EBIT": NaN,
        "Net Interest Income": NaN,
        "Interest Expense": NaN,
        "Normalized Income": NaN,
        "Net Income From Continuing And Discontinued Operation": NaN,
        "Total Expenses": NaN,
        "Rent Expense Supplemental": NaN,
        "Total Operating Income As Reported": NaN,
        "Diluted Average Shares": 11572000.0,
        "Basic Average Shares": 11569000.0,
        "Diluted EPS": 1.3,
        "Basic EPS": 1.3,
        "Diluted NI Availto Com Stockholders": NaN,
        "Net Income Common Stockholders": NaN,
        "Net Income": NaN,
        "Net Income Including Noncontrolling Interests": NaN,
        "Net Income Continuous Operations": NaN,
        "Tax Provision": NaN,
        "Pretax Income": NaN,
        "Other Income Expense": NaN,
        "Other Non Operating Income Expenses": NaN,
        "Net Non Operating Interest Income Expense": NaN,
        "Interest Expense Non Operating": NaN,
        "Operating Income": NaN,
        "Operating Expense": NaN,
        "Other Operating Expenses": NaN,
        "Depreciation Amortization Depletion Income Statement": NaN,
        "Depreciation And Amortization In Income Statement": NaN,
        "Amortization": NaN,
        "Amortization Of Intangibles Income Statement": NaN,
        "Depreciation Income Statement": NaN,
        "Selling General And Administration": NaN,
        "Selling And Marketing Expense": NaN,
        "General And Administrative Expense": NaN,
        "Other Gand A": NaN,
        "Rent And Landing Fees": NaN,
        "Gross Profit": NaN,
        "Cost Of Revenue": NaN,
        "Total Revenue": NaN,
        "Operating Revenue": NaN
    },
    "2023-09-30": {
        "Tax Effect Of Unusual Items": 0.0,
        "Tax Rate For Calcs": 0.277,
        "Normalized EBITDA": 27042000.0,
        "Net Income From Continuing Operation Net Minority Interest": 12230000.0,
        "Reconciled Depreciation": 6185000.0,
        "Reconciled Cost Of Revenue": 414480000.0,
        "EBITDA": 27042000.0,
        "EBIT": 20857000.0,
        "Net Interest Income": -3953000.0,
        "Interest Expense": 3953000.0,
        "Normalized Income": 12230000.0,
        "Net Income From Continuing And Discontinued Operation": 12230000.0,
        "Total Expenses": 505526000.0,
        "Rent Expense Supplemental": 3797000.0,
        "Total Operating Income As Reported": 20885000.0,
        "Diluted Average Shares": 11592000.0,
        "Basic Average Shares": 11586000.0,
        "Diluted EPS": 1.06,
        "Basic EPS": 1.06,
        "Diluted NI Availto Com Stockholders": 12230000.0,
        "Net Income Common Stockholders": 12230000.0,
        "Net Income": 12230000.0,
        "Net Income Including Noncontrolling Interests": 12230000.0,
        "Net Income Continuous Operations": 12230000.0,
        "Tax Provision": 4674000.0,
        "Pretax Income": 16904000.0,
        "Other Income Expense": -28000.0,
        "Other Non Operating Income Expenses": -28000.0,
        "Net Non Operating Interest Income Expense": -3953000.0,
        "Interest Expense Non Operating": 3953000.0,
        "Operating Income": 20885000.0,
        "Operating Expense": 91046000.0,
        "Other Operating Expenses": 28954000.0,
        "Depreciation Amortization Depletion Income Statement": 6185000.0,
        "Depreciation And Amortization In Income Statement": 6185000.0,
        "Amortization": 1177000.0,
        "Amortization Of Intangibles Income Statement": 1177000.0,
        "Depreciation Income Statement": 5008000.0,
        "Selling General And Administration": 55907000.0,
        "Selling And Marketing Expense": 25929000.0,
        "General And Administrative Expense": 29978000.0,
        "Other Gand A": 26181000.0,
        "Rent And Landing Fees": 3797000.0,
        "Gross Profit": 111931000.0,
        "Cost Of Revenue": 414480000.0,
        "Total Revenue": 526411000.0,
        "Operating Revenue": 526411000.0
    },
    "2023-12-31": {
        "Tax Effect Of Unusual Items": 0.0,
        "Tax Rate For Calcs": 0.23257,
        "Normalized EBITDA": 21597000.0,
        "Net Income From Continuing Operation Net Minority Interest": 7408000.0,
        "Reconciled Depreciation": 8317000.0,
        "Reconciled Cost Of Revenue": 374942000.0,
        "EBITDA": 21597000.0,
        "EBIT": 13280000.0,
        "Net Interest Income": -3627000.0,
        "Interest Expense": 3627000.0,
        "Normalized Income": 7408000.0,
        "Net Income From Continuing And Discontinued Operation": 7408000.0,
        "Total Expenses": 476117000.0,
        "Rent Expense Supplemental": 4068000.0,
        "Total Operating Income As Reported": 13291000.0,
        "Diluted Average Shares": 11587000.0,
        "Basic Average Shares": 11578000.0,
        "Diluted EPS": 0.64,
        "Basic EPS": 0.64,
        "Diluted NI Availto Com Stockholders": 7408000.0,
        "Net Income Common Stockholders": 7408000.0,
        "Net Income": 7408000.0,
        "Net Income Including Noncontrolling Interests": 7408000.0,
        "Net Income Continuous Operations": 7408000.0,
        "Tax Provision": 2245000.0,
        "Pretax Income": 9653000.0,
        "Other Income Expense": -11000.0,
        "Other Non Operating Income Expenses": -11000.0,
        "Net Non Operating Interest Income Expense": -3627000.0,
        "Interest Expense Non Operating": 3627000.0,
        "Operating Income": 13291000.0,
        "Operating Expense": 100442000.0,
        "Other Operating Expenses": 31087000.0,
        "Depreciation Amortization Depletion Income Statement": 7584000.0,
        "Depreciation And Amortization In Income Statement": 7584000.0,
        "Amortization": 1369000.0,
        "Amortization Of Intangibles Income Statement": 1369000.0,
        "Depreciation Income Statement": 6215000.0,
        "Selling General And Administration": 61771000.0,
        "Selling And Marketing Expense": 26511000.0,
        "General And Administrative Expense": 35260000.0,
        "Other Gand A": 31192000.0,
        "Rent And Landing Fees": 4068000.0,
        "Gross Profit": 113733000.0,
        "Cost Of Revenue": 375675000.0,
        "Total Revenue": 489408000.0,
        "Operating Revenue": 489408000.0
    },
    "2024-03-31": {
        "Tax Effect Of Unusual Items": 0.0,
        "Tax Rate For Calcs": 0.27,
        "Normalized EBITDA": 23253000.0,
        "Net Income From Continuing Operation Net Minority Interest": 8697000.0,
        "Reconciled Depreciation": 7334000.0,
        "Reconciled Cost Of Revenue": 407538000.0,
        "EBITDA": 23253000.0,
        "EBIT": 15919000.0,
        "Net Interest Income": -4010000.0,
        "Interest Expense": 4010000.0,
        "Normalized Income": 8697000.0,
        "Net Income From Continuing And Discontinued Operation": 8697000.0,
        "Total Expenses": 510704000.0,
        "Rent Expense Supplemental": 4493000.0,
        "Total Operating Income As Reported": 15938000.0,
        "Diluted Average Shares": 11663000.0,
        "Basic Average Shares": 11663000.0,
        "Diluted EPS": 0.75,
        "Basic EPS": 0.75,
        "Diluted NI Availto Com Stockholders": 8697000.0,
        "Net Income Common Stockholders": 8697000.0,
        "Net Income": 8697000.0,
        "Net Income Including Noncontrolling Interests": 8697000.0,
        "Net Income Continuous Operations": 8697000.0,
        "Tax Provision": 3212000.0,
        "Pretax Income": 11909000.0,
        "Other Income Expense": -19000.0,
        "Other Non Operating Income Expenses": -19000.0,
        "Net Non Operating Interest Income Expense": -4010000.0,
        "Interest Expense Non Operating": 4010000.0,
        "Operating Income": 15938000.0,
        "Operating Expense": 103166000.0,
        "Other Operating Expenses": 32893000.0,
        "Depreciation Amortization Depletion Income Statement": 7334000.0,
        "Depreciation And Amortization In Income Statement": 7334000.0,
        "Amortization": 1328000.0,
        "Amortization Of Intangibles Income Statement": 1328000.0,
        "Depreciation Income Statement": 6006000.0,
        "Selling General And Administration": 62939000.0,
        "Selling And Marketing Expense": 28294000.0,
        "General And Administrative Expense": 34645000.0,
        "Other Gand A": 30152000.0,
        "Rent And Landing Fees": 4493000.0,
        "Gross Profit": 119104000.0,
        "Cost Of Revenue": 407538000.0,
        "Total Revenue": 526642000.0,
        "Operating Revenue": 526642000.0
    },
    "2024-06-30": {
        "Tax Effect Of Unusual Items": 0.0,
        "Tax Rate For Calcs": 0.284,
        "Normalized EBITDA": 22366000.0,
        "Net Income From Continuing Operation Net Minority Interest": 7660000.0,
        "Reconciled Depreciation": 7277000.0,
        "Reconciled Cost Of Revenue": 406497000.0,
        "EBITDA": 22366000.0,
        "EBIT": 15089000.0,
        "Net Interest Income": -4393000.0,
        "Interest Expense": 4393000.0,
        "Normalized Income": 7660000.0,
        "Net Income From Continuing And Discontinued Operation": 7660000.0,
        "Total Expenses": 511140000.0,
        "Rent Expense Supplemental": 4293000.0,
        "Total Operating Income As Reported": 15110000.0,
        "Diluted Average Shares": 11662000.0,
        "Basic Average Shares": 11662000.0,
        "Diluted EPS": 0.66,
        "Basic EPS": 0.66,
        "Diluted NI Availto Com Stockholders": 7660000.0,
        "Net Income Common Stockholders": 7660000.0,
        "Net Income": 7660000.0,
        "Net Income Including Noncontrolling Interests": 7660000.0,
        "Net Income Continuous Operations": 7660000.0,
        "Tax Provision": 3036000.0,
        "Pretax Income": 10696000.0,
        "Other Income Expense": -21000.0,
        "Other Non Operating Income Expenses": -21000.0,
        "Net Non Operating Interest Income Expense": -4393000.0,
        "Interest Expense Non Operating": 4393000.0,
        "Operating Income": 15110000.0,
        "Operating Expense": 104593000.0,
        "Other Operating Expenses": 33243000.0,
        "Depreciation Amortization Depletion Income Statement": 7227000.0,
        "Depreciation And Amortization In Income Statement": 7227000.0,
        "Amortization": 1388000.0,
        "Amortization Of Intangibles Income Statement": 1388000.0,
        "Depreciation Income Statement": 5839000.0,
        "Selling General And Administration": 64123000.0,
        "Selling And Marketing Expense": 30663000.0,
        "General And Administrative Expense": 33460000.0,
        "Other Gand A": 29167000.0,
        "Rent And Landing Fees": 4293000.0,
        "Gross Profit": 119703000.0,
        "Cost Of Revenue": 406547000.0,
        "Total Revenue": 526250000.0,
        "Operating Revenue": 526250000.0
    },
    "2024-09-30": {
        "Tax Effect Of Unusual Items": 0.0,
        "Tax Rate For Calcs": 0.299513,
        "Normalized EBITDA": 15017000.0,
        "Net Income From Continuing Operation Net Minority Interest": 2734000.0,
        "Reconciled Depreciation": 7184000.0,
        "Reconciled Cost Of Revenue": 363194000.0,
        "EBITDA": 15017000.0,
        "EBIT": 7783000.0,
        "Net Interest Income": -3880000.0,
        "Interest Expense": 3880000.0,
        "Normalized Income": 2734000.0,
        "Net Income From Continuing And Discontinued Operation": 2734000.0,
        "Total Expenses": 462187000.0,
        "Rent Expense Supplemental": 4262000.0,
        "Total Operating Income As Reported": 7809000.0,
        "Diluted Average Shares": NaN,
        "Basic Average Shares": NaN,
        "Diluted EPS": NaN,
        "Basic EPS": NaN,
        "Diluted NI Availto Com Stockholders": 2734000.0,
        "Net Income Common Stockholders": 2734000.0,
        "Net Income": 2734000.0,
        "Net Income Including Noncontrolling Interests": 2734000.0,
        "Net Income Continuous Operations": 2734000.0,
        "Tax Provision": 1169000.0,
        "Pretax Income": 3903000.0,
        "Other Income Expense": -26000.0,
        "Other Non Operating Income Expenses": -26000.0,
        "Net Non Operating Interest Income Expense": -3880000.0,
        "Interest Expense Non Operating": 3880000.0,
        "Operating Income": 7809000.0,
        "Operating Expense": 99043000.0,
        "Other Operating Expenses": 31719000.0,
        "Depreciation Amortization Depletion Income Statement": 7234000.0,
        "Depreciation And Amortization In Income Statement": 7234000.0,
        "Amortization": 1494000.0,
        "Amortization Of Intangibles Income Statement": 1494000.0,
        "Depreciation Income Statement": 5740000.0,
        "Selling General And Administration": 60090000.0,
        "Selling And Marketing Expense": 27602000.0,
        "General And Administrative Expense": 32488000.0,
        "Other Gand A": 28226000.0,
        "Rent And Landing Fees": 4262000.0,
        "Gross Profit": 106852000.0,
        "Cost Of Revenue": 363144000.0,
        "Total Revenue": 469996000.0,
        "Operating Revenue": 469996000.0
    }
}