{
    "2023-03-31": {
        "Tax Effect Of Unusual Items": NaN,
        "Tax Rate For Calcs": NaN,
        "Normalized EBITDA": NaN,
        "Net Income From Continuing Operation Net Minority Interest": NaN,
        "Reconciled Depreciation": NaN,
        "Reconciled Cost Of Revenue": NaN,
        "EBITDA": NaN,
        "EBIT": NaN,
        "Net Interest Income": NaN,
        "Interest Expense": NaN,
        "Normalized Income": NaN,
        "Net Income From Continuing And Discontinued Operation": NaN,
        "Total Expenses": NaN,
        "Total Operating Income As Reported": NaN,
        "Diluted Average Shares": 109984000.0,
        "Basic Average Shares": 104261000.0,
        "Diluted EPS": 0.05,
        "Basic EPS": 0.05,
        "Diluted NI Availto Com Stockholders": NaN,
        "Net Income Common Stockholders": NaN,
        "Net Income": NaN,
        "Net Income Including Noncontrolling Interests": NaN,
        "Net Income Continuous Operations": NaN,
        "Tax Provision": NaN,
        "Pretax Income": NaN,
        "Other Income Expense": NaN,
        "Other Non Operating Income Expenses": NaN,
        "Net Non Operating Interest Income Expense": NaN,
        "Interest Expense Non Operating": NaN,
        "Operating Income": NaN,
        "Operating Expense": NaN,
        "Research And Development": NaN,
        "Selling General And Administration": NaN,
        "Selling And Marketing Expense": NaN,
        "General And Administrative Expense": NaN,
        "Other Gand A": NaN,
        "Salaries And Wages": NaN,
        "Gross Profit": NaN,
        "Cost Of Revenue": NaN,
        "Total Revenue": NaN,
        "Operating Revenue": NaN
    },
    "2022-12-31": {
        "Tax Effect Of Unusual Items": NaN,
        "Tax Rate For Calcs": NaN,
        "Normalized EBITDA": NaN,
        "Net Income From Continuing Operation Net Minority Interest": NaN,
        "Reconciled Depreciation": NaN,
        "Reconciled Cost Of Revenue": NaN,
        "EBITDA": NaN,
        "EBIT": NaN,
        "Net Interest Income": NaN,
        "Interest Expense": NaN,
        "Normalized Income": NaN,
        "Net Income From Continuing And Discontinued Operation": NaN,
        "Total Expenses": NaN,
        "Total Operating Income As Reported": NaN,
        "Diluted Average Shares": NaN,
        "Basic Average Shares": NaN,
        "Diluted EPS": NaN,
        "Basic EPS": NaN,
        "Diluted NI Availto Com Stockholders": NaN,
        "Net Income Common Stockholders": NaN,
        "Otherunder Preferred Stock Dividend": 0.0,
        "Net Income": NaN,
        "Net Income Including Noncontrolling Interests": NaN,
        "Net Income Continuous Operations": NaN,
        "Tax Provision": NaN,
        "Pretax Income": NaN,
        "Other Income Expense": NaN,
        "Other Non Operating Income Expenses": NaN,
        "Net Non Operating Interest Income Expense": NaN,
        "Interest Expense Non Operating": NaN,
        "Operating Income": NaN,
        "Operating Expense": NaN,
        "Research And Development": NaN,
        "Selling General And Administration": NaN,
        "Selling And Marketing Expense": NaN,
        "General And Administrative Expense": NaN,
        "Other Gand A": NaN,
        "Salaries And Wages": NaN,
        "Gross Profit": NaN,
        "Cost Of Revenue": NaN,
        "Total Revenue": NaN,
        "Operating Revenue": NaN
    },
    "2022-09-30": {
        "Tax Effect Of Unusual Items": NaN,
        "Tax Rate For Calcs": NaN,
        "Normalized EBITDA": NaN,
        "Net Income From Continuing Operation Net Minority Interest": NaN,
        "Reconciled Depreciation": NaN,
        "Reconciled Cost Of Revenue": NaN,
        "EBITDA": NaN,
        "EBIT": NaN,
        "Net Interest Income": NaN,
        "Interest Expense": NaN,
        "Normalized Income": NaN,
        "Net Income From Continuing And Discontinued Operation": NaN,
        "Total Expenses": NaN,
        "Total Operating Income As Reported": NaN,
        "Diluted Average Shares": 119810000.0,
        "Basic Average Shares": 113059000.0,
        "Diluted EPS": 0.17,
        "Basic EPS": 0.18,
        "Diluted NI Availto Com Stockholders": NaN,
        "Net Income Common Stockholders": NaN,
        "Otherunder Preferred Stock Dividend": 0.0,
        "Net Income": NaN,
        "Net Income Including Noncontrolling Interests": NaN,
        "Net Income Continuous Operations": NaN,
        "Tax Provision": NaN,
        "Pretax Income": NaN,
        "Other Income Expense": NaN,
        "Other Non Operating Income Expenses": NaN,
        "Net Non Operating Interest Income Expense": NaN,
        "Interest Expense Non Operating": NaN,
        "Operating Income": NaN,
        "Operating Expense": NaN,
        "Research And Development": NaN,
        "Selling General And Administration": NaN,
        "Selling And Marketing Expense": NaN,
        "General And Administrative Expense": NaN,
        "Other Gand A": NaN,
        "Salaries And Wages": 11459000.0,
        "Gross Profit": NaN,
        "Cost Of Revenue": NaN,
        "Total Revenue": NaN,
        "Operating Revenue": NaN
    },
    "2022-06-30": {
        "Tax Effect Of Unusual Items": 0.0,
        "Tax Rate For Calcs": 0.256,
        "Normalized EBITDA": 27770000.0,
        "Net Income From Continuing Operation Net Minority Interest": 13110000.0,
        "Reconciled Depreciation": 2637000.0,
        "Reconciled Cost Of Revenue": 21757000.0,
        "EBITDA": 27770000.0,
        "EBIT": 25133000.0,
        "Net Interest Income": -7511000.0,
        "Interest Expense": 7511000.0,
        "Normalized Income": 13110000.0,
        "Net Income From Continuing And Discontinued Operation": 13110000.0,
        "Total Expenses": 214846000.0,
        "Total Operating Income As Reported": 25097000.0,
        "Diluted Average Shares": 124091000.0,
        "Basic Average Shares": 116791000.0,
        "Diluted EPS": 0.11,
        "Basic EPS": 0.11,
        "Diluted NI Availto Com Stockholders": 13110000.0,
        "Net Income Common Stockholders": 13110000.0,
        "Otherunder Preferred Stock Dividend": 0.0,
        "Net Income": 13110000.0,
        "Net Income Including Noncontrolling Interests": 13110000.0,
        "Net Income Continuous Operations": 13110000.0,
        "Tax Provision": 4512000.0,
        "Pretax Income": 17622000.0,
        "Other Income Expense": 36000.0,
        "Other Non Operating Income Expenses": 36000.0,
        "Net Non Operating Interest Income Expense": -7511000.0,
        "Interest Expense Non Operating": 7511000.0,
        "Operating Income": 25097000.0,
        "Operating Expense": 193089000.0,
        "Research And Development": 30925000.0,
        "Selling General And Administration": 162164000.0,
        "Selling And Marketing Expense": 136631000.0,
        "General And Administrative Expense": 25533000.0,
        "Other Gand A": 25533000.0,
        "Salaries And Wages": NaN,
        "Gross Profit": 218186000.0,
        "Cost Of Revenue": 21757000.0,
        "Total Revenue": 239943000.0,
        "Operating Revenue": 239943000.0
    },
    "2022-03-31": {
        "Diluted EPS": 0.07,
        "Total Revenue": 227,
        "Gross Profit": 206,
        "Operating Income": 14,
        "EBIT": 17,
        "Net Income": 8
    },
    "2021-12-31": {
        "Diluted EPS": 0.3,
        "Total Revenue": 220,
        "Gross Profit": 200,
        "Operating Income": 25,
        "EBIT": 28,
        "Net Income": 24
    },
    "2021-09-30": {
        "Diluted EPS": 0.17,
        "Total Revenue": 213,
        "Gross Profit": 190,
        "Operating Income": 18,
        "EBIT": 20,
        "Net Income": 22
    },
    "2021-06-30": {
        "Diluted EPS": -0.55,
        "Total Revenue": 183,
        "Gross Profit": 161,
        "Operating Income": -68,
        "EBIT": -66,
        "Net Income": -53
    },
    "2021-03-31": {
        "Diluted EPS": 0.1,
        "Total Revenue": 125,
        "Gross Profit": 109,
        "Operating Income": 16,
        "EBIT": 19,
        "Net Income": 9
    },
    "2020-12-31": {
        "Diluted EPS": 0.0,
        "Total Revenue": NaN,
        "Gross Profit": NaN,
        "Operating Income": NaN,
        "EBIT": NaN,
        "Net Income": NaN
    },
    "2020-09-30": {
        "Diluted EPS": 0.19,
        "Total Revenue": 103,
        "Gross Profit": 90,
        "Operating Income": 23,
        "EBIT": 25,
        "Net Income": 17
    },
    "2020-06-30": {
        "Diluted EPS": 0.18,
        "Total Revenue": 88,
        "Gross Profit": 76,
        "Operating Income": 22,
        "EBIT": 22,
        "Net Income": 16
    },
    "2019-12-31": {
        "Diluted EPS": 0.0,
        "Total Revenue": NaN,
        "Gross Profit": NaN,
        "Operating Income": NaN,
        "EBIT": NaN,
        "Net Income": NaN
    },
    "2023-06-30": {
        "Tax Effect Of Unusual Items": NaN,
        "Tax Rate For Calcs": NaN,
        "Normalized EBITDA": NaN,
        "Net Income From Continuing Operation Net Minority Interest": NaN,
        "Reconciled Depreciation": NaN,
        "Reconciled Cost Of Revenue": NaN,
        "EBITDA": NaN,
        "EBIT": NaN,
        "Net Interest Income": NaN,
        "Interest Expense": NaN,
        "Normalized Income": NaN,
        "Net Income From Continuing And Discontinued Operation": NaN,
        "Total Expenses": NaN,
        "Total Operating Income As Reported": NaN,
        "Diluted Average Shares": 105419000.0,
        "Basic Average Shares": 100212000.0,
        "Diluted EPS": 0.14,
        "Basic EPS": 0.14,
        "Diluted NI Availto Com Stockholders": NaN,
        "Net Income Common Stockholders": NaN,
        "Net Income": NaN,
        "Net Income Including Noncontrolling Interests": NaN,
        "Net Income Continuous Operations": NaN,
        "Tax Provision": NaN,
        "Pretax Income": NaN,
        "Other Income Expense": NaN,
        "Other Non Operating Income Expenses": NaN,
        "Net Non Operating Interest Income Expense": NaN,
        "Interest Expense Non Operating": NaN,
        "Operating Income": NaN,
        "Operating Expense": NaN,
        "Research And Development": NaN,
        "Selling General And Administration": NaN,
        "Selling And Marketing Expense": NaN,
        "General And Administrative Expense": NaN,
        "Other Gand A": NaN,
        "Salaries And Wages": 9564000.0,
        "Gross Profit": NaN,
        "Cost Of Revenue": NaN,
        "Total Revenue": NaN,
        "Operating Revenue": NaN
    },
    "2023-09-30": {
        "Tax Effect Of Unusual Items": NaN,
        "Tax Rate For Calcs": NaN,
        "Normalized EBITDA": NaN,
        "Net Income From Continuing Operation Net Minority Interest": NaN,
        "Reconciled Depreciation": NaN,
        "Reconciled Cost Of Revenue": NaN,
        "EBITDA": NaN,
        "EBIT": NaN,
        "Net Interest Income": NaN,
        "Interest Expense": NaN,
        "Normalized Income": NaN,
        "Net Income From Continuing And Discontinued Operation": NaN,
        "Total Expenses": NaN,
        "Total Operating Income As Reported": NaN,
        "Diluted Average Shares": 104707000.0,
        "Basic Average Shares": 99800000.0,
        "Diluted EPS": 0.23,
        "Basic EPS": 0.24,
        "Diluted NI Availto Com Stockholders": NaN,
        "Net Income Common Stockholders": NaN,
        "Net Income": NaN,
        "Net Income Including Noncontrolling Interests": NaN,
        "Net Income Continuous Operations": NaN,
        "Tax Provision": NaN,
        "Pretax Income": NaN,
        "Other Income Expense": NaN,
        "Other Non Operating Income Expenses": NaN,
        "Net Non Operating Interest Income Expense": NaN,
        "Interest Expense Non Operating": NaN,
        "Operating Income": NaN,
        "Operating Expense": NaN,
        "Research And Development": NaN,
        "Selling General And Administration": NaN,
        "Selling And Marketing Expense": NaN,
        "General And Administrative Expense": NaN,
        "Other Gand A": NaN,
        "Salaries And Wages": 10003000.0,
        "Gross Profit": NaN,
        "Cost Of Revenue": NaN,
        "Total Revenue": NaN,
        "Operating Revenue": NaN
    },
    "2023-12-31": {
        "Tax Effect Of Unusual Items": 0.0,
        "Tax Rate For Calcs": 0.21,
        "Normalized EBITDA": 22227000.0,
        "Net Income From Continuing Operation Net Minority Interest": 5631000.0,
        "Reconciled Depreciation": 3165000.0,
        "Reconciled Cost Of Revenue": 13478000.0,
        "EBITDA": 22227000.0,
        "EBIT": 19062000.0,
        "Net Interest Income": 12574000.0,
        "Interest Expense": 7355000.0,
        "Normalized Income": 5631000.0,
        "Net Income From Continuing And Discontinued Operation": 5631000.0,
        "Total Expenses": 122635000.0,
        "Total Operating Income As Reported": 13287000.0,
        "Diluted Average Shares": NaN,
        "Basic Average Shares": NaN,
        "Diluted EPS": NaN,
        "Basic EPS": NaN,
        "Diluted NI Availto Com Stockholders": 5631000.0,
        "Net Income Common Stockholders": 5631000.0,
        "Net Income": 5631000.0,
        "Net Income Including Noncontrolling Interests": 5631000.0,
        "Net Income Continuous Operations": 5631000.0,
        "Tax Provision": 6076000.0,
        "Pretax Income": 11707000.0,
        "Other Income Expense": -14154000.0,
        "Other Non Operating Income Expenses": -14154000.0,
        "Net Non Operating Interest Income Expense": 12574000.0,
        "Interest Expense Non Operating": 7355000.0,
        "Operating Income": 13287000.0,
        "Operating Expense": 109157000.0,
        "Research And Development": 32754000.0,
        "Selling General And Administration": 76403000.0,
        "Selling And Marketing Expense": 58649000.0,
        "General And Administrative Expense": 17754000.0,
        "Other Gand A": 48878000.0,
        "Salaries And Wages": NaN,
        "Gross Profit": 122444000.0,
        "Cost Of Revenue": 13478000.0,
        "Total Revenue": 135922000.0,
        "Operating Revenue": 135922000.0
    },
    "2024-03-31": {
        "Tax Effect Of Unusual Items": NaN,
        "Tax Rate For Calcs": NaN,
        "Normalized EBITDA": NaN,
        "Net Income From Continuing Operation Net Minority Interest": NaN,
        "Reconciled Depreciation": NaN,
        "Reconciled Cost Of Revenue": NaN,
        "EBITDA": NaN,
        "EBIT": NaN,
        "Net Interest Income": NaN,
        "Interest Expense": NaN,
        "Normalized Income": NaN,
        "Net Income From Continuing And Discontinued Operation": NaN,
        "Total Expenses": NaN,
        "Total Operating Income As Reported": NaN,
        "Diluted Average Shares": 98962000.0,
        "Basic Average Shares": 98962000.0,
        "Diluted EPS": -0.07,
        "Basic EPS": -0.07,
        "Diluted NI Availto Com Stockholders": NaN,
        "Net Income Common Stockholders": NaN,
        "Net Income": NaN,
        "Net Income Including Noncontrolling Interests": NaN,
        "Net Income Continuous Operations": NaN,
        "Tax Provision": NaN,
        "Pretax Income": NaN,
        "Other Income Expense": NaN,
        "Other Non Operating Income Expenses": NaN,
        "Net Non Operating Interest Income Expense": NaN,
        "Interest Expense Non Operating": NaN,
        "Operating Income": NaN,
        "Operating Expense": NaN,
        "Research And Development": NaN,
        "Selling General And Administration": NaN,
        "Selling And Marketing Expense": NaN,
        "General And Administrative Expense": NaN,
        "Other Gand A": NaN,
        "Salaries And Wages": NaN,
        "Gross Profit": NaN,
        "Cost Of Revenue": NaN,
        "Total Revenue": NaN,
        "Operating Revenue": NaN
    },
    "2024-06-30": {
        "Tax Effect Of Unusual Items": 0.0,
        "Tax Rate For Calcs": 0.084454,
        "Normalized EBITDA": 17859000.0,
        "Net Income From Continuing Operation Net Minority Interest": 7014000.0,
        "Reconciled Depreciation": 2837000.0,
        "Reconciled Cost Of Revenue": 12943000.0,
        "EBITDA": 17859000.0,
        "EBIT": 15022000.0,
        "Net Interest Income": -7361000.0,
        "Interest Expense": 7361000.0,
        "Normalized Income": 7014000.0,
        "Net Income From Continuing And Discontinued Operation": 7014000.0,
        "Total Expenses": 114235000.0,
        "Total Operating Income As Reported": 9423000.0,
        "Diluted Average Shares": 103045000.0,
        "Basic Average Shares": 99171000.0,
        "Diluted EPS": 0.07,
        "Basic EPS": 0.07,
        "Diluted NI Availto Com Stockholders": 7014000.0,
        "Net Income Common Stockholders": 7014000.0,
        "Net Income": 7014000.0,
        "Net Income Including Noncontrolling Interests": 7014000.0,
        "Net Income Continuous Operations": 7014000.0,
        "Tax Provision": 647000.0,
        "Pretax Income": 7661000.0,
        "Other Income Expense": 5599000.0,
        "Other Non Operating Income Expenses": 5599000.0,
        "Net Non Operating Interest Income Expense": -7361000.0,
        "Interest Expense Non Operating": 7361000.0,
        "Operating Income": 9423000.0,
        "Operating Expense": 101292000.0,
        "Research And Development": 33310000.0,
        "Selling General And Administration": 67982000.0,
        "Selling And Marketing Expense": 51464000.0,
        "General And Administrative Expense": 16518000.0,
        "Other Gand A": 16518000.0,
        "Salaries And Wages": NaN,
        "Gross Profit": 110715000.0,
        "Cost Of Revenue": 12943000.0,
        "Total Revenue": 123658000.0,
        "Operating Revenue": 123658000.0
    },
    "2024-09-30": {
        "Tax Effect Of Unusual Items": 0.0,
        "Tax Rate For Calcs": 0.21,
        "Normalized EBITDA": 6220000.0,
        "Net Income From Continuing Operation Net Minority Interest": -2570000.0,
        "Reconciled Depreciation": 3139000.0,
        "Reconciled Cost Of Revenue": 12382000.0,
        "EBITDA": 6220000.0,
        "EBIT": 3081000.0,
        "Net Interest Income": -7475000.0,
        "Interest Expense": 7475000.0,
        "Normalized Income": -2570000.0,
        "Net Income From Continuing And Discontinued Operation": -2570000.0,
        "Total Expenses": 120323000.0,
        "Total Operating Income As Reported": -3239000.0,
        "Diluted Average Shares": 98485000.0,
        "Basic Average Shares": 98485000.0,
        "Diluted EPS": -0.03,
        "Basic EPS": -0.03,
        "Diluted NI Availto Com Stockholders": -2570000.0,
        "Net Income Common Stockholders": -2570000.0,
        "Net Income": -2570000.0,
        "Net Income Including Noncontrolling Interests": -2570000.0,
        "Net Income Continuous Operations": -2570000.0,
        "Tax Provision": -1824000.0,
        "Pretax Income": -4394000.0,
        "Other Income Expense": 6320000.0,
        "Other Non Operating Income Expenses": 6320000.0,
        "Net Non Operating Interest Income Expense": -7475000.0,
        "Interest Expense Non Operating": 7475000.0,
        "Operating Income": -3239000.0,
        "Operating Expense": 107941000.0,
        "Research And Development": 33705000.0,
        "Selling General And Administration": 74236000.0,
        "Selling And Marketing Expense": 54928000.0,
        "General And Administrative Expense": 19308000.0,
        "Other Gand A": 19308000.0,
        "Salaries And Wages": 7126000.0,
        "Gross Profit": 104702000.0,
        "Cost Of Revenue": 12382000.0,
        "Total Revenue": 117084000.0,
        "Operating Revenue": 117084000.0
    },
    "2024-12-31": {
        "Tax Effect Of Unusual Items": 0.0,
        "Tax Rate For Calcs": 0.21,
        "Normalized EBITDA": 4229000.0,
        "Net Income From Continuing Operation Net Minority Interest": -10793000.0,
        "Reconciled Depreciation": 3205000.0,
        "Reconciled Cost Of Revenue": 11504000.0,
        "EBITDA": 4229000.0,
        "EBIT": 1024000.0,
        "Net Interest Income": 15132000.0,
        "Interest Expense": 7405000.0,
        "Normalized Income": -10793000.0,
        "Net Income From Continuing And Discontinued Operation": -10793000.0,
        "Total Expenses": 115036000.0,
        "Total Operating Income As Reported": -4016000.0,
        "Diluted Average Shares": NaN,
        "Basic Average Shares": NaN,
        "Diluted EPS": NaN,
        "Basic EPS": NaN,
        "Diluted NI Availto Com Stockholders": -10793000.0,
        "Net Income Common Stockholders": -10793000.0,
        "Net Income": -10793000.0,
        "Net Income Including Noncontrolling Interests": -10793000.0,
        "Net Income Continuous Operations": -10793000.0,
        "Tax Provision": 4412000.0,
        "Pretax Income": -6381000.0,
        "Other Income Expense": -17497000.0,
        "Other Non Operating Income Expenses": -17497000.0,
        "Net Non Operating Interest Income Expense": 15132000.0,
        "Interest Expense Non Operating": 7405000.0,
        "Operating Income": -4016000.0,
        "Operating Expense": 103532000.0,
        "Research And Development": 31740000.0,
        "Selling General And Administration": 71792000.0,
        "Selling And Marketing Expense": 54723000.0,
        "General And Administrative Expense": 17069000.0,
        "Other Gand A": 17069000.0,
        "Salaries And Wages": NaN,
        "Gross Profit": 99516000.0,
        "Cost Of Revenue": 11504000.0,
        "Total Revenue": 111020000.0,
        "Operating Revenue": 111020000.0
    },
    "2025-03-31": {
        "Tax Effect Of Unusual Items": 0.0,
        "Tax Rate For Calcs": 0.064,
        "Normalized EBITDA": -3338000.0,
        "Net Income From Continuing Operation Net Minority Interest": -12831000.0,
        "Reconciled Depreciation": 2976000.0,
        "Reconciled Cost Of Revenue": 11655000.0,
        "EBITDA": -3338000.0,
        "EBIT": -6314000.0,
        "Net Interest Income": -7392000.0,
        "Interest Expense": 7392000.0,
        "Normalized Income": -12831000.0,
        "Net Income From Continuing And Discontinued Operation": -12831000.0,
        "Total Expenses": 121734000.0,
        "Total Operating Income As Reported": -11669000.0,
        "Diluted Average Shares": 98066000.0,
        "Basic Average Shares": 98066000.0,
        "Diluted EPS": -0.13,
        "Basic EPS": -0.13,
        "Diluted NI Availto Com Stockholders": -12831000.0,
        "Net Income Common Stockholders": -12831000.0,
        "Net Income": -12831000.0,
        "Net Income Including Noncontrolling Interests": -12831000.0,
        "Net Income Continuous Operations": -12831000.0,
        "Tax Provision": -875000.0,
        "Pretax Income": -13706000.0,
        "Other Income Expense": 5355000.0,
        "Other Non Operating Income Expenses": 5355000.0,
        "Net Non Operating Interest Income Expense": -7392000.0,
        "Interest Expense Non Operating": 7392000.0,
        "Operating Income": -11669000.0,
        "Operating Expense": 110079000.0,
        "Research And Development": 33266000.0,
        "Selling General And Administration": 76813000.0,
        "Selling And Marketing Expense": 58468000.0,
        "General And Administrative Expense": 18345000.0,
        "Other Gand A": 18345000.0,
        "Salaries And Wages": NaN,
        "Gross Profit": 98410000.0,
        "Cost Of Revenue": 11655000.0,
        "Total Revenue": 110065000.0,
        "Operating Revenue": 110065000.0
    },
    "2025-06-30": {
        "Tax Effect Of Unusual Items": 0.0,
        "Tax Rate For Calcs": 0.21,
        "Normalized EBITDA": 1684000.0,
        "Net Income From Continuing Operation Net Minority Interest": -9506000.0,
        "Reconciled Depreciation": 3393000.0,
        "Reconciled Cost Of Revenue": 11963000.0,
        "EBITDA": 1684000.0,
        "EBIT": -1709000.0,
        "Net Interest Income": -7401000.0,
        "Interest Expense": 7401000.0,
        "Normalized Income": -9506000.0,
        "Net Income From Continuing And Discontinued Operation": -9506000.0,
        "Total Expenses": 118894000.0,
        "Total Operating Income As Reported": -6662000.0,
        "Diluted Average Shares": 90569000.0,
        "Basic Average Shares": 90569000.0,
        "Diluted EPS": -0.1,
        "Basic EPS": -0.1,
        "Diluted NI Availto Com Stockholders": -9506000.0,
        "Net Income Common Stockholders": -9506000.0,
        "Net Income": -9506000.0,
        "Net Income Including Noncontrolling Interests": -9506000.0,
        "Net Income Continuous Operations": -9506000.0,
        "Tax Provision": 396000.0,
        "Pretax Income": -9110000.0,
        "Other Income Expense": 4953000.0,
        "Other Non Operating Income Expenses": 4953000.0,
        "Net Non Operating Interest Income Expense": -7401000.0,
        "Interest Expense Non Operating": 7401000.0,
        "Operating Income": -6662000.0,
        "Operating Expense": 106931000.0,
        "Research And Development": 32095000.0,
        "Selling General And Administration": 74836000.0,
        "Selling And Marketing Expense": 58065000.0,
        "General And Administrative Expense": 16771000.0,
        "Other Gand A": 16771000.0,
        "Salaries And Wages": NaN,
        "Gross Profit": 100269000.0,
        "Cost Of Revenue": 11963000.0,
        "Total Revenue": 112232000.0,
        "Operating Revenue": 112232000.0
    }
}