{
    "2023-03-31": {
        "Tax Effect Of Unusual Items": NaN,
        "Tax Rate For Calcs": NaN,
        "Normalized EBITDA": NaN,
        "Total Unusual Items": NaN,
        "Total Unusual Items Excluding Goodwill": NaN,
        "Net Income From Continuing Operation Net Minority Interest": NaN,
        "Reconciled Depreciation": NaN,
        "Reconciled Cost Of Revenue": NaN,
        "EBITDA": NaN,
        "EBIT": NaN,
        "Net Interest Income": NaN,
        "Interest Expense": NaN,
        "Interest Income": NaN,
        "Normalized Income": NaN,
        "Net Income From Continuing And Discontinued Operation": NaN,
        "Total Expenses": NaN,
        "Total Operating Income As Reported": NaN,
        "Diluted Average Shares": NaN,
        "Basic Average Shares": NaN,
        "Diluted EPS": NaN,
        "Basic EPS": NaN,
        "Diluted NI Availto Com Stockholders": NaN,
        "Net Income Common Stockholders": NaN,
        "Net Income": NaN,
        "Net Income Including Noncontrolling Interests": NaN,
        "Net Income Continuous Operations": NaN,
        "Earnings From Equity Interest Net Of Tax": 0.0,
        "Tax Provision": NaN,
        "Pretax Income": NaN,
        "Other Income Expense": NaN,
        "Other Non Operating Income Expenses": NaN,
        "Special Income Charges": NaN,
        "Gain On Sale Of Ppe": NaN,
        "Earnings From Equity Interest": NaN,
        "Gain On Sale Of Security": NaN,
        "Net Non Operating Interest Income Expense": NaN,
        "Interest Expense Non Operating": NaN,
        "Interest Income Non Operating": NaN,
        "Operating Income": NaN,
        "Operating Expense": NaN,
        "Other Operating Expenses": NaN,
        "Research And Development": NaN,
        "Selling General And Administration": NaN,
        "General And Administrative Expense": NaN,
        "Other Gand A": NaN,
        "Salaries And Wages": NaN,
        "Gross Profit": NaN,
        "Cost Of Revenue": NaN,
        "Total Revenue": NaN,
        "Operating Revenue": NaN
    },
    "2022-12-31": {
        "Tax Effect Of Unusual Items": NaN,
        "Tax Rate For Calcs": NaN,
        "Normalized EBITDA": NaN,
        "Total Unusual Items": NaN,
        "Total Unusual Items Excluding Goodwill": NaN,
        "Net Income From Continuing Operation Net Minority Interest": NaN,
        "Reconciled Depreciation": NaN,
        "Reconciled Cost Of Revenue": NaN,
        "EBITDA": NaN,
        "EBIT": NaN,
        "Net Interest Income": NaN,
        "Interest Expense": NaN,
        "Interest Income": NaN,
        "Normalized Income": NaN,
        "Net Income From Continuing And Discontinued Operation": NaN,
        "Total Expenses": NaN,
        "Total Operating Income As Reported": NaN,
        "Diluted Average Shares": NaN,
        "Basic Average Shares": NaN,
        "Diluted EPS": NaN,
        "Basic EPS": NaN,
        "Diluted NI Availto Com Stockholders": NaN,
        "Net Income Common Stockholders": NaN,
        "Net Income": NaN,
        "Net Income Including Noncontrolling Interests": NaN,
        "Net Income Continuous Operations": NaN,
        "Earnings From Equity Interest Net Of Tax": 0.0,
        "Tax Provision": NaN,
        "Pretax Income": NaN,
        "Other Income Expense": NaN,
        "Other Non Operating Income Expenses": NaN,
        "Special Income Charges": NaN,
        "Gain On Sale Of Ppe": NaN,
        "Earnings From Equity Interest": NaN,
        "Gain On Sale Of Security": NaN,
        "Net Non Operating Interest Income Expense": NaN,
        "Interest Expense Non Operating": NaN,
        "Interest Income Non Operating": NaN,
        "Operating Income": NaN,
        "Operating Expense": NaN,
        "Other Operating Expenses": NaN,
        "Research And Development": NaN,
        "Selling General And Administration": NaN,
        "General And Administrative Expense": NaN,
        "Other Gand A": NaN,
        "Salaries And Wages": NaN,
        "Gross Profit": NaN,
        "Cost Of Revenue": NaN,
        "Total Revenue": NaN,
        "Operating Revenue": NaN
    },
    "2022-09-30": {
        "Tax Effect Of Unusual Items": NaN,
        "Tax Rate For Calcs": NaN,
        "Normalized EBITDA": NaN,
        "Total Unusual Items": NaN,
        "Total Unusual Items Excluding Goodwill": NaN,
        "Net Income From Continuing Operation Net Minority Interest": NaN,
        "Reconciled Depreciation": NaN,
        "Reconciled Cost Of Revenue": NaN,
        "EBITDA": NaN,
        "EBIT": NaN,
        "Net Interest Income": NaN,
        "Interest Expense": NaN,
        "Interest Income": NaN,
        "Normalized Income": NaN,
        "Net Income From Continuing And Discontinued Operation": NaN,
        "Total Expenses": NaN,
        "Total Operating Income As Reported": NaN,
        "Diluted Average Shares": 95908596.0,
        "Basic Average Shares": 95908596.0,
        "Diluted EPS": -1.7,
        "Basic EPS": -1.7,
        "Diluted NI Availto Com Stockholders": NaN,
        "Net Income Common Stockholders": NaN,
        "Net Income": NaN,
        "Net Income Including Noncontrolling Interests": NaN,
        "Net Income Continuous Operations": NaN,
        "Earnings From Equity Interest Net Of Tax": NaN,
        "Tax Provision": NaN,
        "Pretax Income": NaN,
        "Other Income Expense": NaN,
        "Other Non Operating Income Expenses": NaN,
        "Special Income Charges": 0.0,
        "Gain On Sale Of Ppe": 0.0,
        "Gain On Sale Of Security": NaN,
        "Net Non Operating Interest Income Expense": NaN,
        "Interest Expense Non Operating": NaN,
        "Interest Income Non Operating": NaN,
        "Operating Income": NaN,
        "Operating Expense": NaN,
        "Research And Development": NaN,
        "Selling General And Administration": NaN,
        "General And Administrative Expense": NaN,
        "Other Gand A": NaN,
        "Salaries And Wages": NaN,
        "Gross Profit": NaN,
        "Cost Of Revenue": NaN,
        "Total Revenue": NaN,
        "Operating Revenue": NaN
    },
    "2022-06-30": {
        "Tax Effect Of Unusual Items": 0.0,
        "Tax Rate For Calcs": 0.0,
        "Normalized EBITDA": -96855000.0,
        "Total Unusual Items": NaN,
        "Total Unusual Items Excluding Goodwill": NaN,
        "Net Income From Continuing Operation Net Minority Interest": -137933000.0,
        "Reconciled Depreciation": 1861000.0,
        "Reconciled Cost Of Revenue": 17407000.0,
        "EBITDA": -96855000.0,
        "EBIT": -98716000.0,
        "Net Interest Income": 1175000.0,
        "Interest Income": 1175000.0,
        "Normalized Income": -137933000.0,
        "Net Income From Continuing And Discontinued Operation": -137933000.0,
        "Total Expenses": 146892000.0,
        "Total Operating Income As Reported": -98716000.0,
        "Diluted Average Shares": 95768482.0,
        "Basic Average Shares": 95768482.0,
        "Diluted EPS": -1.4,
        "Basic EPS": -1.4,
        "Diluted NI Availto Com Stockholders": -137933000.0,
        "Net Income Common Stockholders": -137933000.0,
        "Net Income": -137933000.0,
        "Net Income Including Noncontrolling Interests": -137933000.0,
        "Net Income Continuous Operations": -137933000.0,
        "Earnings From Equity Interest Net Of Tax": 0.0,
        "Tax Provision": 0.0,
        "Pretax Income": -137933000.0,
        "Other Income Expense": -40392000.0,
        "Other Non Operating Income Expenses": -40392000.0,
        "Special Income Charges": NaN,
        "Gain On Sale Of Ppe": NaN,
        "Gain On Sale Of Security": NaN,
        "Net Non Operating Interest Income Expense": 1175000.0,
        "Interest Income Non Operating": 1175000.0,
        "Operating Income": -98716000.0,
        "Operating Expense": 129485000.0,
        "Research And Development": 66084000.0,
        "Selling General And Administration": 63401000.0,
        "General And Administrative Expense": 63401000.0,
        "Other Gand A": 22081000.0,
        "Salaries And Wages": 41320000.0,
        "Gross Profit": 30769000.0,
        "Cost Of Revenue": 17407000.0,
        "Total Revenue": 48176000.0,
        "Operating Revenue": 54940000.0
    },
    "2022-03-31": {
        "Diluted EPS": -0.86,
        "Total Revenue": 47,
        "Gross Profit": 31,
        "Operating Income": -80,
        "EBIT": -78,
        "Net Income": -82
    },
    "2021-12-31": {
        "Diluted EPS": -2.17,
        "Total Revenue": 44,
        "Gross Profit": 22,
        "Operating Income": -219,
        "EBIT": -218,
        "Net Income": -212
    },
    "2021-09-30": {
        "Diluted EPS": -1.01,
        "Total Revenue": 43,
        "Gross Profit": 31,
        "Operating Income": -83,
        "EBIT": -82,
        "Net Income": -96
    },
    "2021-06-30": {
        "Diluted EPS": -1.76,
        "Total Revenue": 37,
        "Gross Profit": 26,
        "Operating Income": -171,
        "EBIT": -169,
        "Net Income": -163
    },
    "2021-03-31": {
        "Diluted EPS": -2.64,
        "Total Revenue": 20,
        "Gross Profit": 13,
        "Operating Income": -227,
        "EBIT": -226,
        "Net Income": -233
    },
    "2020-12-31": {
        "Diluted EPS": -0.88,
        "Total Revenue": 15,
        "Gross Profit": 8,
        "Operating Income": -95,
        "EBIT": -94,
        "Net Income": -77
    },
    "2020-09-30": {
        "Diluted EPS": -0.84,
        "Total Revenue": 15,
        "Gross Profit": 10,
        "Operating Income": -76,
        "EBIT": -75,
        "Net Income": -64
    },
    "2020-06-30": {
        "Diluted EPS": 0.0,
        "Total Revenue": NaN,
        "Gross Profit": NaN,
        "Operating Income": NaN,
        "Net Income": NaN
    },
    "2020-03-31": {
        "Diluted EPS": -0.66,
        "Total Revenue": 8,
        "Gross Profit": 6,
        "Operating Income": -46,
        "EBIT": -45,
        "Net Income": -48
    },
    "2019-12-31": {
        "Diluted EPS": 0.0,
        "Total Revenue": NaN,
        "Gross Profit": NaN,
        "Operating Income": NaN,
        "EBIT": NaN,
        "Net Income": NaN
    },
    "2019-09-30": {
        "Diluted EPS": 0.0,
        "Total Revenue": NaN,
        "Gross Profit": NaN,
        "Operating Income": NaN,
        "EBIT": NaN,
        "Net Income": NaN
    },
    "2019-06-30": {
        "Diluted EPS": 0.0,
        "Total Revenue": NaN,
        "Gross Profit": NaN,
        "Operating Income": NaN,
        "EBIT": NaN,
        "Net Income": NaN
    },
    "2018-12-31": {
        "Diluted EPS": 0.0,
        "Total Revenue": NaN,
        "Gross Profit": NaN,
        "Operating Income": NaN,
        "EBIT": NaN,
        "Net Income": NaN
    },
    "2017-12-31": {
        "Diluted EPS": 0.0,
        "Total Revenue": NaN,
        "Gross Profit": NaN,
        "Operating Income": NaN,
        "EBIT": NaN,
        "Net Income": NaN
    },
    "2017-06-30": {
        "Diluted EPS": 0.0,
        "Total Revenue": NaN,
        "Gross Profit": NaN,
        "Operating Income": NaN,
        "EBIT": NaN,
        "Net Income": NaN
    },
    "2016-12-31": {
        "Diluted EPS": 0.0,
        "Total Revenue": NaN,
        "Gross Profit": NaN,
        "Operating Income": NaN,
        "EBIT": NaN,
        "Net Income": NaN
    },
    "2015-12-31": {
        "Diluted EPS": 0.0,
        "Total Revenue": NaN,
        "Gross Profit": NaN,
        "Operating Income": NaN,
        "EBIT": NaN,
        "Net Income": NaN
    },
    "2023-06-30": {
        "Tax Effect Of Unusual Items": NaN,
        "Tax Rate For Calcs": NaN,
        "Normalized EBITDA": NaN,
        "Total Unusual Items": NaN,
        "Total Unusual Items Excluding Goodwill": NaN,
        "Net Income From Continuing Operation Net Minority Interest": NaN,
        "Reconciled Depreciation": NaN,
        "Reconciled Cost Of Revenue": NaN,
        "EBITDA": NaN,
        "EBIT": NaN,
        "Net Interest Income": NaN,
        "Interest Expense": NaN,
        "Interest Income": NaN,
        "Normalized Income": NaN,
        "Net Income From Continuing And Discontinued Operation": NaN,
        "Total Expenses": NaN,
        "Total Operating Income As Reported": NaN,
        "Diluted Average Shares": NaN,
        "Basic Average Shares": NaN,
        "Diluted EPS": NaN,
        "Basic EPS": NaN,
        "Diluted NI Availto Com Stockholders": NaN,
        "Net Income Common Stockholders": NaN,
        "Net Income": NaN,
        "Net Income Including Noncontrolling Interests": NaN,
        "Net Income Continuous Operations": NaN,
        "Earnings From Equity Interest Net Of Tax": 0.0,
        "Tax Provision": NaN,
        "Pretax Income": NaN,
        "Other Income Expense": NaN,
        "Other Non Operating Income Expenses": NaN,
        "Special Income Charges": NaN,
        "Gain On Sale Of Ppe": NaN,
        "Earnings From Equity Interest": -1744000.0,
        "Gain On Sale Of Security": NaN,
        "Net Non Operating Interest Income Expense": NaN,
        "Interest Expense Non Operating": NaN,
        "Interest Income Non Operating": NaN,
        "Operating Income": NaN,
        "Operating Expense": NaN,
        "Other Operating Expenses": -83000.0,
        "Research And Development": NaN,
        "Selling General And Administration": NaN,
        "General And Administrative Expense": NaN,
        "Other Gand A": NaN,
        "Salaries And Wages": NaN,
        "Gross Profit": NaN,
        "Cost Of Revenue": NaN,
        "Total Revenue": NaN,
        "Operating Revenue": NaN
    },
    "2023-09-30": {
        "Tax Effect Of Unusual Items": NaN,
        "Tax Rate For Calcs": NaN,
        "Normalized EBITDA": NaN,
        "Total Unusual Items": NaN,
        "Total Unusual Items Excluding Goodwill": NaN,
        "Net Income From Continuing Operation Net Minority Interest": NaN,
        "Reconciled Depreciation": NaN,
        "Reconciled Cost Of Revenue": NaN,
        "EBITDA": NaN,
        "EBIT": NaN,
        "Net Interest Income": NaN,
        "Interest Expense": NaN,
        "Interest Income": NaN,
        "Normalized Income": NaN,
        "Net Income From Continuing And Discontinued Operation": NaN,
        "Total Expenses": NaN,
        "Total Operating Income As Reported": NaN,
        "Diluted Average Shares": NaN,
        "Basic Average Shares": NaN,
        "Diluted EPS": NaN,
        "Basic EPS": NaN,
        "Diluted NI Availto Com Stockholders": NaN,
        "Net Income Common Stockholders": NaN,
        "Net Income": NaN,
        "Net Income Including Noncontrolling Interests": NaN,
        "Net Income Continuous Operations": NaN,
        "Earnings From Equity Interest Net Of Tax": 0.0,
        "Tax Provision": NaN,
        "Pretax Income": NaN,
        "Other Income Expense": NaN,
        "Other Non Operating Income Expenses": NaN,
        "Special Income Charges": 0.0,
        "Gain On Sale Of Ppe": 0.0,
        "Earnings From Equity Interest": NaN,
        "Gain On Sale Of Security": NaN,
        "Net Non Operating Interest Income Expense": NaN,
        "Interest Expense Non Operating": NaN,
        "Interest Income Non Operating": NaN,
        "Operating Income": NaN,
        "Operating Expense": NaN,
        "Other Operating Expenses": NaN,
        "Research And Development": NaN,
        "Selling General And Administration": NaN,
        "General And Administrative Expense": NaN,
        "Other Gand A": NaN,
        "Salaries And Wages": NaN,
        "Gross Profit": NaN,
        "Cost Of Revenue": NaN,
        "Total Revenue": NaN,
        "Operating Revenue": NaN
    },
    "2023-12-31": {
        "Tax Effect Of Unusual Items": NaN,
        "Tax Rate For Calcs": NaN,
        "Normalized EBITDA": NaN,
        "Total Unusual Items": NaN,
        "Total Unusual Items Excluding Goodwill": NaN,
        "Net Income From Continuing Operation Net Minority Interest": NaN,
        "Reconciled Depreciation": NaN,
        "Reconciled Cost Of Revenue": NaN,
        "EBITDA": NaN,
        "EBIT": NaN,
        "Net Interest Income": NaN,
        "Interest Expense": NaN,
        "Interest Income": NaN,
        "Normalized Income": NaN,
        "Net Income From Continuing And Discontinued Operation": NaN,
        "Total Expenses": NaN,
        "Total Operating Income As Reported": NaN,
        "Diluted Average Shares": NaN,
        "Basic Average Shares": NaN,
        "Diluted EPS": NaN,
        "Basic EPS": NaN,
        "Diluted NI Availto Com Stockholders": NaN,
        "Net Income Common Stockholders": NaN,
        "Net Income": NaN,
        "Net Income Including Noncontrolling Interests": NaN,
        "Net Income Continuous Operations": NaN,
        "Earnings From Equity Interest Net Of Tax": 0.0,
        "Tax Provision": NaN,
        "Pretax Income": NaN,
        "Other Income Expense": NaN,
        "Other Non Operating Income Expenses": NaN,
        "Special Income Charges": 0.0,
        "Gain On Sale Of Ppe": 0.0,
        "Earnings From Equity Interest": NaN,
        "Gain On Sale Of Security": NaN,
        "Net Non Operating Interest Income Expense": NaN,
        "Interest Expense Non Operating": NaN,
        "Interest Income Non Operating": NaN,
        "Operating Income": NaN,
        "Operating Expense": NaN,
        "Other Operating Expenses": NaN,
        "Research And Development": NaN,
        "Selling General And Administration": NaN,
        "Selling And Marketing Expense": NaN,
        "General And Administrative Expense": NaN,
        "Other Gand A": NaN,
        "Salaries And Wages": NaN,
        "Gross Profit": NaN,
        "Cost Of Revenue": NaN,
        "Total Revenue": NaN,
        "Operating Revenue": NaN
    },
    "2024-03-31": {
        "Tax Effect Of Unusual Items": NaN,
        "Tax Rate For Calcs": NaN,
        "Normalized EBITDA": NaN,
        "Total Unusual Items": NaN,
        "Total Unusual Items Excluding Goodwill": NaN,
        "Net Income From Continuing Operation Net Minority Interest": NaN,
        "Reconciled Depreciation": NaN,
        "Reconciled Cost Of Revenue": NaN,
        "EBITDA": NaN,
        "EBIT": NaN,
        "Net Interest Income": NaN,
        "Interest Expense": NaN,
        "Interest Income": NaN,
        "Normalized Income": NaN,
        "Net Income From Continuing And Discontinued Operation": NaN,
        "Total Expenses": NaN,
        "Total Operating Income As Reported": NaN,
        "Diluted Average Shares": NaN,
        "Basic Average Shares": NaN,
        "Diluted EPS": NaN,
        "Basic EPS": NaN,
        "Diluted NI Availto Com Stockholders": NaN,
        "Net Income Common Stockholders": NaN,
        "Net Income": NaN,
        "Net Income Including Noncontrolling Interests": NaN,
        "Net Income Continuous Operations": NaN,
        "Tax Provision": NaN,
        "Pretax Income": NaN,
        "Other Income Expense": NaN,
        "Other Non Operating Income Expenses": NaN,
        "Special Income Charges": NaN,
        "Gain On Sale Of Ppe": NaN,
        "Earnings From Equity Interest": NaN,
        "Gain On Sale Of Security": NaN,
        "Net Non Operating Interest Income Expense": NaN,
        "Interest Expense Non Operating": NaN,
        "Interest Income Non Operating": NaN,
        "Operating Income": NaN,
        "Operating Expense": NaN,
        "Other Operating Expenses": NaN,
        "Research And Development": NaN,
        "Selling General And Administration": NaN,
        "Selling And Marketing Expense": NaN,
        "General And Administrative Expense": NaN,
        "Other Gand A": 23300000.0,
        "Salaries And Wages": NaN,
        "Gross Profit": NaN,
        "Cost Of Revenue": NaN,
        "Total Revenue": NaN,
        "Operating Revenue": NaN
    },
    "2024-06-30": {
        "Tax Effect Of Unusual Items": NaN,
        "Tax Rate For Calcs": NaN,
        "Normalized EBITDA": NaN,
        "Total Unusual Items": NaN,
        "Total Unusual Items Excluding Goodwill": NaN,
        "Net Income From Continuing Operation Net Minority Interest": NaN,
        "Reconciled Depreciation": NaN,
        "Reconciled Cost Of Revenue": NaN,
        "EBITDA": NaN,
        "EBIT": NaN,
        "Net Interest Income": NaN,
        "Interest Expense": NaN,
        "Interest Income": NaN,
        "Normalized Income": NaN,
        "Net Income From Continuing And Discontinued Operation": NaN,
        "Total Expenses": NaN,
        "Total Operating Income As Reported": NaN,
        "Diluted Average Shares": NaN,
        "Basic Average Shares": NaN,
        "Diluted EPS": NaN,
        "Basic EPS": NaN,
        "Diluted NI Availto Com Stockholders": NaN,
        "Net Income Common Stockholders": NaN,
        "Net Income": NaN,
        "Net Income Including Noncontrolling Interests": NaN,
        "Net Income Continuous Operations": NaN,
        "Tax Provision": NaN,
        "Pretax Income": NaN,
        "Other Income Expense": NaN,
        "Other Non Operating Income Expenses": NaN,
        "Special Income Charges": 0.0,
        "Gain On Sale Of Ppe": 0.0,
        "Earnings From Equity Interest": NaN,
        "Gain On Sale Of Security": NaN,
        "Net Non Operating Interest Income Expense": NaN,
        "Interest Expense Non Operating": NaN,
        "Interest Income Non Operating": NaN,
        "Operating Income": NaN,
        "Operating Expense": NaN,
        "Other Operating Expenses": NaN,
        "Research And Development": NaN,
        "Selling General And Administration": NaN,
        "Selling And Marketing Expense": NaN,
        "General And Administrative Expense": NaN,
        "Other Gand A": 4951000.0,
        "Salaries And Wages": NaN,
        "Gross Profit": NaN,
        "Cost Of Revenue": NaN,
        "Total Revenue": NaN,
        "Operating Revenue": NaN
    },
    "2024-09-30": {
        "Tax Effect Of Unusual Items": 0.0,
        "Tax Rate For Calcs": 0.0,
        "Normalized EBITDA": -52512000.0,
        "Total Unusual Items": 14457000.0,
        "Total Unusual Items Excluding Goodwill": 14457000.0,
        "Net Income From Continuing Operation Net Minority Interest": -41671000.0,
        "Reconciled Depreciation": 2871000.0,
        "Reconciled Cost Of Revenue": 36917000.0,
        "EBITDA": -38055000.0,
        "EBIT": -40926000.0,
        "Net Interest Income": 8284000.0,
        "Interest Expense": 745000.0,
        "Interest Income": 9029000.0,
        "Normalized Income": -56128000.0,
        "Net Income From Continuing And Discontinued Operation": -41671000.0,
        "Total Expenses": 166257000.0,
        "Total Operating Income As Reported": -67853000.0,
        "Diluted Average Shares": 98168739.0,
        "Basic Average Shares": 98168739.0,
        "Diluted EPS": -0.4,
        "Basic EPS": -0.4,
        "Diluted NI Availto Com Stockholders": -41671000.0,
        "Net Income Common Stockholders": -41671000.0,
        "Net Income": -41671000.0,
        "Net Income Including Noncontrolling Interests": -41671000.0,
        "Net Income Continuous Operations": -41671000.0,
        "Tax Provision": 0.0,
        "Pretax Income": -41671000.0,
        "Other Income Expense": 14037000.0,
        "Other Non Operating Income Expenses": 500000.0,
        "Special Income Charges": 0.0,
        "Gain On Sale Of Ppe": 0.0,
        "Earnings From Equity Interest": -920000.0,
        "Gain On Sale Of Security": 14457000.0,
        "Net Non Operating Interest Income Expense": 8284000.0,
        "Interest Expense Non Operating": 745000.0,
        "Interest Income Non Operating": 9029000.0,
        "Operating Income": -63992000.0,
        "Operating Expense": 129340000.0,
        "Other Operating Expenses": -3861000.0,
        "Research And Development": 65982000.0,
        "Selling General And Administration": 67219000.0,
        "Selling And Marketing Expense": 27235000.0,
        "General And Administrative Expense": 39984000.0,
        "Other Gand A": 5863000.0,
        "Salaries And Wages": 39984000.0,
        "Gross Profit": 65348000.0,
        "Cost Of Revenue": 36917000.0,
        "Total Revenue": 102265000.0,
        "Operating Revenue": 108096000.0
    },
    "2024-12-31": {
        "Tax Effect Of Unusual Items": 0.0,
        "Tax Rate For Calcs": 0.0,
        "Normalized EBITDA": -54330000.0,
        "Total Unusual Items": -23418000.0,
        "Total Unusual Items Excluding Goodwill": -23418000.0,
        "Net Income From Continuing Operation Net Minority Interest": -81684000.0,
        "Reconciled Depreciation": 3032000.0,
        "Reconciled Cost Of Revenue": 42091000.0,
        "EBITDA": -77748000.0,
        "EBIT": -80780000.0,
        "Net Interest Income": 8184000.0,
        "Interest Expense": 904000.0,
        "Interest Income": 9088000.0,
        "Normalized Income": -58266000.0,
        "Net Income From Continuing And Discontinued Operation": -81684000.0,
        "Total Expenses": 175977000.0,
        "Total Operating Income As Reported": -67891000.0,
        "Diluted Average Shares": 102681528.0,
        "Basic Average Shares": 102681528.0,
        "Diluted EPS": -0.8,
        "Basic EPS": -0.8,
        "Diluted NI Availto Com Stockholders": -81684000.0,
        "Net Income Common Stockholders": -81684000.0,
        "Net Income": -81684000.0,
        "Net Income Including Noncontrolling Interests": -81684000.0,
        "Net Income Continuous Operations": -81684000.0,
        "Tax Provision": 0.0,
        "Pretax Income": -81684000.0,
        "Other Income Expense": -22961000.0,
        "Other Non Operating Income Expenses": 495000.0,
        "Special Income Charges": 0.0,
        "Gain On Sale Of Ppe": 0.0,
        "Earnings From Equity Interest": -38000.0,
        "Gain On Sale Of Security": -23418000.0,
        "Net Non Operating Interest Income Expense": 8184000.0,
        "Interest Expense Non Operating": 904000.0,
        "Interest Income Non Operating": 9088000.0,
        "Operating Income": -66907000.0,
        "Operating Expense": 133886000.0,
        "Other Operating Expenses": -984000.0,
        "Research And Development": 52252000.0,
        "Selling General And Administration": 82618000.0,
        "Selling And Marketing Expense": 56734000.0,
        "General And Administrative Expense": 25884000.0,
        "Other Gand A": 41817000.0,
        "Salaries And Wages": 40801000.0,
        "Gross Profit": 66979000.0,
        "Cost Of Revenue": 42091000.0,
        "Total Revenue": 109070000.0,
        "Operating Revenue": 117012000.0
    },
    "2025-03-31": {
        "Tax Effect Of Unusual Items": 0.0,
        "Tax Rate For Calcs": 0.0,
        "Normalized EBITDA": -44444000.0,
        "Total Unusual Items": 651000.0,
        "Total Unusual Items Excluding Goodwill": 651000.0,
        "Net Income From Continuing Operation Net Minority Interest": -48438000.0,
        "Reconciled Depreciation": 3458000.0,
        "Reconciled Cost Of Revenue": 38647000.0,
        "EBITDA": -43793000.0,
        "EBIT": -47251000.0,
        "Net Interest Income": 7419000.0,
        "Interest Expense": 1187000.0,
        "Interest Income": 8606000.0,
        "Normalized Income": -49089000.0,
        "Net Income From Continuing And Discontinued Operation": -48438000.0,
        "Total Expenses": 162782000.0,
        "Total Operating Income As Reported": -56311000.0,
        "Diluted Average Shares": 108082530.0,
        "Basic Average Shares": 108082530.0,
        "Diluted EPS": -0.4,
        "Basic EPS": -0.4,
        "Diluted NI Availto Com Stockholders": -48438000.0,
        "Net Income Common Stockholders": -48438000.0,
        "Net Income": -48438000.0,
        "Net Income Including Noncontrolling Interests": -48438000.0,
        "Net Income Continuous Operations": -48438000.0,
        "Tax Provision": 0.0,
        "Pretax Income": -48438000.0,
        "Other Income Expense": 438000.0,
        "Other Non Operating Income Expenses": 1699000.0,
        "Special Income Charges": NaN,
        "Gain On Sale Of Ppe": NaN,
        "Earnings From Equity Interest": -1912000.0,
        "Gain On Sale Of Security": 651000.0,
        "Net Non Operating Interest Income Expense": 7419000.0,
        "Interest Expense Non Operating": 1187000.0,
        "Interest Income Non Operating": 8606000.0,
        "Operating Income": -56295000.0,
        "Operating Expense": 124135000.0,
        "Other Operating Expenses": -16000.0,
        "Research And Development": 60729000.0,
        "Selling General And Administration": 63422000.0,
        "Selling And Marketing Expense": 22779000.0,
        "General And Administrative Expense": 40643000.0,
        "Other Gand A": 22779000.0,
        "Salaries And Wages": 40643000.0,
        "Gross Profit": 67840000.0,
        "Cost Of Revenue": 38647000.0,
        "Total Revenue": 106487000.0,
        "Operating Revenue": 113170000.0
    },
    "2025-06-30": {
        "Tax Effect Of Unusual Items": 0.0,
        "Tax Rate For Calcs": 0.0,
        "Normalized EBITDA": -38567000.0,
        "Total Unusual Items": 2837000.0,
        "Total Unusual Items Excluding Goodwill": 2837000.0,
        "Net Income From Continuing Operation Net Minority Interest": -40727000.0,
        "Reconciled Depreciation": 3735000.0,
        "Reconciled Cost Of Revenue": 43220000.0,
        "EBITDA": -35730000.0,
        "EBIT": -39465000.0,
        "Net Interest Income": 7581000.0,
        "Interest Expense": 1262000.0,
        "Interest Income": 8843000.0,
        "Normalized Income": -43564000.0,
        "Net Income From Continuing And Discontinued Operation": -40727000.0,
        "Total Expenses": 161022000.0,
        "Total Operating Income As Reported": -54895000.0,
        "Diluted Average Shares": 109193315.0,
        "Basic Average Shares": 109193315.0,
        "Diluted EPS": -0.4,
        "Basic EPS": -0.4,
        "Diluted NI Availto Com Stockholders": -40727000.0,
        "Net Income Common Stockholders": -40727000.0,
        "Net Income": -40727000.0,
        "Net Income Including Noncontrolling Interests": -40727000.0,
        "Net Income Continuous Operations": -40727000.0,
        "Tax Provision": 0.0,
        "Pretax Income": -40727000.0,
        "Other Income Expense": 2737000.0,
        "Other Non Operating Income Expenses": -100000.0,
        "Special Income Charges": NaN,
        "Gain On Sale Of Ppe": NaN,
        "Earnings From Equity Interest": 0.0,
        "Gain On Sale Of Security": 2837000.0,
        "Net Non Operating Interest Income Expense": 7581000.0,
        "Interest Expense Non Operating": 1262000.0,
        "Interest Income Non Operating": 8843000.0,
        "Operating Income": -51045000.0,
        "Operating Expense": 117802000.0,
        "Other Operating Expenses": -3850000.0,
        "Research And Development": 50614000.0,
        "Selling General And Administration": 71038000.0,
        "Selling And Marketing Expense": 28359000.0,
        "General And Administrative Expense": 42679000.0,
        "Other Gand A": NaN,
        "Salaries And Wages": 42679000.0,
        "Gross Profit": 66757000.0,
        "Cost Of Revenue": 43220000.0,
        "Total Revenue": 109977000.0,
        "Operating Revenue": 117422000.0
    },
    "2025-09-30": {
        "Tax Effect Of Unusual Items": 0.0,
        "Tax Rate For Calcs": 0.0,
        "Normalized EBITDA": -37084000.0,
        "Total Unusual Items": 6422000.0,
        "Total Unusual Items Excluding Goodwill": 6422000.0,
        "Net Income From Continuing Operation Net Minority Interest": -35963000.0,
        "Reconciled Depreciation": 3901000.0,
        "Reconciled Cost Of Revenue": 46883000.0,
        "EBITDA": -30662000.0,
        "EBIT": -34563000.0,
        "Net Interest Income": 6945000.0,
        "Interest Expense": 1400000.0,
        "Interest Income": 8345000.0,
        "Normalized Income": -42385000.0,
        "Net Income From Continuing And Discontinued Operation": -35963000.0,
        "Total Expenses": 164063000.0,
        "Total Operating Income As Reported": -48822000.0,
        "Diluted Average Shares": 110207268.0,
        "Basic Average Shares": 110207268.0,
        "Diluted EPS": -0.3,
        "Basic EPS": -0.3,
        "Diluted NI Availto Com Stockholders": -35963000.0,
        "Net Income Common Stockholders": -35963000.0,
        "Net Income": -35963000.0,
        "Net Income Including Noncontrolling Interests": -35963000.0,
        "Net Income Continuous Operations": -35963000.0,
        "Tax Provision": 0.0,
        "Pretax Income": -35963000.0,
        "Other Income Expense": 5060000.0,
        "Other Non Operating Income Expenses": -1362000.0,
        "Special Income Charges": NaN,
        "Gain On Sale Of Ppe": NaN,
        "Earnings From Equity Interest": 0.0,
        "Gain On Sale Of Security": 6422000.0,
        "Net Non Operating Interest Income Expense": 6945000.0,
        "Interest Expense Non Operating": 1400000.0,
        "Interest Income Non Operating": 8345000.0,
        "Operating Income": -47968000.0,
        "Operating Expense": 117180000.0,
        "Other Operating Expenses": -854000.0,
        "Research And Development": 47928000.0,
        "Selling General And Administration": 70106000.0,
        "Selling And Marketing Expense": 28786000.0,
        "General And Administrative Expense": 41320000.0,
        "Other Gand A": NaN,
        "Salaries And Wages": 41320000.0,
        "Gross Profit": 69212000.0,
        "Cost Of Revenue": 46883000.0,
        "Total Revenue": 116095000.0,
        "Operating Revenue": 127837000.0
    }
}