{
    "2023-04-30": {
        "Tax Effect Of Unusual Items": NaN,
        "Tax Rate For Calcs": NaN,
        "Normalized EBITDA": NaN,
        "Total Unusual Items": NaN,
        "Total Unusual Items Excluding Goodwill": NaN,
        "Net Income From Continuing Operation Net Minority Interest": NaN,
        "Reconciled Depreciation": NaN,
        "Reconciled Cost Of Revenue": NaN,
        "EBITDA": NaN,
        "EBIT": NaN,
        "Normalized Income": NaN,
        "Net Income From Continuing And Discontinued Operation": NaN,
        "Total Expenses": NaN,
        "Total Operating Income As Reported": NaN,
        "Diluted Average Shares": NaN,
        "Basic Average Shares": NaN,
        "Diluted EPS": NaN,
        "Basic EPS": NaN,
        "Diluted NI Availto Com Stockholders": NaN,
        "Net Income Common Stockholders": NaN,
        "Otherunder Preferred Stock Dividend": 0.0,
        "Net Income": NaN,
        "Net Income Including Noncontrolling Interests": NaN,
        "Net Income Continuous Operations": NaN,
        "Tax Provision": NaN,
        "Pretax Income": NaN,
        "Other Income Expense": NaN,
        "Other Non Operating Income Expenses": NaN,
        "Gain On Sale Of Security": NaN,
        "Operating Income": NaN,
        "Operating Expense": NaN,
        "Research And Development": NaN,
        "Selling General And Administration": NaN,
        "Selling And Marketing Expense": NaN,
        "General And Administrative Expense": NaN,
        "Other Gand A": NaN,
        "Gross Profit": NaN,
        "Cost Of Revenue": NaN,
        "Total Revenue": NaN,
        "Operating Revenue": NaN
    },
    "2023-01-31": {
        "Tax Effect Of Unusual Items": NaN,
        "Tax Rate For Calcs": NaN,
        "Normalized EBITDA": NaN,
        "Total Unusual Items": NaN,
        "Total Unusual Items Excluding Goodwill": NaN,
        "Net Income From Continuing Operation Net Minority Interest": NaN,
        "Reconciled Depreciation": NaN,
        "Reconciled Cost Of Revenue": NaN,
        "EBITDA": NaN,
        "EBIT": NaN,
        "Normalized Income": NaN,
        "Net Income From Continuing And Discontinued Operation": NaN,
        "Total Expenses": NaN,
        "Total Operating Income As Reported": NaN,
        "Diluted Average Shares": NaN,
        "Basic Average Shares": NaN,
        "Diluted EPS": NaN,
        "Basic EPS": NaN,
        "Diluted NI Availto Com Stockholders": NaN,
        "Net Income Common Stockholders": NaN,
        "Otherunder Preferred Stock Dividend": -10000.0,
        "Net Income": NaN,
        "Net Income Including Noncontrolling Interests": NaN,
        "Net Income Continuous Operations": NaN,
        "Tax Provision": NaN,
        "Pretax Income": NaN,
        "Other Income Expense": NaN,
        "Other Non Operating Income Expenses": NaN,
        "Gain On Sale Of Security": NaN,
        "Operating Income": NaN,
        "Operating Expense": NaN,
        "Research And Development": NaN,
        "Selling General And Administration": NaN,
        "Selling And Marketing Expense": NaN,
        "General And Administrative Expense": NaN,
        "Other Gand A": NaN,
        "Gross Profit": NaN,
        "Cost Of Revenue": NaN,
        "Total Revenue": NaN,
        "Operating Revenue": NaN
    },
    "2022-10-31": {
        "Tax Effect Of Unusual Items": -807066.0,
        "Tax Rate For Calcs": 0.117,
        "Normalized EBITDA": 95172000.0,
        "Total Unusual Items": -6898000.0,
        "Total Unusual Items Excluding Goodwill": -6898000.0,
        "Net Income From Continuing Operation Net Minority Interest": 48353000.0,
        "Reconciled Depreciation": 21766000.0,
        "Reconciled Cost Of Revenue": 270665000.0,
        "EBITDA": 88274000.0,
        "EBIT": 66508000.0,
        "Normalized Income": 54443934.0,
        "Net Income From Continuing And Discontinued Operation": 48353000.0,
        "Total Expenses": 1035391000.0,
        "Total Operating Income As Reported": 66508000.0,
        "Diluted Average Shares": 301986341.0,
        "Basic Average Shares": 295537026.0,
        "Diluted EPS": 0.16,
        "Basic EPS": 0.16,
        "Diluted NI Availto Com Stockholders": 48353000.0,
        "Net Income Common Stockholders": 48353000.0,
        "Otherunder Preferred Stock Dividend": 0.0,
        "Net Income": 48353000.0,
        "Net Income Including Noncontrolling Interests": 48353000.0,
        "Net Income Continuous Operations": 48353000.0,
        "Tax Provision": 6396000.0,
        "Pretax Income": 54749000.0,
        "Other Income Expense": -11759000.0,
        "Other Non Operating Income Expenses": -4861000.0,
        "Gain On Sale Of Security": -6898000.0,
        "Operating Income": 66508000.0,
        "Operating Expense": 764726000.0,
        "Research And Development": 195946000.0,
        "Selling General And Administration": 568780000.0,
        "Selling And Marketing Expense": 427747000.0,
        "General And Administrative Expense": 141033000.0,
        "Other Gand A": 141033000.0,
        "Gross Profit": 831234000.0,
        "Cost Of Revenue": 270665000.0,
        "Total Revenue": 1101899000.0,
        "Operating Revenue": 1101899000.0
    },
    "2022-07-31": {
        "Tax Effect Of Unusual Items": -13884800.0,
        "Tax Rate For Calcs": 0.4,
        "Normalized EBITDA": 177330000.0,
        "Total Unusual Items": -34712000.0,
        "Total Unusual Items Excluding Goodwill": -34712000.0,
        "Net Income From Continuing Operation Net Minority Interest": 45750000.0,
        "Reconciled Depreciation": 20875000.0,
        "Reconciled Cost Of Revenue": 273611000.0,
        "EBITDA": 142618000.0,
        "EBIT": 121743000.0,
        "Normalized Income": 66577200.0,
        "Net Income From Continuing And Discontinued Operation": 45750000.0,
        "Total Expenses": 977715000.0,
        "Total Operating Income As Reported": 121743000.0,
        "Diluted Average Shares": 307160840.0,
        "Basic Average Shares": 298553379.0,
        "Diluted EPS": 0.15,
        "Basic EPS": 0.15,
        "Diluted NI Availto Com Stockholders": 45746000.0,
        "Net Income Common Stockholders": 45746000.0,
        "Otherunder Preferred Stock Dividend": 4000.0,
        "Net Income": 45750000.0,
        "Net Income Including Noncontrolling Interests": 45750000.0,
        "Net Income Continuous Operations": 45750000.0,
        "Tax Provision": 44649000.0,
        "Pretax Income": 90399000.0,
        "Other Income Expense": -31344000.0,
        "Other Non Operating Income Expenses": 3368000.0,
        "Gain On Sale Of Security": -34712000.0,
        "Operating Income": 121743000.0,
        "Operating Expense": 704104000.0,
        "Research And Development": 172564000.0,
        "Selling General And Administration": 531540000.0,
        "Selling And Marketing Expense": 400474000.0,
        "General And Administrative Expense": 131066000.0,
        "Other Gand A": 131066000.0,
        "Gross Profit": 825847000.0,
        "Cost Of Revenue": 273611000.0,
        "Total Revenue": 1099458000.0,
        "Operating Revenue": 1099458000.0
    },
    "2023-07-31": {
        "Tax Effect Of Unusual Items": NaN,
        "Tax Rate For Calcs": NaN,
        "Normalized EBITDA": NaN,
        "Total Unusual Items": NaN,
        "Total Unusual Items Excluding Goodwill": NaN,
        "Net Income From Continuing Operation Net Minority Interest": NaN,
        "Reconciled Depreciation": NaN,
        "Reconciled Cost Of Revenue": NaN,
        "EBITDA": NaN,
        "EBIT": NaN,
        "Normalized Income": NaN,
        "Net Income From Continuing And Discontinued Operation": NaN,
        "Total Expenses": NaN,
        "Total Operating Income As Reported": NaN,
        "Diluted Average Shares": NaN,
        "Basic Average Shares": NaN,
        "Diluted EPS": NaN,
        "Basic EPS": NaN,
        "Diluted NI Availto Com Stockholders": NaN,
        "Net Income Common Stockholders": NaN,
        "Otherunder Preferred Stock Dividend": 0.0,
        "Net Income": NaN,
        "Net Income Including Noncontrolling Interests": NaN,
        "Net Income Continuous Operations": NaN,
        "Tax Provision": NaN,
        "Pretax Income": NaN,
        "Other Income Expense": NaN,
        "Other Non Operating Income Expenses": NaN,
        "Gain On Sale Of Security": NaN,
        "Operating Income": NaN,
        "Operating Expense": NaN,
        "Research And Development": NaN,
        "Selling General And Administration": NaN,
        "Selling And Marketing Expense": NaN,
        "General And Administrative Expense": NaN,
        "Other Gand A": NaN,
        "Gross Profit": NaN,
        "Cost Of Revenue": NaN,
        "Total Revenue": NaN,
        "Operating Revenue": NaN
    },
    "2023-10-31": {
        "Tax Effect Of Unusual Items": NaN,
        "Tax Rate For Calcs": NaN,
        "Normalized EBITDA": NaN,
        "Total Unusual Items": NaN,
        "Total Unusual Items Excluding Goodwill": NaN,
        "Net Income From Continuing Operation Net Minority Interest": NaN,
        "Reconciled Depreciation": NaN,
        "Reconciled Cost Of Revenue": NaN,
        "EBITDA": NaN,
        "EBIT": NaN,
        "Normalized Income": NaN,
        "Net Income From Continuing And Discontinued Operation": NaN,
        "Total Expenses": NaN,
        "Total Operating Income As Reported": NaN,
        "Diluted Average Shares": NaN,
        "Basic Average Shares": NaN,
        "Diluted EPS": NaN,
        "Basic EPS": NaN,
        "Diluted NI Availto Com Stockholders": NaN,
        "Net Income Common Stockholders": NaN,
        "Otherunder Preferred Stock Dividend": 0.0,
        "Net Income": NaN,
        "Net Income Including Noncontrolling Interests": NaN,
        "Net Income Continuous Operations": NaN,
        "Tax Provision": NaN,
        "Pretax Income": NaN,
        "Other Income Expense": NaN,
        "Other Non Operating Income Expenses": NaN,
        "Gain On Sale Of Security": NaN,
        "Operating Income": NaN,
        "Operating Expense": NaN,
        "Research And Development": NaN,
        "Selling General And Administration": NaN,
        "Selling And Marketing Expense": NaN,
        "General And Administrative Expense": NaN,
        "Other Gand A": NaN,
        "Gross Profit": NaN,
        "Cost Of Revenue": NaN,
        "Total Revenue": NaN,
        "Operating Revenue": NaN
    },
    "2024-01-31": {
        "Tax Effect Of Unusual Items": NaN,
        "Tax Rate For Calcs": NaN,
        "Normalized EBITDA": NaN,
        "Total Unusual Items": NaN,
        "Total Unusual Items Excluding Goodwill": NaN,
        "Net Income From Continuing Operation Net Minority Interest": NaN,
        "Reconciled Depreciation": NaN,
        "Reconciled Cost Of Revenue": NaN,
        "EBITDA": NaN,
        "EBIT": NaN,
        "Normalized Income": NaN,
        "Net Income From Continuing And Discontinued Operation": NaN,
        "Total Expenses": NaN,
        "Total Operating Income As Reported": NaN,
        "Diluted Average Shares": NaN,
        "Basic Average Shares": NaN,
        "Diluted EPS": NaN,
        "Basic EPS": NaN,
        "Diluted NI Availto Com Stockholders": NaN,
        "Net Income Common Stockholders": NaN,
        "Otherunder Preferred Stock Dividend": 0.0,
        "Net Income": NaN,
        "Net Income Including Noncontrolling Interests": NaN,
        "Net Income Continuous Operations": NaN,
        "Tax Provision": NaN,
        "Pretax Income": NaN,
        "Other Income Expense": NaN,
        "Other Non Operating Income Expenses": NaN,
        "Gain On Sale Of Security": NaN,
        "Operating Income": NaN,
        "Operating Expense": NaN,
        "Research And Development": NaN,
        "Selling General And Administration": NaN,
        "Selling And Marketing Expense": NaN,
        "General And Administrative Expense": NaN,
        "Other Gand A": NaN,
        "Gross Profit": NaN,
        "Cost Of Revenue": NaN,
        "Total Revenue": NaN,
        "Operating Revenue": NaN
    },
    "2024-04-30": {
        "Tax Effect Of Unusual Items": 4494686.0,
        "Tax Rate For Calcs": 0.259,
        "Normalized EBITDA": 212335000.0,
        "Total Unusual Items": 17354000.0,
        "Total Unusual Items Excluding Goodwill": 17354000.0,
        "Net Income From Continuing Operation Net Minority Interest": 216308000.0,
        "Reconciled Depreciation": 26667000.0,
        "Reconciled Cost Of Revenue": 273302000.0,
        "EBITDA": 229689000.0,
        "EBIT": 203022000.0,
        "Normalized Income": 203448686.0,
        "Net Income From Continuing And Discontinued Operation": 216308000.0,
        "Total Expenses": 938212000.0,
        "Total Operating Income As Reported": 203022000.0,
        "Diluted Average Shares": 315360678.0,
        "Basic Average Shares": 308700582.0,
        "Diluted EPS": 0.69,
        "Basic EPS": 0.7,
        "Diluted NI Availto Com Stockholders": 216308000.0,
        "Net Income Common Stockholders": 216308000.0,
        "Otherunder Preferred Stock Dividend": NaN,
        "Net Income": 216308000.0,
        "Net Income Including Noncontrolling Interests": 216308000.0,
        "Net Income Continuous Operations": 216308000.0,
        "Tax Provision": 75656000.0,
        "Pretax Income": 291964000.0,
        "Other Income Expense": 88942000.0,
        "Other Non Operating Income Expenses": 71588000.0,
        "Gain On Sale Of Security": 17354000.0,
        "Operating Income": 203022000.0,
        "Operating Expense": 664910000.0,
        "Research And Development": 205558000.0,
        "Selling General And Administration": 459352000.0,
        "Selling And Marketing Expense": 348008000.0,
        "General And Administrative Expense": 111344000.0,
        "Other Gand A": 111344000.0,
        "Gross Profit": 867932000.0,
        "Cost Of Revenue": 273302000.0,
        "Total Revenue": 1141234000.0,
        "Operating Revenue": 1141234000.0
    },
    "2024-07-31": {
        "Tax Effect Of Unusual Items": 782964.0,
        "Tax Rate For Calcs": 0.252,
        "Normalized EBITDA": 228347000.0,
        "Total Unusual Items": 3107000.0,
        "Total Unusual Items Excluding Goodwill": 3107000.0,
        "Net Income From Continuing Operation Net Minority Interest": 219015000.0,
        "Reconciled Depreciation": 29084000.0,
        "Reconciled Cost Of Revenue": 285089000.0,
        "EBITDA": 231454000.0,
        "EBIT": 202370000.0,
        "Normalized Income": 216690964.0,
        "Net Income From Continuing And Discontinued Operation": 219015000.0,
        "Total Expenses": 960150000.0,
        "Total Operating Income As Reported": 202370000.0,
        "Diluted Average Shares": 314027192.0,
        "Basic Average Shares": 309137807.0,
        "Diluted EPS": 0.7,
        "Basic EPS": 0.71,
        "Diluted NI Availto Com Stockholders": 219015000.0,
        "Net Income Common Stockholders": 219015000.0,
        "Otherunder Preferred Stock Dividend": NaN,
        "Net Income": 219015000.0,
        "Net Income Including Noncontrolling Interests": 219015000.0,
        "Net Income Continuous Operations": 219015000.0,
        "Tax Provision": 73874000.0,
        "Pretax Income": 292889000.0,
        "Other Income Expense": 90519000.0,
        "Other Non Operating Income Expenses": 87412000.0,
        "Gain On Sale Of Security": 3107000.0,
        "Operating Income": 202370000.0,
        "Operating Expense": 675061000.0,
        "Research And Development": 206756000.0,
        "Selling General And Administration": 468305000.0,
        "Selling And Marketing Expense": 358770000.0,
        "General And Administrative Expense": 109535000.0,
        "Other Gand A": 109535000.0,
        "Gross Profit": 877431000.0,
        "Cost Of Revenue": 285089000.0,
        "Total Revenue": 1162520000.0,
        "Operating Revenue": 1162520000.0
    },
    "2024-10-31": {
        "Tax Effect Of Unusual Items": 1656888.0,
        "Tax Rate For Calcs": 0.262,
        "Normalized EBITDA": 208806000.0,
        "Total Unusual Items": 6324000.0,
        "Total Unusual Items Excluding Goodwill": 6324000.0,
        "Net Income From Continuing Operation Net Minority Interest": 207050000.0,
        "Reconciled Depreciation": 32290000.0,
        "Reconciled Cost Of Revenue": 283881000.0,
        "EBITDA": 215130000.0,
        "EBIT": 182840000.0,
        "Normalized Income": 202382888.0,
        "Net Income From Continuing And Discontinued Operation": 207050000.0,
        "Total Expenses": 994701000.0,
        "Total Operating Income As Reported": 182840000.0,
        "Diluted Average Shares": 314191269.0,
        "Basic Average Shares": 307529696.0,
        "Diluted EPS": 0.66,
        "Basic EPS": 0.67,
        "Diluted NI Availto Com Stockholders": 207050000.0,
        "Net Income Common Stockholders": 207050000.0,
        "Otherunder Preferred Stock Dividend": NaN,
        "Net Income": 207050000.0,
        "Net Income Including Noncontrolling Interests": 207050000.0,
        "Net Income Continuous Operations": 207050000.0,
        "Tax Provision": 73362000.0,
        "Pretax Income": 280412000.0,
        "Other Income Expense": 97572000.0,
        "Other Non Operating Income Expenses": 91248000.0,
        "Gain On Sale Of Security": 6324000.0,
        "Operating Income": 182840000.0,
        "Operating Expense": 710820000.0,
        "Research And Development": 222980000.0,
        "Selling General And Administration": 487840000.0,
        "Selling And Marketing Expense": 361703000.0,
        "General And Administrative Expense": 126137000.0,
        "Other Gand A": 126137000.0,
        "Gross Profit": 893660000.0,
        "Cost Of Revenue": 283881000.0,
        "Total Revenue": 1177541000.0,
        "Operating Revenue": 1177541000.0
    },
    "2025-01-31": {
        "Tax Effect Of Unusual Items": 27530564.062365,
        "Tax Rate For Calcs": 0.183101,
        "Normalized EBITDA": 109297000.0,
        "Total Unusual Items": 150357000.0,
        "Total Unusual Items Excluding Goodwill": 150357000.0,
        "Net Income From Continuing Operation Net Minority Interest": 367865000.0,
        "Reconciled Depreciation": 34591000.0,
        "Reconciled Cost Of Revenue": 287355000.0,
        "EBITDA": 259654000.0,
        "EBIT": 225063000.0,
        "Normalized Income": 245038564.062365,
        "Net Income From Continuing And Discontinued Operation": 367865000.0,
        "Total Expenses": 959075000.0,
        "Total Operating Income As Reported": 225063000.0,
        "Diluted Average Shares": 316693346.0,
        "Basic Average Shares": 306553952.0,
        "Diluted EPS": 1.16,
        "Basic EPS": 1.2,
        "Diluted NI Availto Com Stockholders": 367865000.0,
        "Net Income Common Stockholders": 367865000.0,
        "Otherunder Preferred Stock Dividend": NaN,
        "Net Income": 367865000.0,
        "Net Income Including Noncontrolling Interests": 367865000.0,
        "Net Income Continuous Operations": 367865000.0,
        "Tax Provision": 82454000.0,
        "Pretax Income": 450319000.0,
        "Other Income Expense": 225256000.0,
        "Other Non Operating Income Expenses": 74899000.0,
        "Gain On Sale Of Security": 150357000.0,
        "Operating Income": 225063000.0,
        "Operating Expense": 671720000.0,
        "Research And Development": 217121000.0,
        "Selling General And Administration": 454599000.0,
        "Selling And Marketing Expense": 358903000.0,
        "General And Administrative Expense": 95696000.0,
        "Other Gand A": 95696000.0,
        "Gross Profit": 896783000.0,
        "Cost Of Revenue": 287355000.0,
        "Total Revenue": 1184138000.0,
        "Operating Revenue": 1184138000.0
    },
    "2025-04-30": {
        "Tax Effect Of Unusual Items": -2642086.0,
        "Tax Rate For Calcs": 0.194,
        "Normalized EBITDA": 290527000.0,
        "Total Unusual Items": -13619000.0,
        "Total Unusual Items Excluding Goodwill": -13619000.0,
        "Net Income From Continuing Operation Net Minority Interest": 254603000.0,
        "Reconciled Depreciation": 35316000.0,
        "Reconciled Cost Of Revenue": 278402000.0,
        "EBITDA": 276908000.0,
        "EBIT": 241592000.0,
        "Normalized Income": 265579914.0,
        "Net Income From Continuing And Discontinued Operation": 254603000.0,
        "Total Expenses": 933123000.0,
        "Total Operating Income As Reported": 241592000.0,
        "Diluted Average Shares": 312783861.0,
        "Basic Average Shares": 304908652.0,
        "Diluted EPS": 0.81,
        "Basic EPS": 0.84,
        "Diluted NI Availto Com Stockholders": 254603000.0,
        "Net Income Common Stockholders": 254603000.0,
        "Otherunder Preferred Stock Dividend": NaN,
        "Net Income": 254603000.0,
        "Net Income Including Noncontrolling Interests": 254603000.0,
        "Net Income Continuous Operations": 254603000.0,
        "Tax Provision": 61162000.0,
        "Pretax Income": 315765000.0,
        "Other Income Expense": 74173000.0,
        "Other Non Operating Income Expenses": 87792000.0,
        "Gain On Sale Of Security": -13619000.0,
        "Operating Income": 241592000.0,
        "Operating Expense": 654721000.0,
        "Research And Development": 205416000.0,
        "Selling General And Administration": 449305000.0,
        "Selling And Marketing Expense": 346970000.0,
        "General And Administrative Expense": 102335000.0,
        "Other Gand A": 102335000.0,
        "Gross Profit": 896313000.0,
        "Cost Of Revenue": 278402000.0,
        "Total Revenue": 1174715000.0,
        "Operating Revenue": 1174715000.0
    }
}