{
    "2023-03-31": {
        "Tax Effect Of Unusual Items": 31256943.521846,
        "Tax Rate For Calcs": 0.215031,
        "Normalized EBITDA": 2042354000.0,
        "Total Unusual Items": 145360000.0,
        "Total Unusual Items Excluding Goodwill": 145360000.0,
        "Net Income From Continuing Operation Net Minority Interest": 1670336000.0,
        "Reconciled Cost Of Revenue": 6459831000.0,
        "EBITDA": 2187714000.0,
        "EBIT": 2187714000.0,
        "Net Interest Income": 20202000.0,
        "Interest Expense": 71710000.0,
        "Interest Income": 91912000.0,
        "Normalized Income": 1556232943.521846,
        "Net Income From Continuing And Discontinued Operation": 1670336000.0,
        "Total Expenses": 7032797000.0,
        "Total Operating Income As Reported": 1950442000.0,
        "Diluted Average Shares": 840491415.0,
        "Basic Average Shares": 808865862.0,
        "Diluted EPS": 2.03,
        "Basic EPS": 2.07,
        "Diluted NI Availto Com Stockholders": 1670336000.0,
        "Net Income Common Stockholders": 1670336000.0,
        "Net Income": 1670336000.0,
        "Minority Interests": 5515000.0,
        "Net Income Including Noncontrolling Interests": 1664821000.0,
        "Net Income Continuous Operations": 1664821000.0,
        "Earnings From Equity Interest Net Of Tax": 3824000.0,
        "Tax Provision": 455007000.0,
        "Pretax Income": 2116004000.0,
        "Other Income Expense": 145360000.0,
        "Special Income Charges": 0.0,
        "Gain On Sale Of Business": 0.0,
        "Write Off": 0.0,
        "Gain On Sale Of Security": 145360000.0,
        "Net Non Operating Interest Income Expense": 20202000.0,
        "Interest Expense Non Operating": 71710000.0,
        "Interest Income Non Operating": 91912000.0,
        "Operating Income": 1950442000.0,
        "Operating Expense": 572966000.0,
        "Other Operating Expenses": -213641000.0,
        "Selling General And Administration": 786607000.0,
        "Gross Profit": 2523408000.0,
        "Cost Of Revenue": 6459831000.0,
        "Total Revenue": 8983239000.0,
        "Operating Revenue": 8950306000.0
    },
    "2022-12-31": {
        "Tax Effect Of Unusual Items": NaN,
        "Tax Rate For Calcs": NaN,
        "Normalized EBITDA": NaN,
        "Total Unusual Items": NaN,
        "Total Unusual Items Excluding Goodwill": NaN,
        "Net Income From Continuing Operation Net Minority Interest": NaN,
        "Reconciled Cost Of Revenue": NaN,
        "EBITDA": NaN,
        "EBIT": NaN,
        "Net Interest Income": NaN,
        "Interest Expense": NaN,
        "Interest Income": NaN,
        "Normalized Income": NaN,
        "Net Income From Continuing And Discontinued Operation": NaN,
        "Total Expenses": NaN,
        "Total Operating Income As Reported": NaN,
        "Diluted Average Shares": NaN,
        "Basic Average Shares": NaN,
        "Diluted EPS": NaN,
        "Basic EPS": NaN,
        "Diluted NI Availto Com Stockholders": NaN,
        "Net Income Common Stockholders": NaN,
        "Net Income": NaN,
        "Minority Interests": NaN,
        "Net Income Including Noncontrolling Interests": NaN,
        "Net Income Continuous Operations": NaN,
        "Earnings From Equity Interest Net Of Tax": NaN,
        "Tax Provision": NaN,
        "Pretax Income": NaN,
        "Other Income Expense": NaN,
        "Special Income Charges": NaN,
        "Gain On Sale Of Business": NaN,
        "Write Off": 0.0,
        "Gain On Sale Of Security": NaN,
        "Net Non Operating Interest Income Expense": NaN,
        "Interest Expense Non Operating": NaN,
        "Interest Income Non Operating": NaN,
        "Operating Income": NaN,
        "Operating Expense": NaN,
        "Other Operating Expenses": NaN,
        "Selling General And Administration": NaN,
        "Gross Profit": NaN,
        "Cost Of Revenue": NaN,
        "Total Revenue": NaN,
        "Operating Revenue": NaN
    },
    "2022-09-30": {
        "Tax Effect Of Unusual Items": 7977720.571859,
        "Tax Rate For Calcs": 0.187117,
        "Normalized EBITDA": 2337205000.0,
        "Total Unusual Items": 42635000.0,
        "Total Unusual Items Excluding Goodwill": 42635000.0,
        "Net Income From Continuing Operation Net Minority Interest": 1934994000.0,
        "Reconciled Cost Of Revenue": 6500530000.0,
        "EBITDA": 2379840000.0,
        "EBIT": 2379840000.0,
        "Net Interest Income": 130729000.0,
        "Interest Expense": 31637000.0,
        "Interest Income": 162366000.0,
        "Normalized Income": 1900336720.571859,
        "Net Income From Continuing And Discontinued Operation": 1934994000.0,
        "Total Expenses": 6770103000.0,
        "Total Operating Income As Reported": 2174839000.0,
        "Diluted Average Shares": 821077065.0,
        "Basic Average Shares": 809733116.0,
        "Diluted EPS": 2.37,
        "Basic EPS": 2.39,
        "Diluted NI Availto Com Stockholders": 1934994000.0,
        "Net Income Common Stockholders": 1934994000.0,
        "Net Income": 1934994000.0,
        "Minority Interests": 39539000.0,
        "Net Income Including Noncontrolling Interests": 1895455000.0,
        "Net Income Continuous Operations": 1895455000.0,
        "Earnings From Equity Interest Net Of Tax": -13360000.0,
        "Tax Provision": 439388000.0,
        "Pretax Income": 2348203000.0,
        "Other Income Expense": 42635000.0,
        "Special Income Charges": 34187000.0,
        "Gain On Sale Of Business": 60515000.0,
        "Write Off": 26328000.0,
        "Gain On Sale Of Security": 8448000.0,
        "Net Non Operating Interest Income Expense": 130729000.0,
        "Interest Expense Non Operating": 31637000.0,
        "Interest Income Non Operating": 162366000.0,
        "Operating Income": 2174839000.0,
        "Operating Expense": 269573000.0,
        "Other Operating Expenses": -171834000.0,
        "Selling General And Administration": 441407000.0,
        "Gross Profit": 2444412000.0,
        "Cost Of Revenue": 6500530000.0,
        "Total Revenue": 8944942000.0,
        "Operating Revenue": 8901029000.0
    },
    "2022-06-30": {
        "Tax Effect Of Unusual Items": 21283476.364631,
        "Tax Rate For Calcs": 0.200353,
        "Normalized EBITDA": 2104039000.0,
        "Total Unusual Items": 106230000.0,
        "Total Unusual Items Excluding Goodwill": 106230000.0,
        "Net Income From Continuing Operation Net Minority Interest": 1805181000.0,
        "Reconciled Cost Of Revenue": 6453855000.0,
        "EBITDA": 2210269000.0,
        "EBIT": 2210269000.0,
        "Net Interest Income": 95388000.0,
        "Interest Expense": 23102000.0,
        "Interest Income": 118490000.0,
        "Normalized Income": 1720234476.364631,
        "Net Income From Continuing And Discontinued Operation": 1805181000.0,
        "Total Expenses": 6671128000.0,
        "Total Operating Income As Reported": 1985549000.0,
        "Diluted Average Shares": 809733116.0,
        "Basic Average Shares": 809733116.0,
        "Diluted EPS": 2.23,
        "Basic EPS": 2.23,
        "Diluted NI Availto Com Stockholders": 1805181000.0,
        "Net Income Common Stockholders": 1805181000.0,
        "Net Income": 1805181000.0,
        "Minority Interests": 46479000.0,
        "Net Income Including Noncontrolling Interests": 1758702000.0,
        "Net Income Continuous Operations": 1758702000.0,
        "Earnings From Equity Interest Net Of Tax": 9740000.0,
        "Tax Provision": 438205000.0,
        "Pretax Income": 2187167000.0,
        "Other Income Expense": 106230000.0,
        "Special Income Charges": 0.0,
        "Gain On Sale Of Business": 0.0,
        "Write Off": NaN,
        "Gain On Sale Of Security": 106230000.0,
        "Net Non Operating Interest Income Expense": 95388000.0,
        "Interest Expense Non Operating": 23102000.0,
        "Interest Income Non Operating": 118490000.0,
        "Operating Income": 1985549000.0,
        "Operating Expense": 217273000.0,
        "Other Operating Expenses": -239634000.0,
        "Selling General And Administration": 456907000.0,
        "Gross Profit": 2202822000.0,
        "Cost Of Revenue": 6453855000.0,
        "Total Revenue": 8656677000.0,
        "Operating Revenue": 8611250000.0
    },
    "2022-03-31": {
        "Diluted EPS": 0.18,
        "Total Revenue": NaN,
        "Gross Profit": 255,
        "Operating Income": 176,
        "EBIT": 176,
        "Net Income": 143
    },
    "2021-12-31": {
        "Diluted EPS": 0.35,
        "Total Revenue": NaN,
        "Gross Profit": 364,
        "Operating Income": 330,
        "EBIT": 330,
        "Net Income": 283
    },
    "2021-09-30": {
        "Diluted EPS": 0.22,
        "Total Revenue": NaN,
        "Gross Profit": 243,
        "Operating Income": 211,
        "EBIT": 211,
        "Net Income": 181
    },
    "2021-06-30": {
        "Diluted EPS": 0.24,
        "Total Revenue": NaN,
        "Gross Profit": 259,
        "Operating Income": 225,
        "EBIT": 225,
        "Net Income": 200
    },
    "2021-03-31": {
        "Diluted EPS": 0.1,
        "Total Revenue": 988,
        "Gross Profit": 167,
        "Operating Income": 97,
        "EBIT": 97,
        "Net Income": 81
    },
    "2020-12-31": {
        "Diluted EPS": 0.27,
        "Total Revenue": NaN,
        "Gross Profit": 324,
        "Operating Income": 271,
        "EBIT": 271,
        "Net Income": 226
    },
    "2020-09-30": {
        "Diluted EPS": 0.23,
        "Total Revenue": 978,
        "Gross Profit": 205,
        "Operating Income": 172,
        "EBIT": 172,
        "Net Income": 177
    },
    "2020-06-30": {
        "Diluted EPS": 0.26,
        "Total Revenue": 906,
        "Gross Profit": 250,
        "Operating Income": 233,
        "EBIT": 233,
        "Net Income": 205
    },
    "2020-03-31": {
        "Diluted EPS": 0.07,
        "Total Revenue": 553,
        "Gross Profit": 116,
        "Operating Income": 53,
        "EBIT": 53,
        "Net Income": 53
    },
    "2019-12-31": {
        "Diluted EPS": 0.43,
        "Total Revenue": 968,
        "Gross Profit": 282,
        "Operating Income": 258,
        "EBIT": 258,
        "Net Income": 333
    },
    "2019-09-30": {
        "Diluted EPS": 0.23,
        "Total Revenue": 737,
        "Gross Profit": 223,
        "Operating Income": 196,
        "EBIT": 196,
        "Net Income": 183
    },
    "2019-06-30": {
        "Diluted EPS": 0.25,
        "Total Revenue": 790,
        "Gross Profit": 258,
        "Operating Income": 217,
        "EBIT": 217,
        "Net Income": 198
    },
    "2019-03-31": {
        "Diluted EPS": 0.13,
        "Total Revenue": 682,
        "Gross Profit": 188,
        "Operating Income": 113,
        "EBIT": 113,
        "Net Income": 101
    },
    "2018-12-31": {
        "Diluted EPS": 0.22,
        "Total Revenue": 744,
        "Gross Profit": 203,
        "Operating Income": 180,
        "EBIT": 180,
        "Net Income": 169
    },
    "2018-09-30": {
        "Diluted EPS": 0.2,
        "Total Revenue": 617,
        "Gross Profit": 193,
        "Operating Income": 159,
        "EBIT": 159,
        "Net Income": 154
    },
    "2018-06-30": {
        "Diluted EPS": 0.31,
        "Total Revenue": 634,
        "Gross Profit": 220,
        "Operating Income": 180,
        "EBIT": 180,
        "Net Income": 225
    },
    "2018-03-31": {
        "Diluted EPS": 0.12,
        "Total Revenue": 565,
        "Gross Profit": 165,
        "Operating Income": 111,
        "EBIT": 111,
        "Net Income": 89
    },
    "2017-12-31": {
        "Diluted EPS": 0.28,
        "Total Revenue": 717,
        "Gross Profit": 225,
        "Operating Income": 203,
        "EBIT": 203,
        "Net Income": 199
    },
    "2017-09-30": {
        "Diluted EPS": 0.15,
        "Total Revenue": 472,
        "Gross Profit": 171,
        "Operating Income": 142,
        "EBIT": 142,
        "Net Income": 108
    },
    "2017-06-30": {
        "Diluted EPS": 0.15,
        "Total Revenue": 438,
        "Gross Profit": 166,
        "Operating Income": 136,
        "EBIT": 136,
        "Net Income": 106
    },
    "2017-03-31": {
        "Diluted EPS": 0.1,
        "Total Revenue": 380,
        "Gross Profit": 106,
        "Operating Income": 95,
        "EBIT": 95,
        "Net Income": 73
    },
    "2016-09-30": {
        "Diluted EPS": 0.12,
        "Total Revenue": 353,
        "Gross Profit": 128,
        "Operating Income": 111,
        "EBIT": 111,
        "Net Income": 76
    },
    "2016-03-31": {
        "Diluted EPS": 0.07,
        "Total Revenue": 299,
        "Gross Profit": 299,
        "Operating Income": 299,
        "EBIT": 299,
        "Net Income": 52
    },
    "2015-12-31": {
        "Diluted EPS": 0.17,
        "Total Revenue": 342,
        "Gross Profit": 342,
        "Operating Income": 342,
        "EBIT": 342,
        "Net Income": 110
    },
    "2015-09-30": {
        "Diluted EPS": 0.05,
        "Total Revenue": 225,
        "Gross Profit": 225,
        "Operating Income": 225,
        "EBIT": 225,
        "Net Income": 34
    },
    "2023-06-30": {
        "Tax Effect Of Unusual Items": 24465849.082728,
        "Tax Rate For Calcs": 0.185333,
        "Normalized EBITDA": 3045883000.0,
        "Total Unusual Items": 132010000.0,
        "Total Unusual Items Excluding Goodwill": 132010000.0,
        "Net Income From Continuing Operation Net Minority Interest": 2541204000.0,
        "Reconciled Cost Of Revenue": 6435899000.0,
        "EBITDA": 3177893000.0,
        "EBIT": 3177893000.0,
        "Net Interest Income": 94890000.0,
        "Interest Expense": 72218000.0,
        "Interest Income": 167108000.0,
        "Normalized Income": 2433659849.082728,
        "Net Income From Continuing And Discontinued Operation": 2541204000.0,
        "Total Expenses": 6861549000.0,
        "Total Operating Income As Reported": 2878775000.0,
        "Diluted Average Shares": 840176316.0,
        "Basic Average Shares": 808967248.0,
        "Diluted EPS": 3.07,
        "Basic EPS": 3.14,
        "Diluted NI Availto Com Stockholders": 2541204000.0,
        "Net Income Common Stockholders": 2541204000.0,
        "Net Income": 2541204000.0,
        "Minority Interests": 10991000.0,
        "Net Income Including Noncontrolling Interests": 2530213000.0,
        "Net Income Continuous Operations": 2530213000.0,
        "Earnings From Equity Interest Net Of Tax": 123000.0,
        "Tax Provision": 575585000.0,
        "Pretax Income": 3105675000.0,
        "Other Income Expense": 132010000.0,
        "Special Income Charges": -764000.0,
        "Gain On Sale Of Business": -764000.0,
        "Write Off": 0.0,
        "Gain On Sale Of Security": 132774000.0,
        "Net Non Operating Interest Income Expense": 94890000.0,
        "Interest Expense Non Operating": 72218000.0,
        "Interest Income Non Operating": 167108000.0,
        "Operating Income": 2878775000.0,
        "Operating Expense": 425650000.0,
        "Other Operating Expenses": -78957000.0,
        "Selling General And Administration": 504607000.0,
        "Gross Profit": 3304425000.0,
        "Cost Of Revenue": 6435899000.0,
        "Total Revenue": 9740324000.0,
        "Operating Revenue": 9705094000.0
    },
    "2023-09-30": {
        "Tax Effect Of Unusual Items": NaN,
        "Tax Rate For Calcs": NaN,
        "Normalized EBITDA": NaN,
        "Total Unusual Items": NaN,
        "Total Unusual Items Excluding Goodwill": NaN,
        "Net Income From Continuing Operation Net Minority Interest": NaN,
        "Reconciled Cost Of Revenue": NaN,
        "EBITDA": NaN,
        "EBIT": NaN,
        "Net Interest Income": NaN,
        "Interest Expense": NaN,
        "Interest Income": NaN,
        "Normalized Income": NaN,
        "Net Income From Continuing And Discontinued Operation": NaN,
        "Total Expenses": NaN,
        "Total Operating Income As Reported": NaN,
        "Diluted Average Shares": 838290093.0,
        "Basic Average Shares": 807081026.0,
        "Diluted EPS": 2.84,
        "Basic EPS": 2.91,
        "Diluted NI Availto Com Stockholders": NaN,
        "Net Income Common Stockholders": NaN,
        "Net Income": NaN,
        "Minority Interests": NaN,
        "Net Income Including Noncontrolling Interests": NaN,
        "Net Income Continuous Operations": NaN,
        "Earnings From Equity Interest Net Of Tax": NaN,
        "Tax Provision": NaN,
        "Pretax Income": NaN,
        "Other Income Expense": NaN,
        "Special Income Charges": NaN,
        "Gain On Sale Of Business": NaN,
        "Write Off": NaN,
        "Gain On Sale Of Security": NaN,
        "Net Non Operating Interest Income Expense": NaN,
        "Interest Expense Non Operating": NaN,
        "Interest Income Non Operating": NaN,
        "Operating Income": NaN,
        "Operating Expense": NaN,
        "Other Operating Expenses": NaN,
        "Selling General And Administration": NaN,
        "Gross Profit": NaN,
        "Cost Of Revenue": NaN,
        "Total Revenue": NaN,
        "Operating Revenue": NaN
    },
    "2023-12-31": {
        "Tax Effect Of Unusual Items": -8437739.137009,
        "Tax Rate For Calcs": 0.222843,
        "Normalized EBITDA": 2956478000.0,
        "Total Unusual Items": -37864000.0,
        "Total Unusual Items Excluding Goodwill": -37864000.0,
        "Net Income From Continuing Operation Net Minority Interest": 2192306000.0,
        "Reconciled Cost Of Revenue": 7491185000.0,
        "EBITDA": 2918614000.0,
        "EBIT": 2918614000.0,
        "Net Interest Income": NaN,
        "Interest Expense": NaN,
        "Interest Income": 201383000.0,
        "Normalized Income": 2221732260.862991,
        "Net Income From Continuing And Discontinued Operation": 2192306000.0,
        "Total Expenses": 7864339000.0,
        "Total Operating Income As Reported": 2755095000.0,
        "Diluted Average Shares": 837291253.0,
        "Basic Average Shares": 806082185.0,
        "Diluted EPS": 2.66,
        "Basic EPS": 2.72,
        "Diluted NI Availto Com Stockholders": 2337757000.0,
        "Net Income Common Stockholders": 2337757000.0,
        "Net Income": 2192306000.0,
        "Minority Interests": -17507000.0,
        "Net Income Including Noncontrolling Interests": 2209813000.0,
        "Net Income Continuous Operations": 2209813000.0,
        "Earnings From Equity Interest Net Of Tax": -10376000.0,
        "Tax Provision": 636621000.0,
        "Pretax Income": 2856810000.0,
        "Other Income Expense": -37864000.0,
        "Special Income Charges": -4589000.0,
        "Gain On Sale Of Business": -4589000.0,
        "Write Off": 0.0,
        "Gain On Sale Of Security": -33275000.0,
        "Net Non Operating Interest Income Expense": 139579000.0,
        "Interest Expense Non Operating": 61804000.0,
        "Interest Income Non Operating": 201383000.0,
        "Operating Income": 2755095000.0,
        "Operating Expense": 373154000.0,
        "Other Operating Expenses": -327203000.0,
        "Selling General And Administration": 700357000.0,
        "Gross Profit": 3128249000.0,
        "Cost Of Revenue": 7491185000.0,
        "Total Revenue": 10619434000.0,
        "Operating Revenue": 10575031000.0
    },
    "2024-03-31": {
        "Tax Effect Of Unusual Items": -121823499.106856,
        "Tax Rate For Calcs": 0.283436,
        "Normalized EBITDA": 2511722000.0,
        "Total Unusual Items": -429809000.0,
        "Total Unusual Items Excluding Goodwill": -429809000.0,
        "Net Income From Continuing Operation Net Minority Interest": 1426046000.0,
        "Reconciled Cost Of Revenue": 6957921000.0,
        "EBITDA": 2081913000.0,
        "EBIT": 2081913000.0,
        "Net Interest Income": 161105000.0,
        "Interest Expense": 83916000.0,
        "Interest Income": 245021000.0,
        "Normalized Income": 1734031500.893144,
        "Net Income From Continuing And Discontinued Operation": 1426046000.0,
        "Total Expenses": 7693305000.0,
        "Total Operating Income As Reported": 2266701000.0,
        "Diluted Average Shares": 836144858.0,
        "Basic Average Shares": 804935791.0,
        "Diluted EPS": 1.75,
        "Basic EPS": 1.77,
        "Diluted NI Availto Com Stockholders": 1426046000.0,
        "Net Income Common Stockholders": 1426046000.0,
        "Net Income": 1426046000.0,
        "Minority Interests": -21701000.0,
        "Net Income Including Noncontrolling Interests": 1447747000.0,
        "Net Income Continuous Operations": 1447747000.0,
        "Earnings From Equity Interest Net Of Tax": 16055000.0,
        "Tax Provision": 566305000.0,
        "Pretax Income": 1997997000.0,
        "Other Income Expense": -429809000.0,
        "Special Income Charges": -477913000.0,
        "Gain On Sale Of Business": 451000.0,
        "Write Off": 478364000.0,
        "Gain On Sale Of Security": 48104000.0,
        "Net Non Operating Interest Income Expense": 161105000.0,
        "Interest Expense Non Operating": 83916000.0,
        "Interest Income Non Operating": 245021000.0,
        "Operating Income": 2266701000.0,
        "Operating Expense": 735384000.0,
        "Other Operating Expenses": -161257000.0,
        "Selling General And Administration": 896641000.0,
        "Gross Profit": 3002085000.0,
        "Cost Of Revenue": 6957921000.0,
        "Total Revenue": 9960006000.0,
        "Operating Revenue": 9927981000.0
    },
    "2024-06-30": {
        "Tax Effect Of Unusual Items": -22892556.247767,
        "Tax Rate For Calcs": 0.203076,
        "Normalized EBITDA": 3503274000.0,
        "Total Unusual Items": -112729000.0,
        "Total Unusual Items Excluding Goodwill": -112729000.0,
        "Net Income From Continuing Operation Net Minority Interest": 2611802000.0,
        "Reconciled Cost Of Revenue": 7105487000.0,
        "EBITDA": 3390545000.0,
        "EBIT": 3390545000.0,
        "Net Interest Income": 172222000.0,
        "Interest Expense": 115855000.0,
        "Interest Income": 288077000.0,
        "Normalized Income": 2701638443.752233,
        "Net Income From Continuing And Discontinued Operation": 2611802000.0,
        "Total Expenses": 7510767000.0,
        "Total Operating Income As Reported": 3215197000.0,
        "Diluted Average Shares": 839697501.0,
        "Basic Average Shares": 806668101.0,
        "Diluted EPS": 3.16,
        "Basic EPS": 3.24,
        "Diluted NI Availto Com Stockholders": 2611802000.0,
        "Net Income Common Stockholders": 2611802000.0,
        "Net Income": 2611802000.0,
        "Minority Interests": -2195000.0,
        "Net Income Including Noncontrolling Interests": 2613997000.0,
        "Net Income Continuous Operations": 2613997000.0,
        "Earnings From Equity Interest Net Of Tax": 4318000.0,
        "Tax Provision": 665011000.0,
        "Pretax Income": 3274690000.0,
        "Other Income Expense": -112729000.0,
        "Special Income Charges": -182769000.0,
        "Gain On Sale Of Business": 11683000.0,
        "Write Off": 194452000.0,
        "Gain On Sale Of Security": 70040000.0,
        "Net Non Operating Interest Income Expense": 172222000.0,
        "Interest Expense Non Operating": 115855000.0,
        "Interest Income Non Operating": 288077000.0,
        "Operating Income": 3215197000.0,
        "Operating Expense": 405280000.0,
        "Other Operating Expenses": -187698000.0,
        "Selling General And Administration": 592978000.0,
        "Gross Profit": 3620477000.0,
        "Cost Of Revenue": 7105487000.0,
        "Total Revenue": 10725964000.0,
        "Operating Revenue": 10689587000.0
    },
    "2024-09-30": {
        "Tax Effect Of Unusual Items": -19500986.27707,
        "Tax Rate For Calcs": 0.190601,
        "Normalized EBITDA": 3080300000.0,
        "Total Unusual Items": -102313000.0,
        "Total Unusual Items Excluding Goodwill": -102313000.0,
        "Net Income From Continuing Operation Net Minority Interest": 2396297000.0,
        "Reconciled Cost Of Revenue": 7340237000.0,
        "EBITDA": 2977987000.0,
        "EBIT": 2977987000.0,
        "Net Interest Income": 172146000.0,
        "Interest Expense": 66364000.0,
        "Interest Income": 238510000.0,
        "Normalized Income": 2479109013.72293,
        "Net Income From Continuing And Discontinued Operation": 2396297000.0,
        "Total Expenses": 7833258000.0,
        "Total Operating Income As Reported": 2841790000.0,
        "Diluted Average Shares": 838131679.0,
        "Basic Average Shares": 804565579.0,
        "Diluted EPS": 2.9,
        "Basic EPS": 2.98,
        "Diluted NI Availto Com Stockholders": 2396297000.0,
        "Net Income Common Stockholders": 2396297000.0,
        "Net Income": 2396297000.0,
        "Minority Interests": 17255000.0,
        "Net Income Including Noncontrolling Interests": 2379042000.0,
        "Net Income Continuous Operations": 2379042000.0,
        "Earnings From Equity Interest Net Of Tax": 22378000.0,
        "Tax Provision": 554959000.0,
        "Pretax Income": 2911623000.0,
        "Other Income Expense": -102313000.0,
        "Special Income Charges": -1440000.0,
        "Gain On Sale Of Business": -1440000.0,
        "Write Off": 0.0,
        "Gain On Sale Of Security": -100873000.0,
        "Net Non Operating Interest Income Expense": 172146000.0,
        "Interest Expense Non Operating": 66364000.0,
        "Interest Income Non Operating": 238510000.0,
        "Operating Income": 2841790000.0,
        "Operating Expense": 493021000.0,
        "Other Operating Expenses": -51552000.0,
        "Selling General And Administration": 544573000.0,
        "Gross Profit": 3334811000.0,
        "Cost Of Revenue": 7340237000.0,
        "Total Revenue": 10675048000.0,
        "Operating Revenue": 10641531000.0
    },
    "2024-12-31": {
        "Tax Effect Of Unusual Items": -33999489.208979,
        "Tax Rate For Calcs": 0.303356,
        "Normalized EBITDA": 3675098000.0,
        "Total Unusual Items": -112078000.0,
        "Total Unusual Items Excluding Goodwill": -112078000.0,
        "Net Income From Continuing Operation Net Minority Interest": 2382690000.0,
        "Reconciled Cost Of Revenue": 9159983000.0,
        "EBITDA": 3563020000.0,
        "EBIT": 3563020000.0,
        "Net Interest Income": 150143000.0,
        "Interest Expense": 71784000.0,
        "Interest Income": 221927000.0,
        "Normalized Income": 2460768510.791021,
        "Net Income From Continuing And Discontinued Operation": 2382690000.0,
        "Total Expenses": 9466531000.0,
        "Total Operating Income As Reported": 3453171000.0,
        "Diluted Average Shares": NaN,
        "Basic Average Shares": NaN,
        "Diluted EPS": NaN,
        "Basic EPS": NaN,
        "Diluted NI Availto Com Stockholders": 2533202000.0,
        "Net Income Common Stockholders": 2533202000.0,
        "Net Income": 2382690000.0,
        "Minority Interests": -64119000.0,
        "Net Income Including Noncontrolling Interests": 2446809000.0,
        "Net Income Continuous Operations": 2446809000.0,
        "Earnings From Equity Interest Net Of Tax": 14659000.0,
        "Tax Provision": 1059086000.0,
        "Pretax Income": 3491236000.0,
        "Other Income Expense": -112078000.0,
        "Special Income Charges": -279763000.0,
        "Gain On Sale Of Business": -21212000.0,
        "Write Off": 258551000.0,
        "Gain On Sale Of Security": 167685000.0,
        "Net Non Operating Interest Income Expense": 150143000.0,
        "Interest Expense Non Operating": 71784000.0,
        "Interest Income Non Operating": 221927000.0,
        "Operating Income": 3453171000.0,
        "Operating Expense": 306548000.0,
        "Other Operating Expenses": -349277000.0,
        "Selling General And Administration": 655825000.0,
        "Gross Profit": 3759719000.0,
        "Cost Of Revenue": 9159983000.0,
        "Total Revenue": 12919702000.0,
        "Operating Revenue": 12879737000.0
    },
    "2025-03-31": {
        "Tax Effect Of Unusual Items": NaN,
        "Tax Rate For Calcs": NaN,
        "Normalized EBITDA": NaN,
        "Total Unusual Items": NaN,
        "Total Unusual Items Excluding Goodwill": NaN,
        "Net Income From Continuing Operation Net Minority Interest": NaN,
        "Reconciled Cost Of Revenue": NaN,
        "EBITDA": NaN,
        "EBIT": NaN,
        "Net Interest Income": 129516000.0,
        "Interest Expense": 68876000.0,
        "Interest Income": NaN,
        "Normalized Income": NaN,
        "Net Income From Continuing And Discontinued Operation": NaN,
        "Total Expenses": NaN,
        "Total Operating Income As Reported": NaN,
        "Diluted Average Shares": NaN,
        "Basic Average Shares": NaN,
        "Diluted EPS": NaN,
        "Basic EPS": NaN,
        "Diluted NI Availto Com Stockholders": NaN,
        "Net Income Common Stockholders": NaN,
        "Net Income": NaN,
        "Minority Interests": NaN,
        "Net Income Including Noncontrolling Interests": NaN,
        "Net Income Continuous Operations": NaN,
        "Earnings From Equity Interest Net Of Tax": NaN,
        "Tax Provision": NaN,
        "Pretax Income": NaN,
        "Other Income Expense": NaN,
        "Special Income Charges": NaN,
        "Gain On Sale Of Business": NaN,
        "Write Off": NaN,
        "Gain On Sale Of Security": NaN,
        "Net Non Operating Interest Income Expense": NaN,
        "Interest Expense Non Operating": NaN,
        "Interest Income Non Operating": NaN,
        "Operating Income": NaN,
        "Operating Expense": NaN,
        "Other Operating Expenses": NaN,
        "Selling General And Administration": NaN,
        "Gross Profit": NaN,
        "Cost Of Revenue": NaN,
        "Total Revenue": NaN,
        "Operating Revenue": NaN
    }
}