{
    "2023-04-30": {
        "Tax Effect Of Unusual Items": NaN,
        "Tax Rate For Calcs": NaN,
        "Normalized EBITDA": NaN,
        "Net Income From Continuing Operation Net Minority Interest": NaN,
        "Reconciled Depreciation": NaN,
        "Reconciled Cost Of Revenue": NaN,
        "EBITDA": NaN,
        "EBIT": NaN,
        "Net Interest Income": NaN,
        "Interest Income": NaN,
        "Normalized Income": NaN,
        "Net Income From Continuing And Discontinued Operation": NaN,
        "Total Expenses": NaN,
        "Total Operating Income As Reported": NaN,
        "Diluted Average Shares": 19197000.0,
        "Basic Average Shares": 19197000.0,
        "Diluted EPS": -0.96,
        "Basic EPS": -0.96,
        "Diluted NI Availto Com Stockholders": NaN,
        "Net Income Common Stockholders": NaN,
        "Net Income": NaN,
        "Net Income Including Noncontrolling Interests": NaN,
        "Net Income Continuous Operations": NaN,
        "Tax Provision": NaN,
        "Pretax Income": NaN,
        "Other Income Expense": NaN,
        "Other Non Operating Income Expenses": NaN,
        "Net Non Operating Interest Income Expense": NaN,
        "Interest Income Non Operating": NaN,
        "Operating Income": NaN,
        "Operating Expense": NaN,
        "Selling General And Administration": NaN,
        "Gross Profit": NaN,
        "Cost Of Revenue": NaN,
        "Total Revenue": NaN,
        "Operating Revenue": NaN
    },
    "2023-01-31": {
        "Tax Effect Of Unusual Items": NaN,
        "Tax Rate For Calcs": NaN,
        "Normalized EBITDA": NaN,
        "Net Income From Continuing Operation Net Minority Interest": NaN,
        "Reconciled Depreciation": NaN,
        "Reconciled Cost Of Revenue": NaN,
        "EBITDA": NaN,
        "EBIT": NaN,
        "Net Interest Income": NaN,
        "Interest Income": NaN,
        "Normalized Income": NaN,
        "Net Income From Continuing And Discontinued Operation": NaN,
        "Total Expenses": NaN,
        "Total Operating Income As Reported": NaN,
        "Diluted Average Shares": 19255000.0,
        "Basic Average Shares": 19114000.0,
        "Diluted EPS": 0.59,
        "Basic EPS": 0.6,
        "Diluted NI Availto Com Stockholders": NaN,
        "Net Income Common Stockholders": NaN,
        "Net Income": NaN,
        "Net Income Including Noncontrolling Interests": NaN,
        "Net Income Continuous Operations": NaN,
        "Tax Provision": NaN,
        "Pretax Income": NaN,
        "Other Income Expense": NaN,
        "Other Non Operating Income Expenses": NaN,
        "Net Non Operating Interest Income Expense": NaN,
        "Interest Income Non Operating": NaN,
        "Operating Income": NaN,
        "Operating Expense": NaN,
        "Selling General And Administration": NaN,
        "Gross Profit": NaN,
        "Cost Of Revenue": NaN,
        "Total Revenue": NaN,
        "Operating Revenue": NaN
    },
    "2022-10-31": {
        "Tax Effect Of Unusual Items": NaN,
        "Tax Rate For Calcs": NaN,
        "Normalized EBITDA": NaN,
        "Net Income From Continuing Operation Net Minority Interest": NaN,
        "Reconciled Depreciation": NaN,
        "Reconciled Cost Of Revenue": NaN,
        "EBITDA": NaN,
        "EBIT": NaN,
        "Net Interest Income": NaN,
        "Interest Income": NaN,
        "Normalized Income": NaN,
        "Net Income From Continuing And Discontinued Operation": NaN,
        "Total Expenses": NaN,
        "Total Operating Income As Reported": NaN,
        "Diluted Average Shares": 19248000.0,
        "Basic Average Shares": 19101000.0,
        "Diluted EPS": 0.36,
        "Basic EPS": 0.36,
        "Diluted NI Availto Com Stockholders": NaN,
        "Net Income Common Stockholders": NaN,
        "Net Income": NaN,
        "Net Income Including Noncontrolling Interests": NaN,
        "Net Income Continuous Operations": NaN,
        "Tax Provision": NaN,
        "Pretax Income": NaN,
        "Other Income Expense": NaN,
        "Other Non Operating Income Expenses": NaN,
        "Net Non Operating Interest Income Expense": NaN,
        "Interest Income Non Operating": NaN,
        "Operating Income": NaN,
        "Operating Expense": NaN,
        "Selling General And Administration": NaN,
        "Gross Profit": NaN,
        "Cost Of Revenue": NaN,
        "Total Revenue": NaN,
        "Operating Revenue": NaN
    },
    "2022-07-31": {
        "Tax Effect Of Unusual Items": 0.0,
        "Tax Rate For Calcs": 0.4,
        "Normalized EBITDA": 10137000.0,
        "Net Income From Continuing Operation Net Minority Interest": 3067000.0,
        "Reconciled Depreciation": 5182000.0,
        "Reconciled Cost Of Revenue": 144929000.0,
        "EBITDA": 10137000.0,
        "EBIT": 4955000.0,
        "Net Interest Income": 358000.0,
        "Interest Income": 358000.0,
        "Normalized Income": 3067000.0,
        "Net Income From Continuing And Discontinued Operation": 3067000.0,
        "Total Expenses": 215038000.0,
        "Total Operating Income As Reported": 4955000.0,
        "Diluted Average Shares": 19262000.0,
        "Basic Average Shares": 19084000.0,
        "Diluted EPS": 0.16,
        "Basic EPS": 0.16,
        "Diluted NI Availto Com Stockholders": 3067000.0,
        "Net Income Common Stockholders": 3067000.0,
        "Net Income": 3067000.0,
        "Net Income Including Noncontrolling Interests": 3067000.0,
        "Net Income Continuous Operations": 3067000.0,
        "Tax Provision": 2479000.0,
        "Pretax Income": 5546000.0,
        "Other Income Expense": 233000.0,
        "Other Non Operating Income Expenses": 233000.0,
        "Net Non Operating Interest Income Expense": 358000.0,
        "Total Other Finance Cost": NaN,
        "Interest Income Non Operating": 358000.0,
        "Operating Income": 4955000.0,
        "Operating Expense": 70109000.0,
        "Selling General And Administration": 70109000.0,
        "Gross Profit": 75064000.0,
        "Cost Of Revenue": 144929000.0,
        "Total Revenue": 219993000.0,
        "Operating Revenue": 219993000.0
    },
    "2022-04-30": {
        "Diluted EPS": -0.02,
        "Total Revenue": 221,
        "Gross Profit": 72,
        "Operating Income": 0,
        "EBIT": 6,
        "Net Income": 0
    },
    "2022-01-31": {
        "Diluted EPS": 1.63,
        "Total Revenue": 347,
        "Gross Profit": 134,
        "Operating Income": 52,
        "EBIT": 57,
        "Net Income": 38
    },
    "2021-10-31": {
        "Diluted EPS": 1.25,
        "Total Revenue": 289,
        "Gross Profit": 115,
        "Operating Income": 40,
        "EBIT": 46,
        "Net Income": 31
    },
    "2021-07-31": {
        "Diluted EPS": 0.94,
        "Total Revenue": 269,
        "Gross Profit": 105,
        "Operating Income": 32,
        "EBIT": 38,
        "Net Income": 24
    },
    "2021-04-30": {
        "Diluted EPS": 1.03,
        "Total Revenue": 279,
        "Gross Profit": 103,
        "Operating Income": 34,
        "EBIT": 40,
        "Net Income": 26
    },
    "2021-01-31": {
        "Diluted EPS": 1.67,
        "Total Revenue": 332,
        "Gross Profit": 130,
        "Operating Income": 54,
        "EBIT": 60,
        "Net Income": 43
    },
    "2020-10-31": {
        "Diluted EPS": 1.16,
        "Total Revenue": 271,
        "Gross Profit": 106,
        "Operating Income": 38,
        "EBIT": 44,
        "Net Income": 29
    },
    "2020-07-31": {
        "Diluted EPS": 1.01,
        "Total Revenue": 250,
        "Gross Profit": 91,
        "Operating Income": 33,
        "EBIT": 39,
        "Net Income": 25
    },
    "2020-04-30": {
        "Diluted EPS": -0.84,
        "Total Revenue": 138,
        "Gross Profit": 24,
        "Operating Income": -28,
        "EBIT": -22,
        "Net Income": -21
    },
    "2020-01-31": {
        "Diluted EPS": 1.48,
        "Total Revenue": 329,
        "Gross Profit": 128,
        "Operating Income": 49,
        "EBIT": 56,
        "Net Income": 38
    },
    "2019-10-31": {
        "Diluted EPS": 0.75,
        "Total Revenue": 264,
        "Gross Profit": 95,
        "Operating Income": 24,
        "EBIT": 31,
        "Net Income": 19
    },
    "2019-07-31": {
        "Diluted EPS": 0.36,
        "Total Revenue": 228,
        "Gross Profit": 77,
        "Operating Income": 12,
        "EBIT": 18,
        "Net Income": 9
    },
    "2019-04-30": {
        "Diluted EPS": 0.03,
        "Total Revenue": 213,
        "Gross Profit": 66,
        "Operating Income": 1,
        "EBIT": 7,
        "Net Income": 1
    },
    "2019-01-31": {
        "Diluted EPS": 1.17,
        "Total Revenue": 305,
        "Gross Profit": 114,
        "Operating Income": 38,
        "EBIT": 44,
        "Net Income": 30
    },
    "2018-10-31": {
        "Diluted EPS": 0.55,
        "Total Revenue": 249,
        "Gross Profit": 87,
        "Operating Income": 18,
        "EBIT": 26,
        "Net Income": 14
    },
    "2018-07-31": {
        "Diluted EPS": 0.17,
        "Total Revenue": 219,
        "Gross Profit": 73,
        "Operating Income": 7,
        "EBIT": 14,
        "Net Income": 4
    },
    "2018-04-30": {
        "Diluted EPS": -0.1,
        "Total Revenue": 206,
        "Gross Profit": 63,
        "Operating Income": -2,
        "EBIT": 5,
        "Net Income": -3
    },
    "2018-01-31": {
        "Diluted EPS": 0.8,
        "Total Revenue": 308,
        "Gross Profit": 115,
        "Operating Income": 37,
        "EBIT": 44,
        "Net Income": 20
    },
    "2017-10-31": {
        "Diluted EPS": 0.48,
        "Total Revenue": 246,
        "Gross Profit": 83,
        "Operating Income": 19,
        "EBIT": 26,
        "Net Income": 12
    },
    "2017-07-31": {
        "Diluted EPS": -0.02,
        "Total Revenue": 192,
        "Gross Profit": 60,
        "Operating Income": -1,
        "EBIT": 6,
        "Net Income": -1
    },
    "2017-04-30": {
        "Diluted EPS": -0.18,
        "Total Revenue": 181,
        "Gross Profit": 52,
        "Operating Income": -6,
        "EBIT": 0,
        "Net Income": -4
    },
    "2017-01-31": {
        "Diluted EPS": 0.72,
        "Total Revenue": 264,
        "Gross Profit": 94,
        "Operating Income": 28,
        "EBIT": 35,
        "Net Income": 18
    },
    "2016-10-31": {
        "Diluted EPS": 0.43,
        "Total Revenue": 221,
        "Gross Profit": 76,
        "Operating Income": 17,
        "EBIT": 24,
        "Net Income": 11
    },
    "2016-07-31": {
        "Diluted EPS": -0.03,
        "Total Revenue": 178,
        "Gross Profit": 55,
        "Operating Income": -1,
        "EBIT": 6,
        "Net Income": -1
    },
    "2016-04-30": {
        "Diluted EPS": -0.08,
        "Total Revenue": 173,
        "Gross Profit": 50,
        "Operating Income": -4,
        "EBIT": 3,
        "Net Income": -2
    },
    "2016-01-31": {
        "Diluted EPS": 0.48,
        "Total Revenue": 242,
        "Gross Profit": 84,
        "Operating Income": 22,
        "EBIT": 29,
        "Net Income": 13
    },
    "2015-10-31": {
        "Diluted EPS": 0.36,
        "Total Revenue": 204,
        "Gross Profit": 70,
        "Operating Income": 15,
        "EBIT": 23,
        "Net Income": 10
    },
    "2015-07-31": {
        "Diluted EPS": 0.11,
        "Total Revenue": 180,
        "Gross Profit": 58,
        "Operating Income": 5,
        "EBIT": 13,
        "Net Income": 3
    },
    "2015-04-30": {
        "Diluted EPS": 0.09,
        "Total Revenue": 178,
        "Gross Profit": 57,
        "Operating Income": 4,
        "EBIT": 12,
        "Net Income": 3
    },
    "2015-01-31": {
        "Diluted EPS": 0.58,
        "Total Revenue": 259,
        "Gross Profit": 98,
        "Operating Income": 31,
        "EBIT": 39,
        "Net Income": 18
    },
    "2014-10-31": {
        "Diluted EPS": 0.54,
        "Total Revenue": 213,
        "Gross Profit": 78,
        "Operating Income": 25,
        "EBIT": 32,
        "Net Income": 16
    },
    "2014-07-31": {
        "Diluted EPS": 0.26,
        "Total Revenue": 177,
        "Gross Profit": 61,
        "Operating Income": 12,
        "EBIT": 19,
        "Net Income": 7
    },
    "2014-04-30": {
        "Diluted EPS": 0.09,
        "Total Revenue": 163,
        "Gross Profit": 51,
        "Operating Income": 4,
        "EBIT": 11,
        "Net Income": 2
    },
    "2014-01-31": {
        "Diluted EPS": 0.89,
        "Total Revenue": 227,
        "Gross Profit": 88,
        "Operating Income": 40,
        "EBIT": 47,
        "Net Income": 27
    },
    "2013-10-31": {
        "Diluted EPS": 0.39,
        "Total Revenue": 191,
        "Gross Profit": 71,
        "Operating Income": 21,
        "EBIT": 28,
        "Net Income": 12
    },
    "2013-07-31": {
        "Diluted EPS": 0.16,
        "Total Revenue": 158,
        "Gross Profit": 55,
        "Operating Income": 8,
        "EBIT": 14,
        "Net Income": 5
    },
    "2013-04-30": {
        "Diluted EPS": 0.08,
        "Total Revenue": 148,
        "Gross Profit": 48,
        "Operating Income": 4,
        "EBIT": 10,
        "Net Income": 2
    },
    "2013-01-31": {
        "Diluted EPS": 0.74,
        "Total Revenue": 224,
        "Gross Profit": 86,
        "Operating Income": 36,
        "EBIT": 42,
        "Net Income": 23
    },
    "2012-10-31": {
        "Diluted EPS": 0.4,
        "Total Revenue": 180,
        "Gross Profit": 67,
        "Operating Income": 21,
        "EBIT": 27,
        "Net Income": 13
    },
    "2012-07-31": {
        "Diluted EPS": 0.07,
        "Total Revenue": 135,
        "Gross Profit": 46,
        "Operating Income": 4,
        "EBIT": 9,
        "Net Income": 2
    },
    "2012-04-30": {
        "Diluted EPS": 0.14,
        "Total Revenue": 130,
        "Gross Profit": 42,
        "Operating Income": 7,
        "EBIT": 13,
        "Net Income": 5
    },
    "2012-01-31": {
        "Diluted EPS": 0.61,
        "Total Revenue": 184,
        "Gross Profit": 72,
        "Operating Income": 31,
        "EBIT": 36,
        "Net Income": 19
    },
    "2011-10-31": {
        "Diluted EPS": 0.45,
        "Total Revenue": 154,
        "Gross Profit": 60,
        "Operating Income": 23,
        "EBIT": 28,
        "Net Income": 14
    },
    "2011-07-31": {
        "Diluted EPS": 0.08,
        "Total Revenue": 112,
        "Gross Profit": 37,
        "Operating Income": 4,
        "EBIT": 8,
        "Net Income": 3
    },
    "2011-04-30": {
        "Diluted EPS": 0.06,
        "Total Revenue": 106,
        "Gross Profit": 33,
        "Operating Income": 3,
        "EBIT": 7,
        "Net Income": 2
    },
    "2011-01-31": {
        "Diluted EPS": 0.49,
        "Total Revenue": 156,
        "Gross Profit": 59,
        "Operating Income": 24,
        "EBIT": 29,
        "Net Income": 15
    },
    "2010-10-31": {
        "Diluted EPS": 0.4,
        "Total Revenue": 136,
        "Gross Profit": 53,
        "Operating Income": 19,
        "EBIT": 23,
        "Net Income": 12
    },
    "2010-07-31": {
        "Diluted EPS": -0.04,
        "Total Revenue": 98,
        "Gross Profit": 30,
        "Operating Income": -2,
        "EBIT": 2,
        "Net Income": -1
    },
    "2010-04-30": {
        "Diluted EPS": -0.06,
        "Total Revenue": 89,
        "Gross Profit": 25,
        "Operating Income": -3,
        "EBIT": 1,
        "Net Income": -2
    },
    "2010-01-31": {
        "Diluted EPS": 0.29,
        "Total Revenue": 132,
        "Gross Profit": 47,
        "Operating Income": 13,
        "EBIT": 19,
        "Net Income": 9
    },
    "2009-10-31": {
        "Diluted EPS": 0.17,
        "Total Revenue": 113,
        "Gross Profit": 40,
        "Operating Income": 8,
        "EBIT": 14,
        "Net Income": 5
    },
    "2009-07-31": {
        "Diluted EPS": -0.1,
        "Total Revenue": 85,
        "Gross Profit": 25,
        "Operating Income": -5,
        "EBIT": 0,
        "Net Income": -3
    },
    "2009-04-30": {
        "Diluted EPS": -0.06,
        "Total Revenue": 77,
        "Gross Profit": 22,
        "Operating Income": -3,
        "EBIT": 2,
        "Net Income": -2
    },
    "2009-01-31": {
        "Diluted EPS": 0.21,
        "Total Revenue": 125,
        "Gross Profit": 41,
        "Operating Income": 9,
        "EBIT": 14,
        "Net Income": 6
    },
    "2023-07-31": {
        "Tax Effect Of Unusual Items": NaN,
        "Tax Rate For Calcs": NaN,
        "Normalized EBITDA": NaN,
        "Net Income From Continuing Operation Net Minority Interest": NaN,
        "Reconciled Depreciation": NaN,
        "Reconciled Cost Of Revenue": NaN,
        "EBITDA": NaN,
        "EBIT": NaN,
        "Net Interest Income": NaN,
        "Interest Income": NaN,
        "Normalized Income": NaN,
        "Net Income From Continuing And Discontinued Operation": NaN,
        "Total Expenses": NaN,
        "Total Operating Income As Reported": NaN,
        "Diluted Average Shares": 19311000.0,
        "Basic Average Shares": 19311000.0,
        "Diluted EPS": -0.44,
        "Basic EPS": -0.44,
        "Diluted NI Availto Com Stockholders": NaN,
        "Net Income Common Stockholders": NaN,
        "Net Income": NaN,
        "Net Income Including Noncontrolling Interests": NaN,
        "Net Income Continuous Operations": NaN,
        "Tax Provision": NaN,
        "Pretax Income": NaN,
        "Other Income Expense": NaN,
        "Other Non Operating Income Expenses": NaN,
        "Net Non Operating Interest Income Expense": NaN,
        "Interest Income Non Operating": NaN,
        "Operating Income": NaN,
        "Operating Expense": NaN,
        "Selling General And Administration": NaN,
        "Gross Profit": NaN,
        "Cost Of Revenue": NaN,
        "Total Revenue": NaN,
        "Operating Revenue": NaN
    },
    "2023-10-31": {
        "Tax Effect Of Unusual Items": 0.0,
        "Tax Rate For Calcs": 0.21,
        "Normalized EBITDA": 5171000.0,
        "Net Income From Continuing Operation Net Minority Interest": -2231000.0,
        "Reconciled Depreciation": 5328000.0,
        "Reconciled Cost Of Revenue": NaN,
        "EBITDA": NaN,
        "EBIT": -157000.0,
        "Net Interest Income": 948000.0,
        "Interest Income": 948000.0,
        "Normalized Income": -2231000.0,
        "Net Income From Continuing And Discontinued Operation": -2231000.0,
        "Total Expenses": 216496000.0,
        "Total Operating Income As Reported": -157000.0,
        "Diluted Average Shares": 19327000.0,
        "Basic Average Shares": 19327000.0,
        "Diluted EPS": -0.12,
        "Basic EPS": -0.12,
        "Diluted NI Availto Com Stockholders": -2231000.0,
        "Net Income Common Stockholders": -2231000.0,
        "Net Income": -2231000.0,
        "Net Income Including Noncontrolling Interests": -2231000.0,
        "Net Income Continuous Operations": -2231000.0,
        "Tax Provision": 1985000.0,
        "Pretax Income": -246000.0,
        "Other Income Expense": -1037000.0,
        "Other Non Operating Income Expenses": -1037000.0,
        "Net Non Operating Interest Income Expense": 948000.0,
        "Interest Income Non Operating": 948000.0,
        "Operating Income": -157000.0,
        "Operating Expense": 73361000.0,
        "Selling General And Administration": 73361000.0,
        "Gross Profit": 73204000.0,
        "Cost Of Revenue": 143135000.0,
        "Total Revenue": 216339000.0,
        "Operating Revenue": 216339000.0
    },
    "2024-01-31": {
        "Tax Effect Of Unusual Items": 0.0,
        "Tax Rate For Calcs": 0.21,
        "Normalized EBITDA": -26231000.0,
        "Net Income From Continuing Operation Net Minority Interest": -33488000.0,
        "Reconciled Depreciation": 6554000.0,
        "Reconciled Cost Of Revenue": 185171000.0,
        "EBITDA": -26231000.0,
        "EBIT": -32785000.0,
        "Net Interest Income": 941000.0,
        "Interest Income": 941000.0,
        "Normalized Income": -33488000.0,
        "Net Income From Continuing And Discontinued Operation": -33488000.0,
        "Total Expenses": 314607000.0,
        "Total Operating Income As Reported": -32785000.0,
        "Diluted Average Shares": NaN,
        "Basic Average Shares": NaN,
        "Diluted EPS": NaN,
        "Basic EPS": NaN,
        "Diluted NI Availto Com Stockholders": -33488000.0,
        "Net Income Common Stockholders": -33488000.0,
        "Net Income": -33488000.0,
        "Net Income Including Noncontrolling Interests": -33487000.0,
        "Net Income Continuous Operations": -33487000.0,
        "Tax Provision": 2188000.0,
        "Pretax Income": -31299000.0,
        "Other Income Expense": 545000.0,
        "Other Non Operating Income Expenses": 545000.0,
        "Net Non Operating Interest Income Expense": 941000.0,
        "Interest Income Non Operating": 941000.0,
        "Operating Income": -32785000.0,
        "Operating Expense": 129436000.0,
        "Selling General And Administration": 129436000.0,
        "Gross Profit": 96651000.0,
        "Cost Of Revenue": 185171000.0,
        "Total Revenue": 281822000.0,
        "Operating Revenue": 281822000.0
    },
    "2024-07-31": {
        "Tax Effect Of Unusual Items": 0.0,
        "Tax Rate For Calcs": 0.21,
        "Normalized EBITDA": 5098000.0,
        "Net Income From Continuing Operation Net Minority Interest": -847000.0,
        "Reconciled Depreciation": 5491000.0,
        "Reconciled Cost Of Revenue": 138385000.0,
        "EBITDA": 5098000.0,
        "EBIT": -393000.0,
        "Net Interest Income": 1128000.0,
        "Interest Income": 1128000.0,
        "Normalized Income": -847000.0,
        "Net Income From Continuing And Discontinued Operation": -847000.0,
        "Total Expenses": 210572000.0,
        "Total Operating Income As Reported": -393000.0,
        "Diluted Average Shares": 19284000.0,
        "Basic Average Shares": 19284000.0,
        "Diluted EPS": -0.04,
        "Basic EPS": -0.04,
        "Diluted NI Availto Com Stockholders": -847000.0,
        "Net Income Common Stockholders": -847000.0,
        "Net Income": -847000.0,
        "Net Income Including Noncontrolling Interests": -847000.0,
        "Net Income Continuous Operations": -847000.0,
        "Tax Provision": 1403000.0,
        "Pretax Income": 556000.0,
        "Other Income Expense": -179000.0,
        "Other Non Operating Income Expenses": -179000.0,
        "Net Non Operating Interest Income Expense": 1128000.0,
        "Interest Income Non Operating": 1128000.0,
        "Operating Income": -393000.0,
        "Operating Expense": 72187000.0,
        "Selling General And Administration": 72187000.0,
        "Gross Profit": 71794000.0,
        "Cost Of Revenue": 138385000.0,
        "Total Revenue": 210179000.0,
        "Operating Revenue": 210179000.0
    },
    "2024-10-31": {
        "Tax Effect Of Unusual Items": 0.0,
        "Tax Rate For Calcs": 0.21,
        "Normalized EBITDA": 7823000.0,
        "Net Income From Continuing Operation Net Minority Interest": 1159000.0,
        "Reconciled Depreciation": 5455000.0,
        "Reconciled Cost Of Revenue": 144161000.0,
        "EBITDA": 7823000.0,
        "EBIT": 2368000.0,
        "Net Interest Income": 1013000.0,
        "Interest Income": 1013000.0,
        "Normalized Income": 1159000.0,
        "Net Income From Continuing And Discontinued Operation": 1159000.0,
        "Total Expenses": 220107000.0,
        "Total Operating Income As Reported": 2368000.0,
        "Diluted Average Shares": 18881000.0,
        "Basic Average Shares": 18463000.0,
        "Diluted EPS": 0.06,
        "Basic EPS": 0.06,
        "Diluted NI Availto Com Stockholders": 1159000.0,
        "Net Income Common Stockholders": 1159000.0,
        "Net Income": 1159000.0,
        "Net Income Including Noncontrolling Interests": 1159000.0,
        "Net Income Continuous Operations": 1159000.0,
        "Tax Provision": 2005000.0,
        "Pretax Income": 3164000.0,
        "Other Income Expense": -217000.0,
        "Other Non Operating Income Expenses": -217000.0,
        "Net Non Operating Interest Income Expense": 1013000.0,
        "Interest Income Non Operating": 1013000.0,
        "Operating Income": 2368000.0,
        "Operating Expense": 75946000.0,
        "Selling General And Administration": 75946000.0,
        "Gross Profit": 78314000.0,
        "Cost Of Revenue": 144161000.0,
        "Total Revenue": 222475000.0,
        "Operating Revenue": 222475000.0
    },
    "2025-01-31": {
        "Tax Effect Of Unusual Items": 0.0,
        "Tax Rate For Calcs": 0.260711,
        "Normalized EBITDA": 25783000.0,
        "Net Income From Continuing Operation Net Minority Interest": 14754000.0,
        "Reconciled Depreciation": 5653000.0,
        "Reconciled Cost Of Revenue": 178127000.0,
        "EBITDA": 25783000.0,
        "EBIT": 20130000.0,
        "Net Interest Income": 742000.0,
        "Interest Income": 742000.0,
        "Normalized Income": 14754000.0,
        "Net Income From Continuing And Discontinued Operation": 14754000.0,
        "Total Expenses": 259030000.0,
        "Total Operating Income As Reported": 20130000.0,
        "Diluted Average Shares": 18806000.0,
        "Basic Average Shares": 18464000.0,
        "Diluted EPS": 0.78,
        "Basic EPS": 0.8,
        "Diluted NI Availto Com Stockholders": 14754000.0,
        "Net Income Common Stockholders": 14754000.0,
        "Net Income": 14754000.0,
        "Net Income Including Noncontrolling Interests": 14754000.0,
        "Net Income Continuous Operations": 14754000.0,
        "Tax Provision": 5203000.0,
        "Pretax Income": 19957000.0,
        "Other Income Expense": -915000.0,
        "Other Non Operating Income Expenses": -915000.0,
        "Net Non Operating Interest Income Expense": 742000.0,
        "Interest Income Non Operating": 742000.0,
        "Operating Income": 20130000.0,
        "Operating Expense": 80903000.0,
        "Selling General And Administration": 80903000.0,
        "Gross Profit": 101033000.0,
        "Cost Of Revenue": 178127000.0,
        "Total Revenue": 279160000.0,
        "Operating Revenue": 279160000.0
    },
    "2024-04-30": {
        "Tax Effect Of Unusual Items": 0.0,
        "Tax Rate For Calcs": 0.144,
        "Normalized EBITDA": -14594000.0,
        "Net Income From Continuing Operation Net Minority Interest": -16780000.0,
        "Reconciled Depreciation": 5561000.0,
        "Reconciled Cost Of Revenue": 125489000.0,
        "EBITDA": -14594000.0,
        "EBIT": -20155000.0,
        "Net Interest Income": 1321000.0,
        "Interest Income": 1321000.0,
        "Normalized Income": -16780000.0,
        "Net Income From Continuing And Discontinued Operation": -16780000.0,
        "Total Expenses": 197543000.0,
        "Total Operating Income As Reported": -20155000.0,
        "Diluted Average Shares": 19465000.0,
        "Basic Average Shares": 19465000.0,
        "Diluted EPS": -0.86,
        "Basic EPS": -0.86,
        "Diluted NI Availto Com Stockholders": -16780000.0,
        "Net Income Common Stockholders": -16780000.0,
        "Net Income": -16780000.0,
        "Net Income Including Noncontrolling Interests": -16780000.0,
        "Net Income Continuous Operations": -16780000.0,
        "Tax Provision": -2821000.0,
        "Pretax Income": -19601000.0,
        "Other Income Expense": -767000.0,
        "Other Non Operating Income Expenses": -767000.0,
        "Net Non Operating Interest Income Expense": 1321000.0,
        "Interest Income Non Operating": 1321000.0,
        "Operating Income": -20155000.0,
        "Operating Expense": 72054000.0,
        "Selling General And Administration": 72054000.0,
        "Gross Profit": 51899000.0,
        "Cost Of Revenue": 125489000.0,
        "Total Revenue": 177388000.0,
        "Operating Revenue": 177388000.0
    },
    "2025-04-30": {
        "Tax Effect Of Unusual Items": NaN,
        "Tax Rate For Calcs": NaN,
        "Normalized EBITDA": NaN,
        "Net Income From Continuing Operation Net Minority Interest": NaN,
        "Reconciled Depreciation": NaN,
        "Reconciled Cost Of Revenue": 129028000.0,
        "EBITDA": -14485000.0,
        "EBIT": NaN,
        "Net Interest Income": NaN,
        "Interest Income": NaN,
        "Normalized Income": NaN,
        "Net Income From Continuing And Discontinued Operation": NaN,
        "Total Expenses": NaN,
        "Total Operating Income As Reported": NaN,
        "Diluted Average Shares": NaN,
        "Basic Average Shares": NaN,
        "Diluted EPS": NaN,
        "Basic EPS": NaN,
        "Diluted NI Availto Com Stockholders": NaN,
        "Net Income Common Stockholders": NaN,
        "Net Income": NaN,
        "Net Income Including Noncontrolling Interests": NaN,
        "Net Income Continuous Operations": NaN,
        "Tax Provision": NaN,
        "Pretax Income": NaN,
        "Other Income Expense": NaN,
        "Other Non Operating Income Expenses": NaN,
        "Net Non Operating Interest Income Expense": NaN,
        "Interest Income Non Operating": NaN,
        "Operating Income": NaN,
        "Operating Expense": NaN,
        "Selling General And Administration": NaN,
        "Gross Profit": NaN,
        "Cost Of Revenue": NaN,
        "Total Revenue": NaN,
        "Operating Revenue": NaN
    }
}