{
    "2023-03-31": {
        "Tax Effect Of Unusual Items": NaN,
        "Tax Rate For Calcs": NaN,
        "Normalized EBITDA": NaN,
        "Total Unusual Items": NaN,
        "Total Unusual Items Excluding Goodwill": NaN,
        "Net Income From Continuing Operation Net Minority Interest": NaN,
        "Reconciled Depreciation": NaN,
        "Reconciled Cost Of Revenue": NaN,
        "EBITDA": NaN,
        "EBIT": NaN,
        "Normalized Income": NaN,
        "Net Income From Continuing And Discontinued Operation": NaN,
        "Total Expenses": NaN,
        "Total Operating Income As Reported": NaN,
        "Diluted Average Shares": NaN,
        "Basic Average Shares": NaN,
        "Diluted EPS": NaN,
        "Basic EPS": NaN,
        "Diluted NI Availto Com Stockholders": NaN,
        "Average Dilution Earnings": -1418000.0,
        "Net Income Common Stockholders": NaN,
        "Otherunder Preferred Stock Dividend": NaN,
        "Net Income": NaN,
        "Minority Interests": NaN,
        "Net Income Including Noncontrolling Interests": NaN,
        "Net Income Continuous Operations": NaN,
        "Tax Provision": NaN,
        "Pretax Income": NaN,
        "Other Income Expense": NaN,
        "Other Non Operating Income Expenses": NaN,
        "Special Income Charges": NaN,
        "Restructuring And Mergern Acquisition": NaN,
        "Operating Income": NaN,
        "Operating Expense": NaN,
        "Depreciation Amortization Depletion Income Statement": NaN,
        "Depreciation And Amortization In Income Statement": NaN,
        "Selling General And Administration": NaN,
        "Selling And Marketing Expense": NaN,
        "General And Administrative Expense": NaN,
        "Other Gand A": NaN,
        "Salaries And Wages": NaN,
        "Gross Profit": NaN,
        "Cost Of Revenue": NaN,
        "Total Revenue": NaN,
        "Operating Revenue": NaN
    },
    "2022-12-31": {
        "Tax Effect Of Unusual Items": NaN,
        "Tax Rate For Calcs": NaN,
        "Normalized EBITDA": NaN,
        "Net Income From Continuing Operation Net Minority Interest": NaN,
        "Reconciled Depreciation": NaN,
        "Reconciled Cost Of Revenue": NaN,
        "EBITDA": NaN,
        "EBIT": NaN,
        "Normalized Income": NaN,
        "Net Income From Continuing And Discontinued Operation": NaN,
        "Total Expenses": NaN,
        "Total Operating Income As Reported": NaN,
        "Diluted Average Shares": NaN,
        "Basic Average Shares": NaN,
        "Diluted EPS": NaN,
        "Basic EPS": NaN,
        "Diluted NI Availto Com Stockholders": NaN,
        "Average Dilution Earnings": NaN,
        "Net Income Common Stockholders": NaN,
        "Otherunder Preferred Stock Dividend": 0.0,
        "Net Income": NaN,
        "Minority Interests": NaN,
        "Net Income Including Noncontrolling Interests": NaN,
        "Net Income Continuous Operations": NaN,
        "Tax Provision": NaN,
        "Pretax Income": NaN,
        "Other Income Expense": NaN,
        "Other Non Operating Income Expenses": NaN,
        "Operating Income": NaN,
        "Operating Expense": NaN,
        "Depreciation Amortization Depletion Income Statement": NaN,
        "Depreciation And Amortization In Income Statement": NaN,
        "Selling General And Administration": NaN,
        "Selling And Marketing Expense": NaN,
        "General And Administrative Expense": NaN,
        "Other Gand A": NaN,
        "Salaries And Wages": NaN,
        "Gross Profit": NaN,
        "Cost Of Revenue": NaN,
        "Total Revenue": NaN,
        "Operating Revenue": NaN
    },
    "2022-09-30": {
        "Tax Effect Of Unusual Items": 0.0,
        "Tax Rate For Calcs": 0.4,
        "Normalized EBITDA": -8895000.0,
        "Net Income From Continuing Operation Net Minority Interest": -7484000.0,
        "Reconciled Depreciation": 326000.0,
        "Reconciled Cost Of Revenue": 25071000.0,
        "EBITDA": -8895000.0,
        "EBIT": -9221000.0,
        "Normalized Income": -7484000.0,
        "Net Income From Continuing And Discontinued Operation": -7484000.0,
        "Total Expenses": 53460000.0,
        "Total Operating Income As Reported": -9221000.0,
        "Diluted Average Shares": 45938507.0,
        "Basic Average Shares": 45938507.0,
        "Diluted EPS": -0.16,
        "Basic EPS": -0.16,
        "Diluted NI Availto Com Stockholders": -7484000.0,
        "Net Income Common Stockholders": -7484000.0,
        "Otherunder Preferred Stock Dividend": 0.0,
        "Net Income": -7484000.0,
        "Minority Interests": 1712000.0,
        "Net Income Including Noncontrolling Interests": -9196000.0,
        "Net Income Continuous Operations": -9196000.0,
        "Tax Provision": 1000.0,
        "Pretax Income": -9195000.0,
        "Other Income Expense": 26000.0,
        "Other Non Operating Income Expenses": 26000.0,
        "Operating Income": -9221000.0,
        "Operating Expense": 28389000.0,
        "Depreciation Amortization Depletion Income Statement": 326000.0,
        "Depreciation And Amortization In Income Statement": 326000.0,
        "Selling General And Administration": 28063000.0,
        "Selling And Marketing Expense": 12916000.0,
        "General And Administrative Expense": 15147000.0,
        "Other Gand A": 8310000.0,
        "Salaries And Wages": 6837000.0,
        "Gross Profit": 19168000.0,
        "Cost Of Revenue": 25071000.0,
        "Total Revenue": 44239000.0,
        "Operating Revenue": 44239000.0
    },
    "2022-06-30": {
        "Tax Effect Of Unusual Items": 0.0,
        "Tax Rate For Calcs": 0.4,
        "Normalized EBITDA": -14415000.0,
        "Net Income From Continuing Operation Net Minority Interest": -11090000.0,
        "Reconciled Depreciation": 328000.0,
        "Reconciled Cost Of Revenue": 28168000.0,
        "EBITDA": -14415000.0,
        "EBIT": -14743000.0,
        "Normalized Income": -11090000.0,
        "Net Income From Continuing And Discontinued Operation": -11090000.0,
        "Total Expenses": 60285000.0,
        "Total Operating Income As Reported": -14743000.0,
        "Diluted Average Shares": 42051987.0,
        "Basic Average Shares": 42051987.0,
        "Diluted EPS": -0.27,
        "Basic EPS": -0.27,
        "Diluted NI Availto Com Stockholders": -11090000.0,
        "Net Income Common Stockholders": -11090000.0,
        "Otherunder Preferred Stock Dividend": 0.0,
        "Net Income": -11090000.0,
        "Minority Interests": 3706000.0,
        "Net Income Including Noncontrolling Interests": -14796000.0,
        "Net Income Continuous Operations": -14796000.0,
        "Tax Provision": 9000.0,
        "Pretax Income": -14787000.0,
        "Other Income Expense": -44000.0,
        "Other Non Operating Income Expenses": -44000.0,
        "Operating Income": -14743000.0,
        "Operating Expense": 32117000.0,
        "Depreciation Amortization Depletion Income Statement": 328000.0,
        "Depreciation And Amortization In Income Statement": 328000.0,
        "Selling General And Administration": 31789000.0,
        "Selling And Marketing Expense": 13928000.0,
        "General And Administrative Expense": 17861000.0,
        "Other Gand A": 9818000.0,
        "Salaries And Wages": 8043000.0,
        "Gross Profit": 17374000.0,
        "Cost Of Revenue": 28168000.0,
        "Total Revenue": 45542000.0,
        "Operating Revenue": 45542000.0
    },
    "2022-03-31": {
        "Diluted EPS": -0.28,
        "Total Revenue": 38,
        "Gross Profit": 16,
        "Operating Income": -18,
        "EBIT": -17,
        "Net Income": -11
    },
    "2021-12-31": {
        "Diluted EPS": -0.58,
        "Total Revenue": 34,
        "Gross Profit": 16,
        "Operating Income": -37,
        "EBIT": -37,
        "Net Income": -20
    },
    "2021-09-30": {
        "Diluted EPS": -0.75,
        "Total Revenue": 39,
        "Gross Profit": 18,
        "Operating Income": -49,
        "EBIT": -49,
        "Net Income": -26
    },
    "2021-06-30": {
        "Diluted EPS": 0.0,
        "Total Revenue": 34,
        "Gross Profit": 16,
        "Operating Income": -1,
        "EBIT": 0,
        "Net Income": NaN
    },
    "2021-03-31": {
        "Diluted EPS": 0.0,
        "Total Revenue": 31,
        "Gross Profit": 14,
        "Operating Income": 0,
        "EBIT": 0,
        "Net Income": NaN
    },
    "2020-12-31": {
        "Diluted EPS": 0.0,
        "Total Revenue": NaN,
        "Gross Profit": NaN,
        "Operating Income": NaN,
        "EBIT": NaN,
        "Net Income": NaN
    },
    "2020-09-30": {
        "Diluted EPS": 0.0,
        "Total Revenue": 32,
        "Gross Profit": 15,
        "Operating Income": 3,
        "EBIT": 3,
        "Net Income": 2
    },
    "2020-06-30": {
        "Diluted EPS": 0.1,
        "Total Revenue": 28,
        "Gross Profit": 14,
        "Operating Income": 3,
        "EBIT": 3,
        "Net Income": 0
    },
    "2023-06-30": {
        "Tax Effect Of Unusual Items": NaN,
        "Tax Rate For Calcs": NaN,
        "Normalized EBITDA": NaN,
        "Total Unusual Items": 0.0,
        "Total Unusual Items Excluding Goodwill": 0.0,
        "Net Income From Continuing Operation Net Minority Interest": NaN,
        "Reconciled Depreciation": NaN,
        "Reconciled Cost Of Revenue": NaN,
        "EBITDA": NaN,
        "EBIT": NaN,
        "Normalized Income": NaN,
        "Net Income From Continuing And Discontinued Operation": NaN,
        "Total Expenses": NaN,
        "Total Operating Income As Reported": NaN,
        "Diluted Average Shares": NaN,
        "Basic Average Shares": NaN,
        "Diluted EPS": NaN,
        "Basic EPS": NaN,
        "Diluted NI Availto Com Stockholders": NaN,
        "Average Dilution Earnings": NaN,
        "Net Income Common Stockholders": NaN,
        "Otherunder Preferred Stock Dividend": NaN,
        "Net Income": NaN,
        "Minority Interests": NaN,
        "Net Income Including Noncontrolling Interests": NaN,
        "Net Income Continuous Operations": NaN,
        "Tax Provision": NaN,
        "Pretax Income": NaN,
        "Other Income Expense": NaN,
        "Other Non Operating Income Expenses": NaN,
        "Special Income Charges": 0.0,
        "Restructuring And Mergern Acquisition": 0.0,
        "Operating Income": NaN,
        "Operating Expense": NaN,
        "Depreciation Amortization Depletion Income Statement": NaN,
        "Depreciation And Amortization In Income Statement": NaN,
        "Selling General And Administration": NaN,
        "Selling And Marketing Expense": NaN,
        "General And Administrative Expense": NaN,
        "Other Gand A": NaN,
        "Salaries And Wages": NaN,
        "Gross Profit": NaN,
        "Cost Of Revenue": NaN,
        "Total Revenue": NaN,
        "Operating Revenue": NaN
    },
    "2023-09-30": {
        "Tax Effect Of Unusual Items": NaN,
        "Tax Rate For Calcs": NaN,
        "Normalized EBITDA": NaN,
        "Total Unusual Items": 0.0,
        "Total Unusual Items Excluding Goodwill": 0.0,
        "Net Income From Continuing Operation Net Minority Interest": NaN,
        "Reconciled Depreciation": NaN,
        "Reconciled Cost Of Revenue": NaN,
        "EBITDA": NaN,
        "EBIT": NaN,
        "Normalized Income": NaN,
        "Net Income From Continuing And Discontinued Operation": NaN,
        "Total Expenses": NaN,
        "Total Operating Income As Reported": NaN,
        "Diluted Average Shares": 50754470.0,
        "Basic Average Shares": 50754470.0,
        "Diluted EPS": -0.16,
        "Basic EPS": -0.16,
        "Diluted NI Availto Com Stockholders": NaN,
        "Average Dilution Earnings": NaN,
        "Net Income Common Stockholders": NaN,
        "Otherunder Preferred Stock Dividend": NaN,
        "Net Income": NaN,
        "Minority Interests": NaN,
        "Net Income Including Noncontrolling Interests": NaN,
        "Net Income Continuous Operations": NaN,
        "Tax Provision": NaN,
        "Pretax Income": NaN,
        "Other Income Expense": NaN,
        "Other Non Operating Income Expenses": NaN,
        "Special Income Charges": 0.0,
        "Restructuring And Mergern Acquisition": 0.0,
        "Operating Income": NaN,
        "Operating Expense": NaN,
        "Depreciation Amortization Depletion Income Statement": NaN,
        "Depreciation And Amortization In Income Statement": NaN,
        "Selling General And Administration": NaN,
        "Selling And Marketing Expense": NaN,
        "General And Administrative Expense": NaN,
        "Other Gand A": NaN,
        "Salaries And Wages": NaN,
        "Gross Profit": NaN,
        "Cost Of Revenue": NaN,
        "Total Revenue": NaN,
        "Operating Revenue": NaN
    },
    "2023-12-31": {
        "Tax Effect Of Unusual Items": 0.0,
        "Tax Rate For Calcs": 0.21,
        "Normalized EBITDA": -8514000.0,
        "Total Unusual Items": NaN,
        "Total Unusual Items Excluding Goodwill": NaN,
        "Net Income From Continuing Operation Net Minority Interest": -7255000.0,
        "Reconciled Depreciation": 381000.0,
        "Reconciled Cost Of Revenue": 22405000.0,
        "EBITDA": -8514000.0,
        "EBIT": -8895000.0,
        "Normalized Income": -7255000.0,
        "Net Income From Continuing And Discontinued Operation": -7255000.0,
        "Total Expenses": 46689000.0,
        "Total Operating Income As Reported": -8895000.0,
        "Diluted Average Shares": 52220804.0,
        "Basic Average Shares": 52220804.0,
        "Diluted EPS": -0.14,
        "Basic EPS": -0.14,
        "Diluted NI Availto Com Stockholders": -7058000.0,
        "Average Dilution Earnings": NaN,
        "Net Income Common Stockholders": -7058000.0,
        "Otherunder Preferred Stock Dividend": -197000.0,
        "Net Income": -7255000.0,
        "Minority Interests": 1896000.0,
        "Net Income Including Noncontrolling Interests": -9151000.0,
        "Net Income Continuous Operations": -9151000.0,
        "Tax Provision": 21000.0,
        "Pretax Income": -9130000.0,
        "Other Income Expense": -235000.0,
        "Other Non Operating Income Expenses": -235000.0,
        "Special Income Charges": NaN,
        "Restructuring And Mergern Acquisition": NaN,
        "Operating Income": -8895000.0,
        "Operating Expense": 24284000.0,
        "Depreciation Amortization Depletion Income Statement": 381000.0,
        "Depreciation And Amortization In Income Statement": 381000.0,
        "Selling General And Administration": 23903000.0,
        "Selling And Marketing Expense": 13845000.0,
        "General And Administrative Expense": 10058000.0,
        "Other Gand A": 8393000.0,
        "Salaries And Wages": 1665000.0,
        "Gross Profit": 15389000.0,
        "Cost Of Revenue": 22405000.0,
        "Total Revenue": 37794000.0,
        "Operating Revenue": 37794000.0
    },
    "2024-03-31": {
        "Tax Effect Of Unusual Items": 0.0,
        "Tax Rate For Calcs": 0.21,
        "Normalized EBITDA": -6955000.0,
        "Total Unusual Items": 0.0,
        "Total Unusual Items Excluding Goodwill": 0.0,
        "Net Income From Continuing Operation Net Minority Interest": -5824000.0,
        "Reconciled Depreciation": 328000.0,
        "Reconciled Cost Of Revenue": 21080000.0,
        "EBITDA": -6955000.0,
        "EBIT": -7283000.0,
        "Normalized Income": -5824000.0,
        "Net Income From Continuing And Discontinued Operation": -5824000.0,
        "Total Expenses": 46082000.0,
        "Total Operating Income As Reported": -7283000.0,
        "Diluted Average Shares": 55890168.0,
        "Basic Average Shares": 55890168.0,
        "Diluted EPS": -0.1,
        "Basic EPS": -0.1,
        "Diluted NI Availto Com Stockholders": -5754000.0,
        "Average Dilution Earnings": 0.0,
        "Net Income Common Stockholders": -5754000.0,
        "Otherunder Preferred Stock Dividend": -70000.0,
        "Net Income": -5824000.0,
        "Minority Interests": 1375000.0,
        "Net Income Including Noncontrolling Interests": -7199000.0,
        "Net Income Continuous Operations": -7199000.0,
        "Tax Provision": 13000.0,
        "Pretax Income": -7186000.0,
        "Other Income Expense": 97000.0,
        "Other Non Operating Income Expenses": 97000.0,
        "Special Income Charges": 0.0,
        "Restructuring And Mergern Acquisition": 0.0,
        "Operating Income": -7283000.0,
        "Operating Expense": 25002000.0,
        "Depreciation Amortization Depletion Income Statement": 328000.0,
        "Depreciation And Amortization In Income Statement": 328000.0,
        "Selling General And Administration": 24674000.0,
        "Selling And Marketing Expense": 15070000.0,
        "General And Administrative Expense": 9604000.0,
        "Other Gand A": 8115000.0,
        "Salaries And Wages": 1489000.0,
        "Gross Profit": 17719000.0,
        "Cost Of Revenue": 21080000.0,
        "Total Revenue": 38799000.0,
        "Operating Revenue": 38799000.0
    },
    "2024-06-30": {
        "Tax Effect Of Unusual Items": -181650.0,
        "Tax Rate For Calcs": 0.21,
        "Normalized EBITDA": -4936000.0,
        "Total Unusual Items": -865000.0,
        "Total Unusual Items Excluding Goodwill": -865000.0,
        "Net Income From Continuing Operation Net Minority Interest": -5891000.0,
        "Reconciled Depreciation": 403000.0,
        "Reconciled Cost Of Revenue": 23484000.0,
        "EBITDA": -5801000.0,
        "EBIT": -6204000.0,
        "Normalized Income": -5207650.0,
        "Net Income From Continuing And Discontinued Operation": -5891000.0,
        "Total Expenses": 46630000.0,
        "Total Operating Income As Reported": -7069000.0,
        "Diluted Average Shares": 58653413.0,
        "Basic Average Shares": 58653413.0,
        "Diluted EPS": -0.1,
        "Basic EPS": -0.1,
        "Diluted NI Availto Com Stockholders": -5876000.0,
        "Average Dilution Earnings": NaN,
        "Net Income Common Stockholders": -5876000.0,
        "Otherunder Preferred Stock Dividend": -15000.0,
        "Net Income": -5891000.0,
        "Minority Interests": 1070000.0,
        "Net Income Including Noncontrolling Interests": -6961000.0,
        "Net Income Continuous Operations": -6961000.0,
        "Tax Provision": 34000.0,
        "Pretax Income": -6927000.0,
        "Other Income Expense": -723000.0,
        "Other Non Operating Income Expenses": 142000.0,
        "Special Income Charges": -865000.0,
        "Restructuring And Mergern Acquisition": 865000.0,
        "Operating Income": -6204000.0,
        "Operating Expense": 23146000.0,
        "Depreciation Amortization Depletion Income Statement": 403000.0,
        "Depreciation And Amortization In Income Statement": 403000.0,
        "Selling General And Administration": 22743000.0,
        "Selling And Marketing Expense": 13622000.0,
        "General And Administrative Expense": 9121000.0,
        "Other Gand A": 7694000.0,
        "Salaries And Wages": 1427000.0,
        "Gross Profit": 16942000.0,
        "Cost Of Revenue": 23484000.0,
        "Total Revenue": 40426000.0,
        "Operating Revenue": 40426000.0
    },
    "2024-09-30": {
        "Tax Effect Of Unusual Items": -157.413914,
        "Tax Rate For Calcs": 0.001405,
        "Normalized EBITDA": -2430000.0,
        "Total Unusual Items": -112000.0,
        "Total Unusual Items Excluding Goodwill": -112000.0,
        "Net Income From Continuing Operation Net Minority Interest": -2527000.0,
        "Reconciled Depreciation": 310000.0,
        "Reconciled Cost Of Revenue": 18516000.0,
        "EBITDA": -2542000.0,
        "EBIT": -2852000.0,
        "Normalized Income": -2415157.413914,
        "Net Income From Continuing And Discontinued Operation": -2527000.0,
        "Total Expenses": 39218000.0,
        "Total Operating Income As Reported": -2964000.0,
        "Diluted Average Shares": 59490258.0,
        "Basic Average Shares": 59490258.0,
        "Diluted EPS": -0.04,
        "Basic EPS": -0.04,
        "Diluted NI Availto Com Stockholders": -2534000.0,
        "Average Dilution Earnings": NaN,
        "Net Income Common Stockholders": -2534000.0,
        "Otherunder Preferred Stock Dividend": 7000.0,
        "Net Income": -2527000.0,
        "Minority Interests": 315000.0,
        "Net Income Including Noncontrolling Interests": -2842000.0,
        "Net Income Continuous Operations": -2842000.0,
        "Tax Provision": -4000.0,
        "Pretax Income": -2846000.0,
        "Other Income Expense": 6000.0,
        "Other Non Operating Income Expenses": 118000.0,
        "Special Income Charges": -112000.0,
        "Restructuring And Mergern Acquisition": 112000.0,
        "Operating Income": -2852000.0,
        "Operating Expense": 20702000.0,
        "Depreciation Amortization Depletion Income Statement": 310000.0,
        "Depreciation And Amortization In Income Statement": 310000.0,
        "Selling General And Administration": 20392000.0,
        "Selling And Marketing Expense": 11981000.0,
        "General And Administrative Expense": 8411000.0,
        "Other Gand A": 7377000.0,
        "Salaries And Wages": 1034000.0,
        "Gross Profit": 17850000.0,
        "Cost Of Revenue": 18516000.0,
        "Total Revenue": 36366000.0,
        "Operating Revenue": 36366000.0
    },
    "2024-12-31": {
        "Tax Effect Of Unusual Items": -243600.0,
        "Tax Rate For Calcs": 0.21,
        "Normalized EBITDA": -3730000.0,
        "Total Unusual Items": -1160000.0,
        "Total Unusual Items Excluding Goodwill": -1160000.0,
        "Net Income From Continuing Operation Net Minority Interest": -5763000.0,
        "Reconciled Depreciation": 288000.0,
        "Reconciled Cost Of Revenue": 20040000.0,
        "EBITDA": -4890000.0,
        "EBIT": -5178000.0,
        "Normalized Income": -4846600.0,
        "Net Income From Continuing And Discontinued Operation": -5763000.0,
        "Total Expenses": 44636000.0,
        "Total Operating Income As Reported": -6338000.0,
        "Diluted Average Shares": 60612525.0,
        "Basic Average Shares": 60612525.0,
        "Diluted EPS": -0.09,
        "Basic EPS": -0.09,
        "Diluted NI Availto Com Stockholders": -5699000.0,
        "Average Dilution Earnings": NaN,
        "Net Income Common Stockholders": -5699000.0,
        "Otherunder Preferred Stock Dividend": -64000.0,
        "Net Income": -5763000.0,
        "Minority Interests": 1018000.0,
        "Net Income Including Noncontrolling Interests": -6781000.0,
        "Net Income Continuous Operations": -6781000.0,
        "Tax Provision": 23000.0,
        "Pretax Income": -6758000.0,
        "Other Income Expense": -1580000.0,
        "Other Non Operating Income Expenses": -420000.0,
        "Special Income Charges": -1160000.0,
        "Restructuring And Mergern Acquisition": 1160000.0,
        "Operating Income": -5178000.0,
        "Operating Expense": 24596000.0,
        "Depreciation Amortization Depletion Income Statement": 288000.0,
        "Depreciation And Amortization In Income Statement": 288000.0,
        "Selling General And Administration": 24308000.0,
        "Selling And Marketing Expense": 16459000.0,
        "General And Administrative Expense": 7849000.0,
        "Other Gand A": 6838000.0,
        "Salaries And Wages": 1011000.0,
        "Gross Profit": 19418000.0,
        "Cost Of Revenue": 20040000.0,
        "Total Revenue": 39458000.0,
        "Operating Revenue": 39458000.0
    },
    "2025-03-31": {
        "Tax Effect Of Unusual Items": -448980.0,
        "Tax Rate For Calcs": 0.21,
        "Normalized EBITDA": -1859000.0,
        "Total Unusual Items": -2138000.0,
        "Total Unusual Items Excluding Goodwill": -2138000.0,
        "Net Income From Continuing Operation Net Minority Interest": -5226000.0,
        "Reconciled Depreciation": 252000.0,
        "Reconciled Cost Of Revenue": 18988000.0,
        "EBITDA": -3997000.0,
        "EBIT": -4249000.0,
        "Normalized Income": -3536980.0,
        "Net Income From Continuing And Discontinued Operation": -5226000.0,
        "Total Expenses": 42272000.0,
        "Total Operating Income As Reported": -6387000.0,
        "Diluted Average Shares": 76496102.0,
        "Basic Average Shares": 62950895.0,
        "Diluted EPS": -0.08,
        "Basic EPS": -0.08,
        "Diluted NI Availto Com Stockholders": -6371000.0,
        "Average Dilution Earnings": -1235000.0,
        "Net Income Common Stockholders": -5136000.0,
        "Otherunder Preferred Stock Dividend": -90000.0,
        "Net Income": -5226000.0,
        "Minority Interests": 1145000.0,
        "Net Income Including Noncontrolling Interests": -6371000.0,
        "Net Income Continuous Operations": -6371000.0,
        "Tax Provision": 41000.0,
        "Pretax Income": -6330000.0,
        "Other Income Expense": -2081000.0,
        "Other Non Operating Income Expenses": 57000.0,
        "Special Income Charges": -2138000.0,
        "Restructuring And Mergern Acquisition": 2138000.0,
        "Operating Income": -4249000.0,
        "Operating Expense": 23284000.0,
        "Depreciation Amortization Depletion Income Statement": 252000.0,
        "Depreciation And Amortization In Income Statement": 252000.0,
        "Selling General And Administration": 23032000.0,
        "Selling And Marketing Expense": 15323000.0,
        "General And Administrative Expense": 7709000.0,
        "Other Gand A": 6978000.0,
        "Salaries And Wages": 731000.0,
        "Gross Profit": 19035000.0,
        "Cost Of Revenue": 18988000.0,
        "Total Revenue": 38023000.0,
        "Operating Revenue": 38023000.0
    }
}